{
    "summary": {
        "stock_name": "貿聯-KY",
        "stock_id": "3665",
        "category": "其他電子",
        "main_business": "電腦週邊零組件之研發、生產及銷售<br>汽車、醫療、通訊及太陽能設備相關接線組之研發、生產及銷售<br>連接器、線材、光電子元件等產品之研發、生產及銷售",
        "website_url": "http://www.bizlinktech.com",
        "ceo": "鄧劍華",
        "pe_ratio": 15,
        "report_year_from": 2010,
        "report_year_to": 2023,
        "age": 14,
        "eps_negative_percentage": 0,
        "eps_growth_avg": {
            "last_all": 19.94,
            "last_2y": 6.04,
            "last_4y": 7.77,
            "last_8y": 9.97,
            "last_12y": null,
            "last_16y": null,
            "last_20y": null,
            "at_2006_last_3y": null,
            "at_2007_last_3y": null,
            "at_2008_last_3y": null,
            "at_2009_last_3y": null,
            "at_2010_last_3y": null,
            "at_2011_last_3y": null,
            "at_2012_last_3y": null,
            "at_2013_last_3y": null,
            "at_2014_last_3y": null,
            "at_2015_last_3y": 40.98,
            "at_2016_last_3y": 22.44,
            "at_2017_last_3y": 9.98,
            "at_2018_last_3y": 12.73,
            "at_2019_last_3y": 16.3,
            "at_2020_last_3y": 11.79,
            "at_2021_last_3y": 10.19,
            "at_2022_last_3y": 23.4,
            "at_2023_last_3y": 2.53,
            "at_2024_last_3y": 2.53,
            "at_2006_last_all": null,
            "at_2007_last_all": null,
            "at_2008_last_all": null,
            "at_2009_last_all": null,
            "at_2010_last_all": null,
            "at_2011_last_all": null,
            "at_2012_last_all": null,
            "at_2013_last_all": 74.32,
            "at_2014_last_all": 49.82,
            "at_2015_last_all": 40.98,
            "at_2016_last_all": 34.79,
            "at_2017_last_all": 31.43,
            "at_2018_last_all": 28.63,
            "at_2019_last_all": 28.64,
            "at_2020_last_all": 24.57,
            "at_2021_last_all": 22.93,
            "at_2022_last_all": 26.72,
            "at_2023_last_all": 19.94,
            "at_2024_last_all": 19.94
        },
        "latest_eps": 16.73,
        "latest_price": 243,
        "latest_roe": 12.06,
        "latest_gross_margin": 26.69,
        "latest_equity": 24187674,
        "latest_revenue": 13150145,
        "latest_gross_profit": 3509563,
        "latest_net_income": 739022,
        "latest_debt_ratio": 57.25,
        "latest_current_ratio": 219.4,
        "latest_account_receivable_turnover_ratio": 1.34,
        "latest_inventory_turnover_ratio": 0.85,
        "latest_reinvestment_rate": 93.2,
        "latest_research_to_sale_ratio": 2.83
    },
    "eps_dividends": {
        "2001": {
            "cash": 0,
            "stock": 0,
            "eps": 0
        },
        "2002": {
            "cash": 0,
            "stock": 0,
            "eps": 0
        },
        "2003": {
            "cash": 0,
            "stock": 0,
            "eps": 0
        },
        "2004": {
            "cash": 0,
            "stock": 0,
            "eps": 0
        },
        "2005": {
            "cash": 0,
            "stock": 0,
            "eps": 0
        },
        "2006": {
            "cash": 0,
            "stock": 0,
            "eps": 0
        },
        "2007": {
            "cash": 0,
            "stock": 0,
            "eps": 0
        },
        "2008": {
            "cash": 0,
            "stock": 0,
            "eps": 0
        },
        "2009": {
            "cash": 0,
            "stock": 0,
            "eps": 0
        },
        "2010": {
            "cash": 0,
            "stock": 0,
            "eps": 0
        },
        "2011": {
            "cash": 5.5,
            "stock": 0.2,
            "eps": 2.4
        },
        "2012": {
            "cash": 0,
            "stock": 0,
            "eps": 4.42
        },
        "2013": {
            "cash": 3.5,
            "stock": 0,
            "eps": 7.27
        },
        "2014": {
            "cash": 5,
            "stock": 0.5,
            "eps": 7.33
        },
        "2015": {
            "cash": 5,
            "stock": 0.5,
            "eps": 8.39
        },
        "2016": {
            "cash": 5.5,
            "stock": 0.5,
            "eps": 9.23
        },
        "2017": {
            "cash": 7,
            "stock": 0,
            "eps": 10.58
        },
        "2018": {
            "cash": 7,
            "stock": 0,
            "eps": 11.83
        },
        "2019": {
            "cash": 7.5,
            "stock": 0,
            "eps": 15.23
        },
        "2020": {
            "cash": 9,
            "stock": 0,
            "eps": 14.01
        },
        "2021": {
            "cash": 8.02,
            "stock": 0,
            "eps": 15.16
        },
        "2022": {
            "cash": 9.13,
            "stock": 0,
            "eps": 24.96
        },
        "2023": {
            "cash": 10,
            "stock": 0.1,
            "eps": 11.3
        },
        "2024": {
            "cash": 9,
            "stock": 0,
            "eps": 0
        }
    },
    "dividends": {
        "2011-01-01": {
            "cash": 2,
            "stock": 0.2
        },
        "2011-03-18": {
            "cash": 3.5,
            "stock": 0
        },
        "2013-03-15": {
            "cash": 3.5,
            "stock": 0
        },
        "2014-06-11": {
            "cash": 5,
            "stock": 0.5
        },
        "2015-08-31": {
            "cash": 5,
            "stock": 0.5
        },
        "2016-09-08": {
            "cash": 5.5,
            "stock": 0.5
        },
        "2017-09-01": {
            "cash": 7,
            "stock": 0
        },
        "2018-08-31": {
            "cash": 7,
            "stock": 0
        },
        "2019-09-02": {
            "cash": 7.5,
            "stock": 0
        },
        "2020-08-14": {
            "cash": 9,
            "stock": 0
        },
        "2021-08-12": {
            "cash": 8.02,
            "stock": 0
        },
        "2022-08-18": {
            "cash": 9.13,
            "stock": 0
        },
        "2023-08-18": {
            "cash": 10,
            "stock": 0.1
        },
        "2024-03-08": {
            "cash": 9,
            "stock": 0
        }
    },
    "prices": {
        "200101": "無",
        "200102": "無",
        "200103": "無",
        "200104": "無",
        "200105": "無",
        "200106": "無",
        "200107": "無",
        "200108": "無",
        "200109": "無",
        "200110": "無",
        "200111": "無",
        "200112": "無",
        "200201": "無",
        "200202": "無",
        "200203": "無",
        "200204": "無",
        "200205": "無",
        "200206": "無",
        "200207": "無",
        "200208": "無",
        "200209": "無",
        "200210": "無",
        "200211": "無",
        "200212": "無",
        "200301": "無",
        "200302": "無",
        "200303": "無",
        "200304": "無",
        "200305": "無",
        "200306": "無",
        "200307": "無",
        "200308": "無",
        "200309": "無",
        "200310": "無",
        "200311": "無",
        "200312": "無",
        "200401": "無",
        "200402": "無",
        "200403": "無",
        "200404": "無",
        "200405": "無",
        "200406": "無",
        "200407": "無",
        "200408": "無",
        "200409": "無",
        "200410": "無",
        "200411": "無",
        "200412": "無",
        "200501": "無",
        "200502": "無",
        "200503": "無",
        "200504": "無",
        "200505": "無",
        "200506": "無",
        "200507": "無",
        "200508": "無",
        "200509": "無",
        "200510": "無",
        "200511": "無",
        "200512": "無",
        "200601": "無",
        "200602": "無",
        "200603": "無",
        "200604": "無",
        "200605": "無",
        "200606": "無",
        "200607": "無",
        "200608": "無",
        "200609": "無",
        "200610": "無",
        "200611": "無",
        "200612": "無",
        "200701": "無",
        "200702": "無",
        "200703": "無",
        "200704": "無",
        "200705": "無",
        "200706": "無",
        "200707": "無",
        "200708": "無",
        "200709": "無",
        "200710": "無",
        "200711": "無",
        "200712": "無",
        "200801": "無",
        "200802": "無",
        "200803": "無",
        "200804": "無",
        "200805": "無",
        "200806": "無",
        "200807": "無",
        "200808": "無",
        "200809": "無",
        "200810": "無",
        "200811": "無",
        "200812": "無",
        "200901": "無",
        "200902": "無",
        "200903": "無",
        "200904": "無",
        "200905": "無",
        "200906": "無",
        "200907": "無",
        "200908": "無",
        "200909": "無",
        "200910": "無",
        "200911": "無",
        "200912": "無",
        "201001": "無",
        "201002": "無",
        "201003": "無",
        "201004": "無",
        "201005": "無",
        "201006": "無",
        "201007": "無",
        "201008": "無",
        "201009": "無",
        "201010": "無",
        "201011": "無",
        "201012": "無",
        "201101": "無",
        "201102": "無",
        "201103": "無",
        "201104": "61.57",
        "201105": "53.76",
        "201106": "52.17",
        "201107": "38.47",
        "201108": "29.14",
        "201109": "27.01",
        "201110": "26.82",
        "201111": "26.56",
        "201112": "24.06",
        "201201": "23.31",
        "201202": "29.10",
        "201203": "33.08",
        "201204": "29.51",
        "201205": "29.15",
        "201206": "28.56",
        "201207": "27.33",
        "201208": "29.10",
        "201209": "34.27",
        "201210": "31.64",
        "201211": "31.37",
        "201212": "32.91",
        "201301": "35.74",
        "201302": "38.97",
        "201303": "41.90",
        "201304": "43.72",
        "201305": "48.53",
        "201306": "56.66",
        "201307": "81.02",
        "201308": "135.14",
        "201309": "129.28",
        "201310": "128.95",
        "201311": "115.76",
        "201312": "120.55",
        "201401": "119.22",
        "201402": "151.79",
        "201403": "170.52",
        "201404": "155.79",
        "201405": "152.50",
        "201406": "143.68",
        "201407": "134.57",
        "201408": "129.00",
        "201409": "139.71",
        "201410": "114.63",
        "201411": "106.66",
        "201412": "110.60",
        "201501": "106.70",
        "201502": "108.85",
        "201503": "121.36",
        "201504": "132.80",
        "201505": "137.62",
        "201506": "155.45",
        "201507": "166.57",
        "201508": "131.21",
        "201509": "141.18",
        "201510": "152.19",
        "201511": "141.64",
        "201512": "141.57",
        "201601": "148.38",
        "201602": "162.23",
        "201603": "160.93",
        "201604": "198.76",
        "201605": "181.76",
        "201606": "184.29",
        "201607": "189.95",
        "201608": "187.57",
        "201609": "175.24",
        "201610": "160.82",
        "201611": "147.86",
        "201612": "163.17",
        "201701": "169.09",
        "201702": "177.42",
        "201703": "177.46",
        "201704": "182.08",
        "201705": "209.52",
        "201706": "221.26",
        "201707": "212.83",
        "201708": "230.59",
        "201709": "278.86",
        "201710": "300.68",
        "201711": "273.50",
        "201712": "272.64",
        "201801": "270.82",
        "201802": "256.15",
        "201803": "271.24",
        "201804": "236.86",
        "201805": "210.98",
        "201806": "227.42",
        "201807": "202.91",
        "201808": "180.41",
        "201809": "153.00",
        "201810": "150.82",
        "201811": "182.55",
        "201812": "203.50",
        "201901": "198.45",
        "201902": "195.12",
        "201903": "207.42",
        "201904": "206.85",
        "201905": "202.91",
        "201906": "206.79",
        "201907": "236.35",
        "201908": "217.12",
        "201909": "219.08",
        "201910": "209.40",
        "201911": "218.02",
        "201912": "217.14",
        "202001": "231.40",
        "202002": "211.74",
        "202003": "164.82",
        "202004": "176.18",
        "202005": "187.98",
        "202006": "209.52",
        "202007": "208.17",
        "202008": "221.48",
        "202009": "240.32",
        "202010": "219.97",
        "202011": "237.67",
        "202012": "243.11",
        "202101": "281.12",
        "202102": "301.92",
        "202103": "273.82",
        "202104": "271.05",
        "202105": "236.62",
        "202106": "247.40",
        "202107": "253.27",
        "202108": "232.84",
        "202109": "237.65",
        "202110": "256.55",
        "202111": "260.55",
        "202112": "250.89",
        "202201": "262.83",
        "202202": "295.83",
        "202203": "304.74",
        "202204": "300.82",
        "202205": "313.64",
        "202206": "305.29",
        "202207": "313.74",
        "202208": "310.98",
        "202209": "307.17",
        "202210": "266.52",
        "202211": "253.84",
        "202212": "253.86",
        "202301": "247.27",
        "202302": "273.39",
        "202303": "275.37",
        "202304": "268.56",
        "202305": "262.34",
        "202306": "290.82",
        "202307": "313.50",
        "202308": "271.23",
        "202309": "260.95",
        "202310": "261.42",
        "202311": "260.75",
        "202312": "266.79"
    },
    "quarters": {
        "20011": {
            "year_quarter": 20011,
            "year": 2001,
            "quarter": 1,
            "eps": null,
            "eps_growth_year": null,
            "eps_4q": null,
            "eps_4q_growth_year": null,
            "roe": null,
            "roe_4q": 0,
            "gross_profit": null,
            "gross_margin": null,
            "gross_margin_4q_avg": 0,
            "net_income": null,
            "net_income_4q": null,
            "revenue": null,
            "revenue_4q": null,
            "common_shares": null,
            "book_valuer_per_share": null,
            "book_valuer_per_share_4q_avg": 0,
            "equity": null,
            "current_ratio": null,
            "debt_ratio": null,
            "inventory_turnover_ratio": null,
            "account_receivable_turnover_ratio": null,
            "reinvestment_rate": null,
            "research_to_sale_ratio": null,
            "price_fair": 0,
            "eps_avg_yearly": 0,
            "eps_latest_yearly": 0,
            "eps_growth_yearly": 0
        },
        "20012": {
            "year_quarter": 20012,
            "year": 2001,
            "quarter": 2,
            "eps": null,
            "eps_growth_year": null,
            "eps_4q": null,
            "eps_4q_growth_year": null,
            "roe": null,
            "roe_4q": 0,
            "gross_profit": null,
            "gross_margin": null,
            "gross_margin_4q_avg": 0,
            "net_income": null,
            "net_income_4q": null,
            "revenue": null,
            "revenue_4q": null,
            "common_shares": null,
            "book_valuer_per_share": null,
            "book_valuer_per_share_4q_avg": 0,
            "equity": null,
            "current_ratio": null,
            "debt_ratio": null,
            "inventory_turnover_ratio": null,
            "account_receivable_turnover_ratio": null,
            "reinvestment_rate": null,
            "research_to_sale_ratio": null,
            "price_fair": 0,
            "eps_avg_yearly": 0,
            "eps_latest_yearly": 0,
            "eps_growth_yearly": 0
        },
        "20013": {
            "year_quarter": 20013,
            "year": 2001,
            "quarter": 3,
            "eps": null,
            "eps_growth_year": null,
            "eps_4q": null,
            "eps_4q_growth_year": null,
            "roe": null,
            "roe_4q": 0,
            "gross_profit": null,
            "gross_margin": null,
            "gross_margin_4q_avg": 0,
            "net_income": null,
            "net_income_4q": null,
            "revenue": null,
            "revenue_4q": null,
            "common_shares": null,
            "book_valuer_per_share": null,
            "book_valuer_per_share_4q_avg": 0,
            "equity": null,
            "current_ratio": null,
            "debt_ratio": null,
            "inventory_turnover_ratio": null,
            "account_receivable_turnover_ratio": null,
            "reinvestment_rate": null,
            "research_to_sale_ratio": null,
            "price_fair": 0,
            "eps_avg_yearly": 0,
            "eps_latest_yearly": 0,
            "eps_growth_yearly": 0
        },
        "20014": {
            "year_quarter": 20014,
            "year": 2001,
            "quarter": 4,
            "eps": null,
            "eps_growth_year": null,
            "eps_4q": null,
            "eps_4q_growth_year": null,
            "roe": null,
            "roe_4q": 0,
            "gross_profit": null,
            "gross_margin": null,
            "gross_margin_4q_avg": 0,
            "net_income": null,
            "net_income_4q": null,
            "revenue": null,
            "revenue_4q": null,
            "common_shares": null,
            "book_valuer_per_share": null,
            "book_valuer_per_share_4q_avg": 0,
            "equity": null,
            "current_ratio": null,
            "debt_ratio": null,
            "inventory_turnover_ratio": null,
            "account_receivable_turnover_ratio": null,
            "reinvestment_rate": null,
            "research_to_sale_ratio": null,
            "price_fair": 0,
            "eps_avg_yearly": 0,
            "eps_latest_yearly": 0,
            "eps_growth_yearly": 0
        },
        "20021": {
            "year_quarter": 20021,
            "year": 2002,
            "quarter": 1,
            "eps": null,
            "eps_growth_year": null,
            "eps_4q": null,
            "eps_4q_growth_year": null,
            "roe": null,
            "roe_4q": 0,
            "gross_profit": null,
            "gross_margin": null,
            "gross_margin_4q_avg": 0,
            "net_income": null,
            "net_income_4q": null,
            "revenue": null,
            "revenue_4q": null,
            "common_shares": null,
            "book_valuer_per_share": null,
            "book_valuer_per_share_4q_avg": 0,
            "equity": null,
            "current_ratio": null,
            "debt_ratio": null,
            "inventory_turnover_ratio": null,
            "account_receivable_turnover_ratio": null,
            "reinvestment_rate": null,
            "research_to_sale_ratio": null,
            "price_fair": 0,
            "eps_avg_yearly": 0,
            "eps_latest_yearly": 0,
            "eps_growth_yearly": 0
        },
        "20022": {
            "year_quarter": 20022,
            "year": 2002,
            "quarter": 2,
            "eps": null,
            "eps_growth_year": null,
            "eps_4q": null,
            "eps_4q_growth_year": null,
            "roe": null,
            "roe_4q": 0,
            "gross_profit": null,
            "gross_margin": null,
            "gross_margin_4q_avg": 0,
            "net_income": null,
            "net_income_4q": null,
            "revenue": null,
            "revenue_4q": null,
            "common_shares": null,
            "book_valuer_per_share": null,
            "book_valuer_per_share_4q_avg": 0,
            "equity": null,
            "current_ratio": null,
            "debt_ratio": null,
            "inventory_turnover_ratio": null,
            "account_receivable_turnover_ratio": null,
            "reinvestment_rate": null,
            "research_to_sale_ratio": null,
            "price_fair": 0,
            "eps_avg_yearly": 0,
            "eps_latest_yearly": 0,
            "eps_growth_yearly": 0
        },
        "20023": {
            "year_quarter": 20023,
            "year": 2002,
            "quarter": 3,
            "eps": null,
            "eps_growth_year": null,
            "eps_4q": null,
            "eps_4q_growth_year": null,
            "roe": null,
            "roe_4q": 0,
            "gross_profit": null,
            "gross_margin": null,
            "gross_margin_4q_avg": 0,
            "net_income": null,
            "net_income_4q": null,
            "revenue": null,
            "revenue_4q": null,
            "common_shares": null,
            "book_valuer_per_share": null,
            "book_valuer_per_share_4q_avg": 0,
            "equity": null,
            "current_ratio": null,
            "debt_ratio": null,
            "inventory_turnover_ratio": null,
            "account_receivable_turnover_ratio": null,
            "reinvestment_rate": null,
            "research_to_sale_ratio": null,
            "price_fair": 0,
            "eps_avg_yearly": 0,
            "eps_latest_yearly": 0,
            "eps_growth_yearly": 0
        },
        "20024": {
            "year_quarter": 20024,
            "year": 2002,
            "quarter": 4,
            "eps": null,
            "eps_growth_year": null,
            "eps_4q": null,
            "eps_4q_growth_year": null,
            "roe": null,
            "roe_4q": 0,
            "gross_profit": null,
            "gross_margin": null,
            "gross_margin_4q_avg": 0,
            "net_income": null,
            "net_income_4q": null,
            "revenue": null,
            "revenue_4q": null,
            "common_shares": null,
            "book_valuer_per_share": null,
            "book_valuer_per_share_4q_avg": 0,
            "equity": null,
            "current_ratio": null,
            "debt_ratio": null,
            "inventory_turnover_ratio": null,
            "account_receivable_turnover_ratio": null,
            "reinvestment_rate": null,
            "research_to_sale_ratio": null,
            "price_fair": 0,
            "eps_avg_yearly": 0,
            "eps_latest_yearly": 0,
            "eps_growth_yearly": 0
        },
        "20031": {
            "year_quarter": 20031,
            "year": 2003,
            "quarter": 1,
            "eps": null,
            "eps_growth_year": null,
            "eps_4q": null,
            "eps_4q_growth_year": null,
            "roe": null,
            "roe_4q": 0,
            "gross_profit": null,
            "gross_margin": null,
            "gross_margin_4q_avg": 0,
            "net_income": null,
            "net_income_4q": null,
            "revenue": null,
            "revenue_4q": null,
            "common_shares": null,
            "book_valuer_per_share": null,
            "book_valuer_per_share_4q_avg": 0,
            "equity": null,
            "current_ratio": null,
            "debt_ratio": null,
            "inventory_turnover_ratio": null,
            "account_receivable_turnover_ratio": null,
            "reinvestment_rate": null,
            "research_to_sale_ratio": null,
            "price_fair": 0,
            "eps_avg_yearly": 0,
            "eps_latest_yearly": 0,
            "eps_growth_yearly": 0
        },
        "20032": {
            "year_quarter": 20032,
            "year": 2003,
            "quarter": 2,
            "eps": null,
            "eps_growth_year": null,
            "eps_4q": null,
            "eps_4q_growth_year": null,
            "roe": null,
            "roe_4q": 0,
            "gross_profit": null,
            "gross_margin": null,
            "gross_margin_4q_avg": 0,
            "net_income": null,
            "net_income_4q": null,
            "revenue": null,
            "revenue_4q": null,
            "common_shares": null,
            "book_valuer_per_share": null,
            "book_valuer_per_share_4q_avg": 0,
            "equity": null,
            "current_ratio": null,
            "debt_ratio": null,
            "inventory_turnover_ratio": null,
            "account_receivable_turnover_ratio": null,
            "reinvestment_rate": null,
            "research_to_sale_ratio": null,
            "price_fair": 0,
            "eps_avg_yearly": 0,
            "eps_latest_yearly": 0,
            "eps_growth_yearly": 0
        },
        "20033": {
            "year_quarter": 20033,
            "year": 2003,
            "quarter": 3,
            "eps": null,
            "eps_growth_year": null,
            "eps_4q": null,
            "eps_4q_growth_year": null,
            "roe": null,
            "roe_4q": 0,
            "gross_profit": null,
            "gross_margin": null,
            "gross_margin_4q_avg": 0,
            "net_income": null,
            "net_income_4q": null,
            "revenue": null,
            "revenue_4q": null,
            "common_shares": null,
            "book_valuer_per_share": null,
            "book_valuer_per_share_4q_avg": 0,
            "equity": null,
            "current_ratio": null,
            "debt_ratio": null,
            "inventory_turnover_ratio": null,
            "account_receivable_turnover_ratio": null,
            "reinvestment_rate": null,
            "research_to_sale_ratio": null,
            "price_fair": 0,
            "eps_avg_yearly": 0,
            "eps_latest_yearly": 0,
            "eps_growth_yearly": 0
        },
        "20034": {
            "year_quarter": 20034,
            "year": 2003,
            "quarter": 4,
            "eps": null,
            "eps_growth_year": null,
            "eps_4q": null,
            "eps_4q_growth_year": null,
            "roe": null,
            "roe_4q": 0,
            "gross_profit": null,
            "gross_margin": null,
            "gross_margin_4q_avg": 0,
            "net_income": null,
            "net_income_4q": null,
            "revenue": null,
            "revenue_4q": null,
            "common_shares": null,
            "book_valuer_per_share": null,
            "book_valuer_per_share_4q_avg": 0,
            "equity": null,
            "current_ratio": null,
            "debt_ratio": null,
            "inventory_turnover_ratio": null,
            "account_receivable_turnover_ratio": null,
            "reinvestment_rate": null,
            "research_to_sale_ratio": null,
            "price_fair": 0,
            "eps_avg_yearly": 0,
            "eps_latest_yearly": 0,
            "eps_growth_yearly": 0
        },
        "20041": {
            "year_quarter": 20041,
            "year": 2004,
            "quarter": 1,
            "eps": null,
            "eps_growth_year": null,
            "eps_4q": null,
            "eps_4q_growth_year": null,
            "roe": null,
            "roe_4q": 0,
            "gross_profit": null,
            "gross_margin": null,
            "gross_margin_4q_avg": 0,
            "net_income": null,
            "net_income_4q": null,
            "revenue": null,
            "revenue_4q": null,
            "common_shares": null,
            "book_valuer_per_share": null,
            "book_valuer_per_share_4q_avg": 0,
            "equity": null,
            "current_ratio": null,
            "debt_ratio": null,
            "inventory_turnover_ratio": null,
            "account_receivable_turnover_ratio": null,
            "reinvestment_rate": null,
            "research_to_sale_ratio": null,
            "price_fair": 0,
            "eps_avg_yearly": 0,
            "eps_latest_yearly": 0,
            "eps_growth_yearly": 0
        },
        "20042": {
            "year_quarter": 20042,
            "year": 2004,
            "quarter": 2,
            "eps": null,
            "eps_growth_year": null,
            "eps_4q": null,
            "eps_4q_growth_year": null,
            "roe": null,
            "roe_4q": 0,
            "gross_profit": null,
            "gross_margin": null,
            "gross_margin_4q_avg": 0,
            "net_income": null,
            "net_income_4q": null,
            "revenue": null,
            "revenue_4q": null,
            "common_shares": null,
            "book_valuer_per_share": null,
            "book_valuer_per_share_4q_avg": 0,
            "equity": null,
            "current_ratio": null,
            "debt_ratio": null,
            "inventory_turnover_ratio": null,
            "account_receivable_turnover_ratio": null,
            "reinvestment_rate": null,
            "research_to_sale_ratio": null,
            "price_fair": 0,
            "eps_avg_yearly": 0,
            "eps_latest_yearly": 0,
            "eps_growth_yearly": 0
        },
        "20043": {
            "year_quarter": 20043,
            "year": 2004,
            "quarter": 3,
            "eps": null,
            "eps_growth_year": null,
            "eps_4q": null,
            "eps_4q_growth_year": null,
            "roe": null,
            "roe_4q": 0,
            "gross_profit": null,
            "gross_margin": null,
            "gross_margin_4q_avg": 0,
            "net_income": null,
            "net_income_4q": null,
            "revenue": null,
            "revenue_4q": null,
            "common_shares": null,
            "book_valuer_per_share": null,
            "book_valuer_per_share_4q_avg": 0,
            "equity": null,
            "current_ratio": null,
            "debt_ratio": null,
            "inventory_turnover_ratio": null,
            "account_receivable_turnover_ratio": null,
            "reinvestment_rate": null,
            "research_to_sale_ratio": null,
            "price_fair": 0,
            "eps_avg_yearly": 0,
            "eps_latest_yearly": 0,
            "eps_growth_yearly": 0
        },
        "20044": {
            "year_quarter": 20044,
            "year": 2004,
            "quarter": 4,
            "eps": null,
            "eps_growth_year": null,
            "eps_4q": null,
            "eps_4q_growth_year": null,
            "roe": null,
            "roe_4q": 0,
            "gross_profit": null,
            "gross_margin": null,
            "gross_margin_4q_avg": 0,
            "net_income": null,
            "net_income_4q": null,
            "revenue": null,
            "revenue_4q": null,
            "common_shares": null,
            "book_valuer_per_share": null,
            "book_valuer_per_share_4q_avg": 0,
            "equity": null,
            "current_ratio": null,
            "debt_ratio": null,
            "inventory_turnover_ratio": null,
            "account_receivable_turnover_ratio": null,
            "reinvestment_rate": null,
            "research_to_sale_ratio": null,
            "price_fair": 0,
            "eps_avg_yearly": 0,
            "eps_latest_yearly": 0,
            "eps_growth_yearly": 0
        },
        "20051": {
            "year_quarter": 20051,
            "year": 2005,
            "quarter": 1,
            "eps": null,
            "eps_growth_year": null,
            "eps_4q": null,
            "eps_4q_growth_year": null,
            "roe": null,
            "roe_4q": 0,
            "gross_profit": null,
            "gross_margin": null,
            "gross_margin_4q_avg": 0,
            "net_income": null,
            "net_income_4q": null,
            "revenue": null,
            "revenue_4q": null,
            "common_shares": null,
            "book_valuer_per_share": null,
            "book_valuer_per_share_4q_avg": 0,
            "equity": null,
            "current_ratio": null,
            "debt_ratio": null,
            "inventory_turnover_ratio": null,
            "account_receivable_turnover_ratio": null,
            "reinvestment_rate": null,
            "research_to_sale_ratio": null,
            "price_fair": 0,
            "eps_avg_yearly": 0,
            "eps_latest_yearly": 0,
            "eps_growth_yearly": 0
        },
        "20052": {
            "year_quarter": 20052,
            "year": 2005,
            "quarter": 2,
            "eps": null,
            "eps_growth_year": null,
            "eps_4q": null,
            "eps_4q_growth_year": null,
            "roe": null,
            "roe_4q": 0,
            "gross_profit": null,
            "gross_margin": null,
            "gross_margin_4q_avg": 0,
            "net_income": null,
            "net_income_4q": null,
            "revenue": null,
            "revenue_4q": null,
            "common_shares": null,
            "book_valuer_per_share": null,
            "book_valuer_per_share_4q_avg": 0,
            "equity": null,
            "current_ratio": null,
            "debt_ratio": null,
            "inventory_turnover_ratio": null,
            "account_receivable_turnover_ratio": null,
            "reinvestment_rate": null,
            "research_to_sale_ratio": null,
            "price_fair": 0,
            "eps_avg_yearly": 0,
            "eps_latest_yearly": 0,
            "eps_growth_yearly": 0
        },
        "20053": {
            "year_quarter": 20053,
            "year": 2005,
            "quarter": 3,
            "eps": null,
            "eps_growth_year": null,
            "eps_4q": null,
            "eps_4q_growth_year": null,
            "roe": null,
            "roe_4q": 0,
            "gross_profit": null,
            "gross_margin": null,
            "gross_margin_4q_avg": 0,
            "net_income": null,
            "net_income_4q": null,
            "revenue": null,
            "revenue_4q": null,
            "common_shares": null,
            "book_valuer_per_share": null,
            "book_valuer_per_share_4q_avg": 0,
            "equity": null,
            "current_ratio": null,
            "debt_ratio": null,
            "inventory_turnover_ratio": null,
            "account_receivable_turnover_ratio": null,
            "reinvestment_rate": null,
            "research_to_sale_ratio": null,
            "price_fair": 0,
            "eps_avg_yearly": 0,
            "eps_latest_yearly": 0,
            "eps_growth_yearly": 0
        },
        "20054": {
            "year_quarter": 20054,
            "year": 2005,
            "quarter": 4,
            "eps": null,
            "eps_growth_year": null,
            "eps_4q": null,
            "eps_4q_growth_year": null,
            "roe": null,
            "roe_4q": 0,
            "gross_profit": null,
            "gross_margin": null,
            "gross_margin_4q_avg": 0,
            "net_income": null,
            "net_income_4q": null,
            "revenue": null,
            "revenue_4q": null,
            "common_shares": null,
            "book_valuer_per_share": null,
            "book_valuer_per_share_4q_avg": 0,
            "equity": null,
            "current_ratio": null,
            "debt_ratio": null,
            "inventory_turnover_ratio": null,
            "account_receivable_turnover_ratio": null,
            "reinvestment_rate": null,
            "research_to_sale_ratio": null,
            "price_fair": 0,
            "eps_avg_yearly": 0,
            "eps_latest_yearly": 0,
            "eps_growth_yearly": 0
        },
        "20061": {
            "year_quarter": 20061,
            "year": 2006,
            "quarter": 1,
            "eps": null,
            "eps_growth_year": null,
            "eps_4q": null,
            "eps_4q_growth_year": null,
            "roe": null,
            "roe_4q": 0,
            "gross_profit": null,
            "gross_margin": null,
            "gross_margin_4q_avg": 0,
            "net_income": null,
            "net_income_4q": null,
            "revenue": null,
            "revenue_4q": null,
            "common_shares": null,
            "book_valuer_per_share": null,
            "book_valuer_per_share_4q_avg": 0,
            "equity": null,
            "current_ratio": null,
            "debt_ratio": null,
            "inventory_turnover_ratio": null,
            "account_receivable_turnover_ratio": null,
            "reinvestment_rate": null,
            "research_to_sale_ratio": null,
            "price_fair": 0,
            "eps_avg_yearly": 0,
            "eps_latest_yearly": 0,
            "eps_growth_yearly": 0
        },
        "20062": {
            "year_quarter": 20062,
            "year": 2006,
            "quarter": 2,
            "eps": null,
            "eps_growth_year": null,
            "eps_4q": null,
            "eps_4q_growth_year": null,
            "roe": null,
            "roe_4q": 0,
            "gross_profit": null,
            "gross_margin": null,
            "gross_margin_4q_avg": 0,
            "net_income": null,
            "net_income_4q": null,
            "revenue": null,
            "revenue_4q": null,
            "common_shares": null,
            "book_valuer_per_share": null,
            "book_valuer_per_share_4q_avg": 0,
            "equity": null,
            "current_ratio": null,
            "debt_ratio": null,
            "inventory_turnover_ratio": null,
            "account_receivable_turnover_ratio": null,
            "reinvestment_rate": null,
            "research_to_sale_ratio": null,
            "price_fair": 0,
            "eps_avg_yearly": 0,
            "eps_latest_yearly": 0,
            "eps_growth_yearly": 0
        },
        "20063": {
            "year_quarter": 20063,
            "year": 2006,
            "quarter": 3,
            "eps": null,
            "eps_growth_year": null,
            "eps_4q": null,
            "eps_4q_growth_year": null,
            "roe": null,
            "roe_4q": 0,
            "gross_profit": null,
            "gross_margin": null,
            "gross_margin_4q_avg": 0,
            "net_income": null,
            "net_income_4q": null,
            "revenue": null,
            "revenue_4q": null,
            "common_shares": null,
            "book_valuer_per_share": null,
            "book_valuer_per_share_4q_avg": 0,
            "equity": null,
            "current_ratio": null,
            "debt_ratio": null,
            "inventory_turnover_ratio": null,
            "account_receivable_turnover_ratio": null,
            "reinvestment_rate": null,
            "research_to_sale_ratio": null,
            "price_fair": 0,
            "eps_avg_yearly": 0,
            "eps_latest_yearly": 0,
            "eps_growth_yearly": 0
        },
        "20064": {
            "year_quarter": 20064,
            "year": 2006,
            "quarter": 4,
            "eps": null,
            "eps_growth_year": null,
            "eps_4q": null,
            "eps_4q_growth_year": null,
            "roe": null,
            "roe_4q": 0,
            "gross_profit": null,
            "gross_margin": null,
            "gross_margin_4q_avg": 0,
            "net_income": null,
            "net_income_4q": null,
            "revenue": null,
            "revenue_4q": null,
            "common_shares": 471259,
            "book_valuer_per_share": 31.63,
            "book_valuer_per_share_4q_avg": 7.91,
            "equity": 1490669,
            "current_ratio": 222.15,
            "debt_ratio": 36.81,
            "inventory_turnover_ratio": null,
            "account_receivable_turnover_ratio": null,
            "reinvestment_rate": null,
            "research_to_sale_ratio": null,
            "price_fair": 0,
            "eps_avg_yearly": 0,
            "eps_latest_yearly": 0,
            "eps_growth_yearly": 0
        },
        "20071": {
            "year_quarter": 20071,
            "year": 2007,
            "quarter": 1,
            "eps": null,
            "eps_growth_year": null,
            "eps_4q": null,
            "eps_4q_growth_year": null,
            "roe": null,
            "roe_4q": 0,
            "gross_profit": null,
            "gross_margin": null,
            "gross_margin_4q_avg": 0,
            "net_income": null,
            "net_income_4q": null,
            "revenue": null,
            "revenue_4q": null,
            "common_shares": null,
            "book_valuer_per_share": null,
            "book_valuer_per_share_4q_avg": 7.91,
            "equity": null,
            "current_ratio": null,
            "debt_ratio": null,
            "inventory_turnover_ratio": null,
            "account_receivable_turnover_ratio": null,
            "reinvestment_rate": null,
            "research_to_sale_ratio": null,
            "price_fair": 0,
            "eps_avg_yearly": 0,
            "eps_latest_yearly": 0,
            "eps_growth_yearly": 0
        },
        "20072": {
            "year_quarter": 20072,
            "year": 2007,
            "quarter": 2,
            "eps": null,
            "eps_growth_year": null,
            "eps_4q": null,
            "eps_4q_growth_year": null,
            "roe": null,
            "roe_4q": 0,
            "gross_profit": null,
            "gross_margin": null,
            "gross_margin_4q_avg": 0,
            "net_income": null,
            "net_income_4q": null,
            "revenue": null,
            "revenue_4q": null,
            "common_shares": null,
            "book_valuer_per_share": null,
            "book_valuer_per_share_4q_avg": 7.91,
            "equity": null,
            "current_ratio": null,
            "debt_ratio": null,
            "inventory_turnover_ratio": null,
            "account_receivable_turnover_ratio": null,
            "reinvestment_rate": null,
            "research_to_sale_ratio": null,
            "price_fair": 0,
            "eps_avg_yearly": 0,
            "eps_latest_yearly": 0,
            "eps_growth_yearly": 0
        },
        "20073": {
            "year_quarter": 20073,
            "year": 2007,
            "quarter": 3,
            "eps": null,
            "eps_growth_year": null,
            "eps_4q": null,
            "eps_4q_growth_year": null,
            "roe": null,
            "roe_4q": 0,
            "gross_profit": null,
            "gross_margin": null,
            "gross_margin_4q_avg": 0,
            "net_income": null,
            "net_income_4q": null,
            "revenue": null,
            "revenue_4q": null,
            "common_shares": null,
            "book_valuer_per_share": null,
            "book_valuer_per_share_4q_avg": 7.91,
            "equity": null,
            "current_ratio": null,
            "debt_ratio": null,
            "inventory_turnover_ratio": null,
            "account_receivable_turnover_ratio": null,
            "reinvestment_rate": null,
            "research_to_sale_ratio": null,
            "price_fair": 0,
            "eps_avg_yearly": 0,
            "eps_latest_yearly": 0,
            "eps_growth_yearly": 0
        },
        "20074": {
            "year_quarter": 20074,
            "year": 2007,
            "quarter": 4,
            "eps": null,
            "eps_growth_year": null,
            "eps_4q": null,
            "eps_4q_growth_year": null,
            "roe": null,
            "roe_4q": 0,
            "gross_profit": null,
            "gross_margin": null,
            "gross_margin_4q_avg": 0,
            "net_income": null,
            "net_income_4q": null,
            "revenue": null,
            "revenue_4q": null,
            "common_shares": 454533,
            "book_valuer_per_share": 36.8,
            "book_valuer_per_share_4q_avg": 9.2,
            "equity": 1672881,
            "current_ratio": 219.37,
            "debt_ratio": 36.62,
            "inventory_turnover_ratio": null,
            "account_receivable_turnover_ratio": null,
            "reinvestment_rate": null,
            "research_to_sale_ratio": null,
            "price_fair": 0,
            "eps_avg_yearly": 0,
            "eps_latest_yearly": 0,
            "eps_growth_yearly": 0
        },
        "20081": {
            "year_quarter": 20081,
            "year": 2008,
            "quarter": 1,
            "eps": null,
            "eps_growth_year": null,
            "eps_4q": null,
            "eps_4q_growth_year": null,
            "roe": null,
            "roe_4q": 0,
            "gross_profit": null,
            "gross_margin": null,
            "gross_margin_4q_avg": 0,
            "net_income": null,
            "net_income_4q": null,
            "revenue": null,
            "revenue_4q": null,
            "common_shares": null,
            "book_valuer_per_share": null,
            "book_valuer_per_share_4q_avg": 9.2,
            "equity": null,
            "current_ratio": null,
            "debt_ratio": null,
            "inventory_turnover_ratio": null,
            "account_receivable_turnover_ratio": null,
            "reinvestment_rate": null,
            "research_to_sale_ratio": null,
            "price_fair": 0,
            "eps_avg_yearly": 0,
            "eps_latest_yearly": 0,
            "eps_growth_yearly": 0
        },
        "20082": {
            "year_quarter": 20082,
            "year": 2008,
            "quarter": 2,
            "eps": null,
            "eps_growth_year": null,
            "eps_4q": null,
            "eps_4q_growth_year": null,
            "roe": null,
            "roe_4q": 0,
            "gross_profit": null,
            "gross_margin": null,
            "gross_margin_4q_avg": 0,
            "net_income": null,
            "net_income_4q": null,
            "revenue": null,
            "revenue_4q": null,
            "common_shares": null,
            "book_valuer_per_share": null,
            "book_valuer_per_share_4q_avg": 9.2,
            "equity": null,
            "current_ratio": null,
            "debt_ratio": null,
            "inventory_turnover_ratio": null,
            "account_receivable_turnover_ratio": null,
            "reinvestment_rate": null,
            "research_to_sale_ratio": null,
            "price_fair": 0,
            "eps_avg_yearly": 0,
            "eps_latest_yearly": 0,
            "eps_growth_yearly": 0
        },
        "20083": {
            "year_quarter": 20083,
            "year": 2008,
            "quarter": 3,
            "eps": null,
            "eps_growth_year": null,
            "eps_4q": null,
            "eps_4q_growth_year": null,
            "roe": null,
            "roe_4q": 0,
            "gross_profit": null,
            "gross_margin": null,
            "gross_margin_4q_avg": 0,
            "net_income": null,
            "net_income_4q": null,
            "revenue": null,
            "revenue_4q": null,
            "common_shares": null,
            "book_valuer_per_share": null,
            "book_valuer_per_share_4q_avg": 9.2,
            "equity": null,
            "current_ratio": null,
            "debt_ratio": null,
            "inventory_turnover_ratio": null,
            "account_receivable_turnover_ratio": null,
            "reinvestment_rate": null,
            "research_to_sale_ratio": null,
            "price_fair": 0,
            "eps_avg_yearly": 0,
            "eps_latest_yearly": 0,
            "eps_growth_yearly": 0
        },
        "20084": {
            "year_quarter": 20084,
            "year": 2008,
            "quarter": 4,
            "eps": null,
            "eps_growth_year": null,
            "eps_4q": null,
            "eps_4q_growth_year": null,
            "roe": null,
            "roe_4q": 0,
            "gross_profit": null,
            "gross_margin": null,
            "gross_margin_4q_avg": 0,
            "net_income": null,
            "net_income_4q": null,
            "revenue": null,
            "revenue_4q": null,
            "common_shares": 459719,
            "book_valuer_per_share": 40.71,
            "book_valuer_per_share_4q_avg": 10.18,
            "equity": 1871311,
            "current_ratio": 246.11,
            "debt_ratio": 31.99,
            "inventory_turnover_ratio": null,
            "account_receivable_turnover_ratio": null,
            "reinvestment_rate": null,
            "research_to_sale_ratio": null,
            "price_fair": 0,
            "eps_avg_yearly": 0,
            "eps_latest_yearly": 0,
            "eps_growth_yearly": 0
        },
        "20091": {
            "year_quarter": 20091,
            "year": 2009,
            "quarter": 1,
            "eps": null,
            "eps_growth_year": null,
            "eps_4q": null,
            "eps_4q_growth_year": null,
            "roe": null,
            "roe_4q": 0,
            "gross_profit": null,
            "gross_margin": null,
            "gross_margin_4q_avg": 0,
            "net_income": null,
            "net_income_4q": null,
            "revenue": null,
            "revenue_4q": null,
            "common_shares": null,
            "book_valuer_per_share": null,
            "book_valuer_per_share_4q_avg": 10.18,
            "equity": null,
            "current_ratio": null,
            "debt_ratio": null,
            "inventory_turnover_ratio": null,
            "account_receivable_turnover_ratio": null,
            "reinvestment_rate": null,
            "research_to_sale_ratio": null,
            "price_fair": 0,
            "eps_avg_yearly": 0,
            "eps_latest_yearly": 0,
            "eps_growth_yearly": 0
        },
        "20092": {
            "year_quarter": 20092,
            "year": 2009,
            "quarter": 2,
            "eps": null,
            "eps_growth_year": null,
            "eps_4q": null,
            "eps_4q_growth_year": null,
            "roe": null,
            "roe_4q": 0,
            "gross_profit": null,
            "gross_margin": null,
            "gross_margin_4q_avg": 0,
            "net_income": null,
            "net_income_4q": null,
            "revenue": null,
            "revenue_4q": null,
            "common_shares": null,
            "book_valuer_per_share": null,
            "book_valuer_per_share_4q_avg": 10.18,
            "equity": null,
            "current_ratio": null,
            "debt_ratio": null,
            "inventory_turnover_ratio": null,
            "account_receivable_turnover_ratio": null,
            "reinvestment_rate": null,
            "research_to_sale_ratio": null,
            "price_fair": 0,
            "eps_avg_yearly": 0,
            "eps_latest_yearly": 0,
            "eps_growth_yearly": 0
        },
        "20093": {
            "year_quarter": 20093,
            "year": 2009,
            "quarter": 3,
            "eps": null,
            "eps_growth_year": null,
            "eps_4q": null,
            "eps_4q_growth_year": null,
            "roe": null,
            "roe_4q": 0,
            "gross_profit": null,
            "gross_margin": null,
            "gross_margin_4q_avg": 0,
            "net_income": null,
            "net_income_4q": null,
            "revenue": null,
            "revenue_4q": null,
            "common_shares": null,
            "book_valuer_per_share": null,
            "book_valuer_per_share_4q_avg": 10.18,
            "equity": null,
            "current_ratio": null,
            "debt_ratio": null,
            "inventory_turnover_ratio": null,
            "account_receivable_turnover_ratio": null,
            "reinvestment_rate": null,
            "research_to_sale_ratio": null,
            "price_fair": 0,
            "eps_avg_yearly": 0,
            "eps_latest_yearly": 0,
            "eps_growth_yearly": 0
        },
        "20094": {
            "year_quarter": 20094,
            "year": 2009,
            "quarter": 4,
            "eps": null,
            "eps_growth_year": null,
            "eps_4q": null,
            "eps_4q_growth_year": null,
            "roe": null,
            "roe_4q": 0,
            "gross_profit": null,
            "gross_margin": null,
            "gross_margin_4q_avg": 0,
            "net_income": null,
            "net_income_4q": null,
            "revenue": null,
            "revenue_4q": null,
            "common_shares": 496676,
            "book_valuer_per_share": 29.8,
            "book_valuer_per_share_4q_avg": 7.45,
            "equity": 1480252,
            "current_ratio": 152.86,
            "debt_ratio": 53.04,
            "inventory_turnover_ratio": null,
            "account_receivable_turnover_ratio": null,
            "reinvestment_rate": null,
            "research_to_sale_ratio": null,
            "price_fair": 0,
            "eps_avg_yearly": 0,
            "eps_latest_yearly": 0,
            "eps_growth_yearly": 0
        },
        "20101": {
            "year_quarter": 20101,
            "year": 2010,
            "quarter": 1,
            "eps": null,
            "eps_growth_year": null,
            "eps_4q": null,
            "eps_4q_growth_year": null,
            "roe": null,
            "roe_4q": 0,
            "gross_profit": 348580,
            "gross_margin": null,
            "gross_margin_4q_avg": 0,
            "net_income": 121263,
            "net_income_4q": null,
            "revenue": 1091744,
            "revenue_4q": null,
            "common_shares": 496676,
            "book_valuer_per_share": 31.91,
            "book_valuer_per_share_4q_avg": 15.43,
            "equity": 1584904,
            "current_ratio": 159.12,
            "debt_ratio": 52.11,
            "inventory_turnover_ratio": null,
            "account_receivable_turnover_ratio": null,
            "reinvestment_rate": null,
            "research_to_sale_ratio": null,
            "price_fair": 0,
            "eps_avg_yearly": 0,
            "eps_latest_yearly": 0,
            "eps_growth_yearly": 0
        },
        "20102": {
            "year_quarter": 20102,
            "year": 2010,
            "quarter": 2,
            "eps": null,
            "eps_growth_year": null,
            "eps_4q": null,
            "eps_4q_growth_year": null,
            "roe": null,
            "roe_4q": 0,
            "gross_profit": 432089,
            "gross_margin": null,
            "gross_margin_4q_avg": 0,
            "net_income": 145318,
            "net_income_4q": null,
            "revenue": 1533638,
            "revenue_4q": null,
            "common_shares": 496676,
            "book_valuer_per_share": 33.63,
            "book_valuer_per_share_4q_avg": 23.84,
            "equity": 1670445,
            "current_ratio": 151.51,
            "debt_ratio": 55.01,
            "inventory_turnover_ratio": null,
            "account_receivable_turnover_ratio": null,
            "reinvestment_rate": null,
            "research_to_sale_ratio": null,
            "price_fair": 0,
            "eps_avg_yearly": 0,
            "eps_latest_yearly": 0,
            "eps_growth_yearly": 0
        },
        "20103": {
            "year_quarter": 20103,
            "year": 2010,
            "quarter": 3,
            "eps": null,
            "eps_growth_year": null,
            "eps_4q": null,
            "eps_4q_growth_year": null,
            "roe": null,
            "roe_4q": 0,
            "gross_profit": 420354,
            "gross_margin": null,
            "gross_margin_4q_avg": 0,
            "net_income": 129146,
            "net_income_4q": null,
            "revenue": 1496460,
            "revenue_4q": null,
            "common_shares": 556277,
            "book_valuer_per_share": 34.31,
            "book_valuer_per_share_4q_avg": 32.41,
            "equity": 1908841,
            "current_ratio": 169.88,
            "debt_ratio": 50.16,
            "inventory_turnover_ratio": null,
            "account_receivable_turnover_ratio": null,
            "reinvestment_rate": null,
            "research_to_sale_ratio": null,
            "price_fair": 0,
            "eps_avg_yearly": 0,
            "eps_latest_yearly": 0,
            "eps_growth_yearly": 0
        },
        "20104": {
            "year_quarter": 20104,
            "year": 2010,
            "quarter": 4,
            "eps": null,
            "eps_growth_year": null,
            "eps_4q": null,
            "eps_4q_growth_year": null,
            "roe": null,
            "roe_4q": 0,
            "gross_profit": 220360,
            "gross_margin": null,
            "gross_margin_4q_avg": 0,
            "net_income": 9637,
            "net_income_4q": null,
            "revenue": 1022749,
            "revenue_4q": null,
            "common_shares": 576277,
            "book_valuer_per_share": 32.42,
            "book_valuer_per_share_4q_avg": 33.07,
            "equity": 1868120,
            "current_ratio": 195.86,
            "debt_ratio": 43.58,
            "inventory_turnover_ratio": null,
            "account_receivable_turnover_ratio": null,
            "reinvestment_rate": null,
            "research_to_sale_ratio": null,
            "price_fair": 0,
            "eps_avg_yearly": 0,
            "eps_latest_yearly": 0,
            "eps_growth_yearly": 0
        },
        "20111": {
            "year_quarter": 20111,
            "year": 2011,
            "quarter": 1,
            "eps": 0.69,
            "eps_growth_year": null,
            "eps_4q": 0.69,
            "eps_4q_growth_year": null,
            "roe": 2.07,
            "roe_4q": 2.07,
            "gross_profit": 296193,
            "gross_margin": 23.08,
            "gross_margin_4q_avg": 5.77,
            "net_income": 39672,
            "net_income_4q": null,
            "revenue": 1283238,
            "revenue_4q": null,
            "common_shares": 576277,
            "book_valuer_per_share": 34.16,
            "book_valuer_per_share_4q_avg": 33.63,
            "equity": 1968773,
            "current_ratio": 194.62,
            "debt_ratio": 43.92,
            "inventory_turnover_ratio": 1.04,
            "account_receivable_turnover_ratio": 1.23,
            "reinvestment_rate": null,
            "research_to_sale_ratio": 1.27,
            "price_fair": 0,
            "eps_avg_yearly": 0,
            "eps_latest_yearly": 0,
            "eps_growth_yearly": 0
        },
        "20112": {
            "year_quarter": 20112,
            "year": 2011,
            "quarter": 2,
            "eps": 0.12,
            "eps_growth_year": null,
            "eps_4q": 0.73,
            "eps_4q_growth_year": null,
            "roe": 0.39,
            "roe_4q": 2.46,
            "gross_profit": 269392,
            "gross_margin": 21.72,
            "gross_margin_4q_avg": 11.2,
            "net_income": 8104,
            "net_income_4q": null,
            "revenue": 1240019,
            "revenue_4q": null,
            "common_shares": 653117,
            "book_valuer_per_share": 33.27,
            "book_valuer_per_share_4q_avg": 33.54,
            "equity": 2172612,
            "current_ratio": 218.86,
            "debt_ratio": 39.3,
            "inventory_turnover_ratio": 0.99,
            "account_receivable_turnover_ratio": 1.18,
            "reinvestment_rate": null,
            "research_to_sale_ratio": 1.33,
            "price_fair": 1.44,
            "eps_avg_yearly": 0.48,
            "eps_latest_yearly": 0.48,
            "eps_growth_yearly": -330.43
        },
        "20113": {
            "year_quarter": 20113,
            "year": 2011,
            "quarter": 3,
            "eps": 0.51,
            "eps_growth_year": null,
            "eps_4q": 1.24,
            "eps_4q_growth_year": null,
            "roe": 1.47,
            "roe_4q": 3.9299999999999997,
            "gross_profit": 360788,
            "gross_margin": 22.47,
            "gross_margin_4q_avg": 16.82,
            "net_income": 33496,
            "net_income_4q": null,
            "revenue": 1605853,
            "revenue_4q": null,
            "common_shares": 653117,
            "book_valuer_per_share": 36.5,
            "book_valuer_per_share_4q_avg": 34.09,
            "equity": 2383860,
            "current_ratio": 191.71,
            "debt_ratio": 44.13,
            "inventory_turnover_ratio": 1.17,
            "account_receivable_turnover_ratio": 1.39,
            "reinvestment_rate": null,
            "research_to_sale_ratio": 1.1,
            "price_fair": 44.1,
            "eps_avg_yearly": 1.26,
            "eps_latest_yearly": 2.04,
            "eps_growth_yearly": 484.78
        },
        "20114": {
            "year_quarter": 20114,
            "year": 2011,
            "quarter": 4,
            "eps": 1.08,
            "eps_growth_year": null,
            "eps_4q": 2.32,
            "eps_4q_growth_year": null,
            "roe": 2.93,
            "roe_4q": 6.859999999999999,
            "gross_profit": 352252,
            "gross_margin": 24.02,
            "gross_margin_4q_avg": 22.82,
            "net_income": 70425,
            "net_income_4q": null,
            "revenue": 1466727,
            "revenue_4q": null,
            "common_shares": 653117,
            "book_valuer_per_share": 37.19,
            "book_valuer_per_share_4q_avg": 35.28,
            "equity": 2428730,
            "current_ratio": 211.74,
            "debt_ratio": 40.59,
            "inventory_turnover_ratio": 1,
            "account_receivable_turnover_ratio": 1.22,
            "reinvestment_rate": null,
            "research_to_sale_ratio": 2.06,
            "price_fair": 79.8,
            "eps_avg_yearly": 2.28,
            "eps_latest_yearly": 4.32,
            "eps_growth_yearly": 472.21
        },
        "20121": {
            "year_quarter": 20121,
            "year": 2012,
            "quarter": 1,
            "eps": 0.8,
            "eps_growth_year": 15.94,
            "eps_4q": 2.51,
            "eps_4q_growth_year": 265,
            "roe": 2.12,
            "roe_4q": 6.91,
            "gross_profit": 314449,
            "gross_margin": 23.56,
            "gross_margin_4q_avg": 22.94,
            "net_income": 52084,
            "net_income_4q": null,
            "revenue": 1334941,
            "revenue_4q": null,
            "common_shares": 653117,
            "book_valuer_per_share": 37.96,
            "book_valuer_per_share_4q_avg": 36.23,
            "equity": 2479105,
            "current_ratio": 223.33,
            "debt_ratio": 38.39,
            "inventory_turnover_ratio": 0.95,
            "account_receivable_turnover_ratio": 1.16,
            "reinvestment_rate": null,
            "research_to_sale_ratio": 1.4,
            "price_fair": 87.85,
            "eps_avg_yearly": 2.51,
            "eps_latest_yearly": 3.2,
            "eps_growth_yearly": 328.23
        },
        "20122": {
            "year_quarter": 20122,
            "year": 2012,
            "quarter": 2,
            "eps": 1.32,
            "eps_growth_year": 965.17,
            "eps_4q": 3.66,
            "eps_4q_growth_year": 400.81,
            "roe": 3.6,
            "roe_4q": 10.120000000000001,
            "gross_profit": 361562,
            "gross_margin": 24.45,
            "gross_margin_4q_avg": 23.63,
            "net_income": 88048,
            "net_income_4q": null,
            "revenue": 1478936,
            "revenue_4q": null,
            "common_shares": 653117,
            "book_valuer_per_share": 36.88,
            "book_valuer_per_share_4q_avg": 37.13,
            "equity": 2408569,
            "current_ratio": 221.14,
            "debt_ratio": 44.68,
            "inventory_turnover_ratio": 1.04,
            "account_receivable_turnover_ratio": 1.25,
            "reinvestment_rate": null,
            "research_to_sale_ratio": 1.84,
            "price_fair": 107.24,
            "eps_avg_yearly": 3.06,
            "eps_latest_yearly": 5.28,
            "eps_growth_yearly": 314.58
        },
        "20123": {
            "year_quarter": 20123,
            "year": 2012,
            "quarter": 3,
            "eps": 1.12,
            "eps_growth_year": 118.8,
            "eps_4q": 4.01,
            "eps_4q_growth_year": 221.85,
            "roe": 3.26,
            "roe_4q": 11.91,
            "gross_profit": 360285,
            "gross_margin": 25.45,
            "gross_margin_4q_avg": 24.37,
            "net_income": 81957,
            "net_income_4q": null,
            "revenue": 1415532,
            "revenue_4q": null,
            "common_shares": 730370,
            "book_valuer_per_share": 35.96,
            "book_valuer_per_share_4q_avg": 37,
            "equity": 2626306,
            "current_ratio": 235.97,
            "debt_ratio": 39.29,
            "inventory_turnover_ratio": 1,
            "account_receivable_turnover_ratio": 1.12,
            "reinvestment_rate": null,
            "research_to_sale_ratio": 1.76,
            "price_fair": 115.5,
            "eps_avg_yearly": 3.3,
            "eps_latest_yearly": 4.48,
            "eps_growth_yearly": 252.05
        },
        "20124": {
            "year_quarter": 20124,
            "year": 2012,
            "quarter": 4,
            "eps": 1.18,
            "eps_growth_year": 9.16,
            "eps_4q": 4.2,
            "eps_4q_growth_year": 80.96,
            "roe": 3.23,
            "roe_4q": 12.21,
            "gross_profit": 395107,
            "gross_margin": 26.96,
            "gross_margin_4q_avg": 25.11,
            "net_income": 86385,
            "net_income_4q": null,
            "revenue": 1465445,
            "revenue_4q": null,
            "common_shares": 733909,
            "book_valuer_per_share": 37.09,
            "book_valuer_per_share_4q_avg": 36.97,
            "equity": 2721712,
            "current_ratio": 250.16,
            "debt_ratio": 36.63,
            "inventory_turnover_ratio": 1.05,
            "account_receivable_turnover_ratio": 1.16,
            "reinvestment_rate": null,
            "research_to_sale_ratio": 2.33,
            "price_fair": 122.6,
            "eps_avg_yearly": 3.5,
            "eps_latest_yearly": 4.72,
            "eps_growth_yearly": 219.11
        },
        "20131": {
            "year_quarter": 20131,
            "year": 2013,
            "quarter": 1,
            "eps": 1.3,
            "eps_growth_year": 62.5,
            "eps_4q": 4.66,
            "eps_4q_growth_year": 85.33,
            "roe": 3.4,
            "roe_4q": 13.49,
            "gross_profit": 419285,
            "gross_margin": 27.57,
            "gross_margin_4q_avg": 26.11,
            "net_income": 96797,
            "net_income_4q": null,
            "revenue": 1520629,
            "revenue_4q": null,
            "common_shares": 758447,
            "book_valuer_per_share": 39.24,
            "book_valuer_per_share_4q_avg": 37.29,
            "equity": 2975960,
            "current_ratio": 253.13,
            "debt_ratio": 33.97,
            "inventory_turnover_ratio": 1.04,
            "account_receivable_turnover_ratio": 1.25,
            "reinvestment_rate": null,
            "research_to_sale_ratio": 2.22,
            "price_fair": 130.03,
            "eps_avg_yearly": 3.72,
            "eps_latest_yearly": 5.2,
            "eps_growth_yearly": 196.8
        },
        "20132": {
            "year_quarter": 20132,
            "year": 2013,
            "quarter": 2,
            "eps": 2.26,
            "eps_growth_year": 70.99,
            "eps_4q": 5.67,
            "eps_4q_growth_year": 54.69,
            "roe": 5.8,
            "roe_4q": 15.69,
            "gross_profit": 560855,
            "gross_margin": 30.34,
            "gross_margin_4q_avg": 27.58,
            "net_income": 173406,
            "net_income_4q": null,
            "revenue": 1848697,
            "revenue_4q": null,
            "common_shares": 773870,
            "book_valuer_per_share": 38.76,
            "book_valuer_per_share_4q_avg": 37.76,
            "equity": 2999682,
            "current_ratio": 212.63,
            "debt_ratio": 39.61,
            "inventory_turnover_ratio": 1.12,
            "account_receivable_turnover_ratio": 1.35,
            "reinvestment_rate": null,
            "research_to_sale_ratio": 1.98,
            "price_fair": 150.73,
            "eps_avg_yearly": 4.31,
            "eps_latest_yearly": 9.04,
            "eps_growth_yearly": 207.76
        },
        "20133": {
            "year_quarter": 20133,
            "year": 2013,
            "quarter": 3,
            "eps": 2.01,
            "eps_growth_year": 79.12,
            "eps_4q": 6.49,
            "eps_4q_growth_year": 61.98,
            "roe": 5.07,
            "roe_4q": 17.5,
            "gross_profit": 502929,
            "gross_margin": 27.57,
            "gross_margin_4q_avg": 28.11,
            "net_income": 157976,
            "net_income_4q": null,
            "revenue": 1824215,
            "revenue_4q": null,
            "common_shares": 793202,
            "book_valuer_per_share": 40.7,
            "book_valuer_per_share_4q_avg": 38.95,
            "equity": 3228148,
            "current_ratio": 239.29,
            "debt_ratio": 34.28,
            "inventory_turnover_ratio": 1.11,
            "account_receivable_turnover_ratio": 1.2,
            "reinvestment_rate": null,
            "research_to_sale_ratio": 2.46,
            "price_fair": 163.8,
            "eps_avg_yearly": 4.68,
            "eps_latest_yearly": 8.04,
            "eps_growth_yearly": 182.56
        },
        "20134": {
            "year_quarter": 20134,
            "year": 2013,
            "quarter": 4,
            "eps": 1.7,
            "eps_growth_year": 44.15,
            "eps_4q": 7.06,
            "eps_4q_growth_year": 68.03,
            "roe": 4.05,
            "roe_4q": 18.32,
            "gross_profit": 474850,
            "gross_margin": 24.75,
            "gross_margin_4q_avg": 27.56,
            "net_income": 135390,
            "net_income_4q": null,
            "revenue": 1918340,
            "revenue_4q": null,
            "common_shares": 797967,
            "book_valuer_per_share": 43.3,
            "book_valuer_per_share_4q_avg": 40.5,
            "equity": 3454803,
            "current_ratio": 249.17,
            "debt_ratio": 32.94,
            "inventory_turnover_ratio": 1.23,
            "account_receivable_turnover_ratio": 1.19,
            "reinvestment_rate": 17.62,
            "research_to_sale_ratio": 2.18,
            "price_fair": 170.55,
            "eps_avg_yearly": 4.87,
            "eps_latest_yearly": 6.8,
            "eps_growth_yearly": 160.35
        },
        "20141": {
            "year_quarter": 20141,
            "year": 2014,
            "quarter": 1,
            "eps": 1.26,
            "eps_growth_year": -3.08,
            "eps_4q": 7.11,
            "eps_4q_growth_year": 52.63,
            "roe": 2.85,
            "roe_4q": 17.77,
            "gross_profit": 475144,
            "gross_margin": 27.46,
            "gross_margin_4q_avg": 27.53,
            "net_income": 100644,
            "net_income_4q": null,
            "revenue": 1730172,
            "revenue_4q": null,
            "common_shares": 798347,
            "book_valuer_per_share": 45.17,
            "book_valuer_per_share_4q_avg": 41.98,
            "equity": 3605876,
            "current_ratio": 270.91,
            "debt_ratio": 30.45,
            "inventory_turnover_ratio": 1.07,
            "account_receivable_turnover_ratio": 1.08,
            "reinvestment_rate": 18.32,
            "research_to_sale_ratio": 2.76,
            "price_fair": 171.03,
            "eps_avg_yearly": 4.89,
            "eps_latest_yearly": 5.04,
            "eps_growth_yearly": 138.36
        },
        "20142": {
            "year_quarter": 20142,
            "year": 2014,
            "quarter": 2,
            "eps": 1.97,
            "eps_growth_year": -12.83,
            "eps_4q": 6.67,
            "eps_4q_growth_year": 17.67,
            "roe": 4.79,
            "roe_4q": 16.76,
            "gross_profit": 548546,
            "gross_margin": 29.1,
            "gross_margin_4q_avg": 27.22,
            "net_income": 165482,
            "net_income_4q": null,
            "revenue": 1885094,
            "revenue_4q": null,
            "common_shares": 799147,
            "book_valuer_per_share": 41.33,
            "book_valuer_per_share_4q_avg": 42.63,
            "equity": 3302893,
            "current_ratio": 197.88,
            "debt_ratio": 43.28,
            "inventory_turnover_ratio": 1.09,
            "account_receivable_turnover_ratio": 1.25,
            "reinvestment_rate": 35.98,
            "research_to_sale_ratio": 2.59,
            "price_fair": 179.09,
            "eps_avg_yearly": 5.12,
            "eps_latest_yearly": 7.88,
            "eps_growth_yearly": 145.06
        },
        "20143": {
            "year_quarter": 20143,
            "year": 2014,
            "quarter": 3,
            "eps": 2.16,
            "eps_growth_year": 7.46,
            "eps_4q": 6.76,
            "eps_4q_growth_year": 4.17,
            "roe": 5.15,
            "roe_4q": 16.84,
            "gross_profit": 570846,
            "gross_margin": 29.29,
            "gross_margin_4q_avg": 27.65,
            "net_income": 182475,
            "net_income_4q": null,
            "revenue": 1949011,
            "revenue_4q": null,
            "common_shares": 864200,
            "book_valuer_per_share": 43.84,
            "book_valuer_per_share_4q_avg": 43.41,
            "equity": 3788866,
            "current_ratio": 248.74,
            "debt_ratio": 38.31,
            "inventory_turnover_ratio": 1.05,
            "account_receivable_turnover_ratio": 1.24,
            "reinvestment_rate": 38.18,
            "research_to_sale_ratio": 2.52,
            "price_fair": 187.9,
            "eps_avg_yearly": 5.37,
            "eps_latest_yearly": 8.64,
            "eps_growth_yearly": 137.45
        },
        "20144": {
            "year_quarter": 20144,
            "year": 2014,
            "quarter": 4,
            "eps": 1.94,
            "eps_growth_year": 14.21,
            "eps_4q": 7.1,
            "eps_4q_growth_year": 0.56,
            "roe": 4.25,
            "roe_4q": 17.040000000000003,
            "gross_profit": 488958,
            "gross_margin": 25.5,
            "gross_margin_4q_avg": 27.84,
            "net_income": 168333,
            "net_income_4q": null,
            "revenue": 1917734,
            "revenue_4q": null,
            "common_shares": 868690,
            "book_valuer_per_share": 47.53,
            "book_valuer_per_share_4q_avg": 44.47,
            "equity": 4128860,
            "current_ratio": 256.59,
            "debt_ratio": 36.71,
            "inventory_turnover_ratio": 0.98,
            "account_receivable_turnover_ratio": 1.17,
            "reinvestment_rate": 42.37,
            "research_to_sale_ratio": 2.86,
            "price_fair": 193.48,
            "eps_avg_yearly": 5.53,
            "eps_latest_yearly": 7.76,
            "eps_growth_yearly": 125.57
        },
        "20151": {
            "year_quarter": 20151,
            "year": 2015,
            "quarter": 1,
            "eps": 1.96,
            "eps_growth_year": 55.56,
            "eps_4q": 7.9,
            "eps_4q_growth_year": 11.1,
            "roe": 4.11,
            "roe_4q": 18.3,
            "gross_profit": 533540,
            "gross_margin": 28.05,
            "gross_margin_4q_avg": 27.99,
            "net_income": 170772,
            "net_income_4q": null,
            "revenue": 1902215,
            "revenue_4q": null,
            "common_shares": 870100,
            "book_valuer_per_share": 48.13,
            "book_valuer_per_share_4q_avg": 45.21,
            "equity": 4188002,
            "current_ratio": 271.4,
            "debt_ratio": 34.9,
            "inventory_turnover_ratio": 0.87,
            "account_receivable_turnover_ratio": 1.16,
            "reinvestment_rate": 38.72,
            "research_to_sale_ratio": 2.64,
            "price_fair": 198.54,
            "eps_avg_yearly": 5.67,
            "eps_latest_yearly": 7.84,
            "eps_growth_yearly": 117.98
        },
        "20152": {
            "year_quarter": 20152,
            "year": 2015,
            "quarter": 2,
            "eps": 1.85,
            "eps_growth_year": -6.09,
            "eps_4q": 7.55,
            "eps_4q_growth_year": 13.25,
            "roe": 4.17,
            "roe_4q": 17.68,
            "gross_profit": 537854,
            "gross_margin": 26.34,
            "gross_margin_4q_avg": 27.3,
            "net_income": 168888,
            "net_income_4q": null,
            "revenue": 2042183,
            "revenue_4q": null,
            "common_shares": 870859,
            "book_valuer_per_share": 44.91,
            "book_valuer_per_share_4q_avg": 46.1,
            "equity": 3911399,
            "current_ratio": 218.05,
            "debt_ratio": 41.36,
            "inventory_turnover_ratio": 0.94,
            "account_receivable_turnover_ratio": 1.21,
            "reinvestment_rate": 35.6,
            "research_to_sale_ratio": 2.6,
            "price_fair": 213.68,
            "eps_avg_yearly": 6.11,
            "eps_latest_yearly": 7.4,
            "eps_growth_yearly": 137.23
        },
        "20153": {
            "year_quarter": 20153,
            "year": 2015,
            "quarter": 3,
            "eps": 2.27,
            "eps_growth_year": 5.09,
            "eps_4q": 7.8,
            "eps_4q_growth_year": 15.47,
            "roe": 5.1,
            "roe_4q": 17.63,
            "gross_profit": 561277,
            "gross_margin": 26.06,
            "gross_margin_4q_avg": 26.49,
            "net_income": 208180,
            "net_income_4q": null,
            "revenue": 2153883,
            "revenue_4q": null,
            "common_shares": 917825,
            "book_valuer_per_share": 46.41,
            "book_valuer_per_share_4q_avg": 46.75,
            "equity": 4259837,
            "current_ratio": 231.38,
            "debt_ratio": 38.47,
            "inventory_turnover_ratio": 0.96,
            "account_receivable_turnover_ratio": 1.22,
            "reinvestment_rate": 33.39,
            "research_to_sale_ratio": 3.25,
            "price_fair": 229.08,
            "eps_avg_yearly": 6.55,
            "eps_latest_yearly": 9.08,
            "eps_growth_yearly": 61.66
        },
        "20154": {
            "year_quarter": 20154,
            "year": 2015,
            "quarter": 4,
            "eps": 2.31,
            "eps_growth_year": 19.21,
            "eps_4q": 8.28,
            "eps_4q_growth_year": 16.54,
            "roe": 4.91,
            "roe_4q": 18.29,
            "gross_profit": 608817,
            "gross_margin": 26.26,
            "gross_margin_4q_avg": 26.68,
            "net_income": 212110,
            "net_income_4q": null,
            "revenue": 2318691,
            "revenue_4q": null,
            "common_shares": 918191,
            "book_valuer_per_share": 47.77,
            "book_valuer_per_share_4q_avg": 46.81,
            "equity": 4386029,
            "current_ratio": 232.55,
            "debt_ratio": 38.09,
            "inventory_turnover_ratio": 1.04,
            "account_receivable_turnover_ratio": 1.24,
            "reinvestment_rate": 34.13,
            "research_to_sale_ratio": 2.45,
            "price_fair": 239.84,
            "eps_avg_yearly": 6.85,
            "eps_latest_yearly": 9.24,
            "eps_growth_yearly": 34.16
        },
        "20161": {
            "year_quarter": 20161,
            "year": 2016,
            "quarter": 1,
            "eps": 1.8,
            "eps_growth_year": -8.16,
            "eps_4q": 8.19,
            "eps_4q_growth_year": 3.67,
            "roe": 3.64,
            "roe_4q": 17.82,
            "gross_profit": 603772,
            "gross_margin": 29.47,
            "gross_margin_4q_avg": 27.03,
            "net_income": 165513,
            "net_income_4q": null,
            "revenue": 2048704,
            "revenue_4q": null,
            "common_shares": 921896,
            "book_valuer_per_share": 51.07,
            "book_valuer_per_share_4q_avg": 47.54,
            "equity": 4708530,
            "current_ratio": 385.38,
            "debt_ratio": 50.39,
            "inventory_turnover_ratio": 0.91,
            "account_receivable_turnover_ratio": 1.14,
            "reinvestment_rate": 50.66,
            "research_to_sale_ratio": 2.51,
            "price_fair": 248.59,
            "eps_avg_yearly": 7.1,
            "eps_latest_yearly": 7.2,
            "eps_growth_yearly": 35.12
        },
        "20162": {
            "year_quarter": 20162,
            "year": 2016,
            "quarter": 2,
            "eps": 2.15,
            "eps_growth_year": 16.22,
            "eps_4q": 8.12,
            "eps_4q_growth_year": 7.47,
            "roe": 4.53,
            "roe_4q": 18.18,
            "gross_profit": 636094,
            "gross_margin": 27.9,
            "gross_margin_4q_avg": 27.42,
            "net_income": 208991,
            "net_income_4q": null,
            "revenue": 2279713,
            "revenue_4q": null,
            "common_shares": 933408,
            "book_valuer_per_share": 48.34,
            "book_valuer_per_share_4q_avg": 48.4,
            "equity": 4511908,
            "current_ratio": 299.75,
            "debt_ratio": 53.92,
            "inventory_turnover_ratio": 1.06,
            "account_receivable_turnover_ratio": 1.34,
            "reinvestment_rate": 43.32,
            "research_to_sale_ratio": 2.41,
            "price_fair": 246.55,
            "eps_avg_yearly": 7.31,
            "eps_latest_yearly": 8.6,
            "eps_growth_yearly": 23.73
        },
        "20163": {
            "year_quarter": 20163,
            "year": 2016,
            "quarter": 3,
            "eps": 2.52,
            "eps_growth_year": 11.01,
            "eps_4q": 8.25,
            "eps_4q_growth_year": 5.79,
            "roe": 5.22,
            "roe_4q": 18.3,
            "gross_profit": 691594,
            "gross_margin": 29.2,
            "gross_margin_4q_avg": 28.21,
            "net_income": 250804,
            "net_income_4q": null,
            "revenue": 2368855,
            "revenue_4q": null,
            "common_shares": 1014493,
            "book_valuer_per_share": 50.32,
            "book_valuer_per_share_4q_avg": 49.38,
            "equity": 5105100,
            "current_ratio": 334.21,
            "debt_ratio": 46.09,
            "inventory_turnover_ratio": 1.08,
            "account_receivable_turnover_ratio": 1.3,
            "reinvestment_rate": 39.9,
            "research_to_sale_ratio": 2.38,
            "price_fair": 268.1,
            "eps_avg_yearly": 7.66,
            "eps_latest_yearly": 10.08,
            "eps_growth_yearly": 31.82
        },
        "20164": {
            "year_quarter": 20164,
            "year": 2016,
            "quarter": 4,
            "eps": 2.76,
            "eps_growth_year": 19.67,
            "eps_4q": 8.84,
            "eps_4q_growth_year": 6.78,
            "roe": 5.45,
            "roe_4q": 18.84,
            "gross_profit": 812117,
            "gross_margin": 32.35,
            "gross_margin_4q_avg": 29.73,
            "net_income": 284637,
            "net_income_4q": null,
            "revenue": 2510787,
            "revenue_4q": null,
            "common_shares": 1029593,
            "book_valuer_per_share": 51.78,
            "book_valuer_per_share_4q_avg": 50.38,
            "equity": 5331553,
            "current_ratio": 331.29,
            "debt_ratio": 46.4,
            "inventory_turnover_ratio": 1.04,
            "account_receivable_turnover_ratio": 1.26,
            "reinvestment_rate": 33.21,
            "research_to_sale_ratio": 2.72,
            "price_fair": 281.93,
            "eps_avg_yearly": 8.06,
            "eps_latest_yearly": 11.04,
            "eps_growth_yearly": 32.86
        },
        "20171": {
            "year_quarter": 20171,
            "year": 2017,
            "quarter": 1,
            "eps": 1.92,
            "eps_growth_year": 6.67,
            "eps_4q": 8.85,
            "eps_4q_growth_year": 8.12,
            "roe": 3.54,
            "roe_4q": 18.740000000000002,
            "gross_profit": 728173,
            "gross_margin": 31.13,
            "gross_margin_4q_avg": 30.15,
            "net_income": 196415,
            "net_income_4q": null,
            "revenue": 2339175,
            "revenue_4q": null,
            "common_shares": 1062990,
            "book_valuer_per_share": 54.1,
            "book_valuer_per_share_4q_avg": 51.14,
            "equity": 5750738,
            "current_ratio": 216.18,
            "debt_ratio": 40.06,
            "inventory_turnover_ratio": 0.97,
            "account_receivable_turnover_ratio": 1.16,
            "reinvestment_rate": 26.33,
            "research_to_sale_ratio": 2.93,
            "price_fair": 268.54,
            "eps_avg_yearly": 8.21,
            "eps_latest_yearly": 7.68,
            "eps_growth_yearly": 22.71
        },
        "20172": {
            "year_quarter": 20172,
            "year": 2017,
            "quarter": 2,
            "eps": 2.81,
            "eps_growth_year": 30.7,
            "eps_4q": 9.04,
            "eps_4q_growth_year": 11.38,
            "roe": 4.8,
            "roe_4q": 19.009999999999998,
            "gross_profit": 952120,
            "gross_margin": 26.02,
            "gross_margin_4q_avg": 29.68,
            "net_income": 296714,
            "net_income_4q": null,
            "revenue": 3659873,
            "revenue_4q": null,
            "common_shares": 1137881,
            "book_valuer_per_share": 58,
            "book_valuer_per_share_4q_avg": 53.55,
            "equity": 6600037,
            "current_ratio": 164.14,
            "debt_ratio": 46.37,
            "inventory_turnover_ratio": 1.4,
            "account_receivable_turnover_ratio": 1.35,
            "reinvestment_rate": 46.49,
            "research_to_sale_ratio": 2.51,
            "price_fair": 215.67,
            "eps_avg_yearly": 8.35,
            "eps_latest_yearly": 11.24,
            "eps_growth_yearly": 15.84
        },
        "20173": {
            "year_quarter": 20173,
            "year": 2017,
            "quarter": 3,
            "eps": 2.69,
            "eps_growth_year": 6.75,
            "eps_4q": 9.36,
            "eps_4q_growth_year": 13.4,
            "roe": 4.42,
            "roe_4q": 18.209999999999997,
            "gross_profit": 977108,
            "gross_margin": 21.79,
            "gross_margin_4q_avg": 27.82,
            "net_income": 304330,
            "net_income_4q": null,
            "revenue": 4484520,
            "revenue_4q": null,
            "common_shares": 1156014,
            "book_valuer_per_share": 62.03,
            "book_valuer_per_share_4q_avg": 56.48,
            "equity": 7171006,
            "current_ratio": 171.31,
            "debt_ratio": 44.23,
            "inventory_turnover_ratio": 1.41,
            "account_receivable_turnover_ratio": 1.18,
            "reinvestment_rate": 44.95,
            "research_to_sale_ratio": 2.23,
            "price_fair": 234.52,
            "eps_avg_yearly": 8.52,
            "eps_latest_yearly": 10.76,
            "eps_growth_yearly": 17.53
        },
        "20174": {
            "year_quarter": 20174,
            "year": 2017,
            "quarter": 4,
            "eps": 3.16,
            "eps_growth_year": 14.25,
            "eps_4q": 10.06,
            "eps_4q_growth_year": 13.81,
            "roe": 4.95,
            "roe_4q": 17.71,
            "gross_profit": 1148004,
            "gross_margin": 22.44,
            "gross_margin_4q_avg": 25.35,
            "net_income": 365006,
            "net_income_4q": null,
            "revenue": 5115639,
            "revenue_4q": null,
            "common_shares": 1155664,
            "book_valuer_per_share": 65.67,
            "book_valuer_per_share_4q_avg": 59.95,
            "equity": 7588899,
            "current_ratio": 171.26,
            "debt_ratio": 45.2,
            "inventory_turnover_ratio": 1.32,
            "account_receivable_turnover_ratio": 1.19,
            "reinvestment_rate": 42.35,
            "research_to_sale_ratio": 2.39,
            "price_fair": 310.89,
            "eps_avg_yearly": 8.88,
            "eps_latest_yearly": 12.64,
            "eps_growth_yearly": 25.76
        },
        "20181": {
            "year_quarter": 20181,
            "year": 2018,
            "quarter": 1,
            "eps": 1.94,
            "eps_growth_year": 1.04,
            "eps_4q": 10.05,
            "eps_4q_growth_year": 13.57,
            "roe": 2.79,
            "roe_4q": 16.96,
            "gross_profit": 932604,
            "gross_margin": 19.71,
            "gross_margin_4q_avg": 22.49,
            "net_income": 227554,
            "net_income_4q": null,
            "revenue": 4730966,
            "revenue_4q": null,
            "common_shares": 1185664,
            "book_valuer_per_share": 73.18,
            "book_valuer_per_share_4q_avg": 64.72,
            "equity": 8725781,
            "current_ratio": 275.85,
            "debt_ratio": 46.68,
            "inventory_turnover_ratio": 1.08,
            "account_receivable_turnover_ratio": 1.09,
            "reinvestment_rate": 34.83,
            "research_to_sale_ratio": 2.19,
            "price_fair": 294.9,
            "eps_avg_yearly": 9.05,
            "eps_latest_yearly": 7.76,
            "eps_growth_yearly": 22.58
        },
        "20182": {
            "year_quarter": 20182,
            "year": 2018,
            "quarter": 2,
            "eps": 2.37,
            "eps_growth_year": -15.66,
            "eps_4q": 9.9,
            "eps_4q_growth_year": 9.5,
            "roe": 3.28,
            "roe_4q": 15.44,
            "gross_profit": 1078767,
            "gross_margin": 20.53,
            "gross_margin_4q_avg": 21.12,
            "net_income": 279257,
            "net_income_4q": null,
            "revenue": 5255211,
            "revenue_4q": null,
            "common_shares": 1185664,
            "book_valuer_per_share": 69.47,
            "book_valuer_per_share_4q_avg": 67.59,
            "equity": 8288232,
            "current_ratio": 239.65,
            "debt_ratio": 51.07,
            "inventory_turnover_ratio": 1.12,
            "account_receivable_turnover_ratio": 1.18,
            "reinvestment_rate": 27.58,
            "research_to_sale_ratio": 2.05,
            "price_fair": 219.94,
            "eps_avg_yearly": 9.15,
            "eps_latest_yearly": 9.48,
            "eps_growth_yearly": 14.03
        },
        "20183": {
            "year_quarter": 20183,
            "year": 2018,
            "quarter": 3,
            "eps": 3.72,
            "eps_growth_year": 38.29,
            "eps_4q": 11.03,
            "eps_4q_growth_year": 17.79,
            "roe": 5.24,
            "roe_4q": 16.259999999999998,
            "gross_profit": 1289637,
            "gross_margin": 22.71,
            "gross_margin_4q_avg": 21.35,
            "net_income": 439865,
            "net_income_4q": null,
            "revenue": 5678186,
            "revenue_4q": null,
            "common_shares": 1185174,
            "book_valuer_per_share": 71.34,
            "book_valuer_per_share_4q_avg": 69.92,
            "equity": 8507355,
            "current_ratio": 252.1,
            "debt_ratio": 49.71,
            "inventory_turnover_ratio": 1.17,
            "account_receivable_turnover_ratio": 1.15,
            "reinvestment_rate": 24.28,
            "research_to_sale_ratio": 2.15,
            "price_fair": 333.99,
            "eps_avg_yearly": 9.54,
            "eps_latest_yearly": 14.88,
            "eps_growth_yearly": 25.86
        },
        "20184": {
            "year_quarter": 20184,
            "year": 2018,
            "quarter": 4,
            "eps": 3.8,
            "eps_growth_year": 20.36,
            "eps_4q": 11.75,
            "eps_4q_growth_year": 16.79,
            "roe": 5.16,
            "roe_4q": 16.47,
            "gross_profit": 1288859,
            "gross_margin": 22.5,
            "gross_margin_4q_avg": 21.36,
            "net_income": 452913,
            "net_income_4q": null,
            "revenue": 5728035,
            "revenue_4q": null,
            "common_shares": 1185174,
            "book_valuer_per_share": 75.99,
            "book_valuer_per_share_4q_avg": 72.5,
            "equity": 9060751,
            "current_ratio": 251.59,
            "debt_ratio": 48.91,
            "inventory_turnover_ratio": 1.07,
            "account_receivable_turnover_ratio": 1.12,
            "reinvestment_rate": 21.04,
            "research_to_sale_ratio": 2.1,
            "price_fair": 350.26,
            "eps_avg_yearly": 10.01,
            "eps_latest_yearly": 15.2,
            "eps_growth_yearly": 28.94
        },
        "20191": {
            "year_quarter": 20191,
            "year": 2019,
            "quarter": 1,
            "eps": 2.81,
            "eps_growth_year": 44.85,
            "eps_4q": 12.64,
            "eps_4q_growth_year": 25.72,
            "roe": 3.57,
            "roe_4q": 17.25,
            "gross_profit": 1275043,
            "gross_margin": 23.26,
            "gross_margin_4q_avg": 22.25,
            "net_income": 332334,
            "net_income_4q": null,
            "revenue": 5481732,
            "revenue_4q": null,
            "common_shares": 1185174,
            "book_valuer_per_share": 80.33,
            "book_valuer_per_share_4q_avg": 74.28,
            "equity": 9577120,
            "current_ratio": 171.77,
            "debt_ratio": 46.82,
            "inventory_turnover_ratio": 0.98,
            "account_receivable_turnover_ratio": 1.09,
            "reinvestment_rate": 21.31,
            "research_to_sale_ratio": 2.34,
            "price_fair": 328.8,
            "eps_avg_yearly": 10.22,
            "eps_latest_yearly": 11.24,
            "eps_growth_yearly": 22.17
        },
        "20192": {
            "year_quarter": 20192,
            "year": 2019,
            "quarter": 2,
            "eps": 4.17,
            "eps_growth_year": 75.95,
            "eps_4q": 14.44,
            "eps_4q_growth_year": 45.91,
            "roe": 5.26,
            "roe_4q": 19.23,
            "gross_profit": 1378874,
            "gross_margin": 23.01,
            "gross_margin_4q_avg": 22.87,
            "net_income": 494343,
            "net_income_4q": null,
            "revenue": 5993405,
            "revenue_4q": null,
            "common_shares": 1185174,
            "book_valuer_per_share": 77.17,
            "book_valuer_per_share_4q_avg": 76.21,
            "equity": 9203997,
            "current_ratio": 155.14,
            "debt_ratio": 52.01,
            "inventory_turnover_ratio": 1.15,
            "account_receivable_turnover_ratio": 1.16,
            "reinvestment_rate": 20.43,
            "research_to_sale_ratio": 2.1,
            "price_fair": 378,
            "eps_avg_yearly": 10.8,
            "eps_latest_yearly": 16.68,
            "eps_growth_yearly": 35.68
        },
        "20193": {
            "year_quarter": 20193,
            "year": 2019,
            "quarter": 3,
            "eps": 4.48,
            "eps_growth_year": 20.43,
            "eps_4q": 15.21,
            "eps_4q_growth_year": 37.92,
            "roe": 5.67,
            "roe_4q": 19.66,
            "gross_profit": 1442255,
            "gross_margin": 25.02,
            "gross_margin_4q_avg": 23.45,
            "net_income": 528108,
            "net_income_4q": null,
            "revenue": 5763910,
            "revenue_4q": null,
            "common_shares": 1185174,
            "book_valuer_per_share": 79.15,
            "book_valuer_per_share_4q_avg": 78.16,
            "equity": 9437722,
            "current_ratio": 159.49,
            "debt_ratio": 49.54,
            "inventory_turnover_ratio": 1.12,
            "account_receivable_turnover_ratio": 1.11,
            "reinvestment_rate": 21.97,
            "research_to_sale_ratio": 2.86,
            "price_fair": 397.34,
            "eps_avg_yearly": 11.35,
            "eps_latest_yearly": 17.92,
            "eps_growth_yearly": 31.86
        },
        "20194": {
            "year_quarter": 20194,
            "year": 2019,
            "quarter": 4,
            "eps": 3.77,
            "eps_growth_year": -0.79,
            "eps_4q": 14.13,
            "eps_4q_growth_year": 20.26,
            "roe": 4.45,
            "roe_4q": 18.95,
            "gross_profit": 1529415,
            "gross_margin": 26.13,
            "gross_margin_4q_avg": 24.36,
            "net_income": 482855,
            "net_income_4q": null,
            "revenue": 5853098,
            "revenue_4q": null,
            "common_shares": 1305174,
            "book_valuer_per_share": 93.53,
            "book_valuer_per_share_4q_avg": 82.55,
            "equity": 12256426,
            "current_ratio": 237.89,
            "debt_ratio": 48.96,
            "inventory_turnover_ratio": 1.09,
            "account_receivable_turnover_ratio": 1.19,
            "reinvestment_rate": 20.97,
            "research_to_sale_ratio": 2.68,
            "price_fair": 410.11,
            "eps_avg_yearly": 11.72,
            "eps_latest_yearly": 15.08,
            "eps_growth_yearly": 27.46
        },
        "20201": {
            "year_quarter": 20201,
            "year": 2020,
            "quarter": 1,
            "eps": 1.81,
            "eps_growth_year": -35.59,
            "eps_4q": 13.4,
            "eps_4q_growth_year": 6.04,
            "roe": 2.01,
            "roe_4q": 17.39,
            "gross_profit": 1185067,
            "gross_margin": 23.93,
            "gross_margin_4q_avg": 24.52,
            "net_income": 235296,
            "net_income_4q": null,
            "revenue": 4952833,
            "revenue_4q": null,
            "common_shares": 1305174,
            "book_valuer_per_share": 84.88,
            "book_valuer_per_share_4q_avg": 83.68,
            "equity": 11126226,
            "current_ratio": 268.14,
            "debt_ratio": 46.58,
            "inventory_turnover_ratio": 0.94,
            "account_receivable_turnover_ratio": 1.07,
            "reinvestment_rate": 14.37,
            "research_to_sale_ratio": 3.01,
            "price_fair": 351.34,
            "eps_avg_yearly": 11.72,
            "eps_latest_yearly": 7.24,
            "eps_growth_yearly": 19.98
        },
        "20202": {
            "year_quarter": 20202,
            "year": 2020,
            "quarter": 2,
            "eps": 3.86,
            "eps_growth_year": -7.43,
            "eps_4q": 13.48,
            "eps_4q_growth_year": -6.63,
            "roe": 4.39,
            "roe_4q": 16.52,
            "gross_profit": 1385223,
            "gross_margin": 26.29,
            "gross_margin_4q_avg": 25.34,
            "net_income": 501251,
            "net_income_4q": null,
            "revenue": 5268828,
            "revenue_4q": null,
            "common_shares": 1305174,
            "book_valuer_per_share": 89.36,
            "book_valuer_per_share_4q_avg": 86.73,
            "equity": 11707508,
            "current_ratio": 244.5,
            "debt_ratio": 46.36,
            "inventory_turnover_ratio": 0.89,
            "account_receivable_turnover_ratio": 1.19,
            "reinvestment_rate": 14.48,
            "research_to_sale_ratio": 3.05,
            "price_fair": 425.16,
            "eps_avg_yearly": 12.15,
            "eps_latest_yearly": 15.44,
            "eps_growth_yearly": 43.43
        },
        "20203": {
            "year_quarter": 20203,
            "year": 2020,
            "quarter": 3,
            "eps": 3.83,
            "eps_growth_year": -14.51,
            "eps_4q": 13.26,
            "eps_4q_growth_year": -12.8,
            "roe": 4.12,
            "roe_4q": 14.969999999999999,
            "gross_profit": 1589297,
            "gross_margin": 26.27,
            "gross_margin_4q_avg": 25.66,
            "net_income": 496255,
            "net_income_4q": null,
            "revenue": 6049454,
            "revenue_4q": null,
            "common_shares": 1305694,
            "book_valuer_per_share": 94.73,
            "book_valuer_per_share_4q_avg": 90.63,
            "equity": 12410119,
            "current_ratio": 302.71,
            "debt_ratio": 40.67,
            "inventory_turnover_ratio": 0.99,
            "account_receivable_turnover_ratio": 1.25,
            "reinvestment_rate": 20.88,
            "research_to_sale_ratio": 2.87,
            "price_fair": 436.63,
            "eps_avg_yearly": 12.48,
            "eps_latest_yearly": 15.32,
            "eps_growth_yearly": 38.93
        },
        "20204": {
            "year_quarter": 20204,
            "year": 2020,
            "quarter": 4,
            "eps": 4.51,
            "eps_growth_year": 19.63,
            "eps_4q": 14,
            "eps_4q_growth_year": -0.89,
            "roe": 4.57,
            "roe_4q": 15.090000000000002,
            "gross_profit": 1550737,
            "gross_margin": 24.75,
            "gross_margin_4q_avg": 25.31,
            "net_income": 587494,
            "net_income_4q": null,
            "revenue": 6266652,
            "revenue_4q": null,
            "common_shares": 1305694,
            "book_valuer_per_share": 101.38,
            "book_valuer_per_share_4q_avg": 92.59,
            "equity": 13277525,
            "current_ratio": 270.05,
            "debt_ratio": 41.55,
            "inventory_turnover_ratio": 1.05,
            "account_receivable_turnover_ratio": 1.2,
            "reinvestment_rate": 26.05,
            "research_to_sale_ratio": 2.67,
            "price_fair": 451.94,
            "eps_avg_yearly": 12.91,
            "eps_latest_yearly": 18.04,
            "eps_growth_yearly": 40.99
        },
        "20211": {
            "year_quarter": 20211,
            "year": 2021,
            "quarter": 1,
            "eps": 2.35,
            "eps_growth_year": 29.83,
            "eps_4q": 14.23,
            "eps_4q_growth_year": 6.17,
            "roe": 2.35,
            "roe_4q": 15.43,
            "gross_profit": 1361630,
            "gross_margin": 22.2,
            "gross_margin_4q_avg": 24.88,
            "net_income": 307871,
            "net_income_4q": null,
            "revenue": 6134214,
            "revenue_4q": null,
            "common_shares": 1336363,
            "book_valuer_per_share": 96.59,
            "book_valuer_per_share_4q_avg": 95.52,
            "equity": 12945620,
            "current_ratio": 240.06,
            "debt_ratio": 41.86,
            "inventory_turnover_ratio": 1.01,
            "account_receivable_turnover_ratio": 1.13,
            "reinvestment_rate": 28.12,
            "research_to_sale_ratio": 3.21,
            "price_fair": 455.7,
            "eps_avg_yearly": 13.02,
            "eps_latest_yearly": 9.4,
            "eps_growth_yearly": 36.63
        },
        "20212": {
            "year_quarter": 20212,
            "year": 2021,
            "quarter": 2,
            "eps": 4.13,
            "eps_growth_year": 6.99,
            "eps_4q": 14.59,
            "eps_4q_growth_year": 8.2,
            "roe": 4.16,
            "roe_4q": 15.2,
            "gross_profit": 1670731,
            "gross_margin": 23.81,
            "gross_margin_4q_avg": 24.26,
            "net_income": 545794,
            "net_income_4q": null,
            "revenue": 7015992,
            "revenue_4q": null,
            "common_shares": 1336363,
            "book_valuer_per_share": 99.33,
            "book_valuer_per_share_4q_avg": 98.01,
            "equity": 13306184,
            "current_ratio": 220.71,
            "debt_ratio": 43.66,
            "inventory_turnover_ratio": 1.09,
            "account_receivable_turnover_ratio": 1.19,
            "reinvestment_rate": 22.59,
            "research_to_sale_ratio": 2.78,
            "price_fair": 467.25,
            "eps_avg_yearly": 13.35,
            "eps_latest_yearly": 16.52,
            "eps_growth_yearly": 43.98
        },
        "20213": {
            "year_quarter": 20213,
            "year": 2021,
            "quarter": 3,
            "eps": 4.54,
            "eps_growth_year": 18.54,
            "eps_4q": 15.38,
            "eps_4q_growth_year": 15.99,
            "roe": 4.45,
            "roe_4q": 15.53,
            "gross_profit": 1754141,
            "gross_margin": 23.66,
            "gross_margin_4q_avg": 23.61,
            "net_income": 603440,
            "net_income_4q": null,
            "revenue": 7415446,
            "revenue_4q": null,
            "common_shares": 1336901,
            "book_valuer_per_share": 102.98,
            "book_valuer_per_share_4q_avg": 100.07,
            "equity": 13797327,
            "current_ratio": 235.09,
            "debt_ratio": 41.43,
            "inventory_turnover_ratio": 1.06,
            "account_receivable_turnover_ratio": 1.16,
            "reinvestment_rate": 22.29,
            "research_to_sale_ratio": 3.09,
            "price_fair": 483.44,
            "eps_avg_yearly": 13.81,
            "eps_latest_yearly": 18.16,
            "eps_growth_yearly": 47.52
        },
        "20214": {
            "year_quarter": 20214,
            "year": 2021,
            "quarter": 4,
            "eps": 4.14,
            "eps_growth_year": -8.28,
            "eps_4q": 14.81,
            "eps_4q_growth_year": 5.79,
            "roe": 3.9,
            "roe_4q": 14.86,
            "gross_profit": 1842970,
            "gross_margin": 23.04,
            "gross_margin_4q_avg": 23.18,
            "net_income": 564867,
            "net_income_4q": null,
            "revenue": 7998723,
            "revenue_4q": null,
            "common_shares": 1374573,
            "book_valuer_per_share": 110.03,
            "book_valuer_per_share_4q_avg": 102.23,
            "equity": 15150142,
            "current_ratio": 193.72,
            "debt_ratio": 40.53,
            "inventory_turnover_ratio": 1.02,
            "account_receivable_turnover_ratio": 1.18,
            "reinvestment_rate": 23.26,
            "research_to_sale_ratio": 3.02,
            "price_fair": 492.01,
            "eps_avg_yearly": 14.06,
            "eps_latest_yearly": 16.56,
            "eps_growth_yearly": 40.95
        },
        "20221": {
            "year_quarter": 20221,
            "year": 2022,
            "quarter": 1,
            "eps": 3.74,
            "eps_growth_year": 59.15,
            "eps_4q": 14.97,
            "eps_4q_growth_year": 5.24,
            "roe": 3.32,
            "roe_4q": 15.83,
            "gross_profit": 2848725,
            "gross_margin": 24.42,
            "gross_margin_4q_avg": 23.73,
            "net_income": 556840,
            "net_income_4q": null,
            "revenue": 11667198,
            "revenue_4q": null,
            "common_shares": 1526274,
            "book_valuer_per_share": 120.3,
            "book_valuer_per_share_4q_avg": 108.16,
            "equity": 18385920,
            "current_ratio": 207.39,
            "debt_ratio": 63.59,
            "inventory_turnover_ratio": 0.99,
            "account_receivable_turnover_ratio": 1.41,
            "reinvestment_rate": 73.58,
            "research_to_sale_ratio": 2.41,
            "price_fair": 507.76,
            "eps_avg_yearly": 14.51,
            "eps_latest_yearly": 14.96,
            "eps_growth_yearly": 48.19
        },
        "20222": {
            "year_quarter": 20222,
            "year": 2022,
            "quarter": 2,
            "eps": 7.68,
            "eps_growth_year": 85.96,
            "eps_4q": 19.03,
            "eps_4q_growth_year": 30.44,
            "roe": 6.26,
            "roe_4q": 17.93,
            "gross_profit": 3625501,
            "gross_margin": 25.96,
            "gross_margin_4q_avg": 24.27,
            "net_income": 1171337,
            "net_income_4q": null,
            "revenue": 13963028,
            "revenue_4q": null,
            "common_shares": 1527509,
            "book_valuer_per_share": 124.59,
            "book_valuer_per_share_4q_avg": 114.48,
            "equity": 19053870,
            "current_ratio": 208.7,
            "debt_ratio": 63.93,
            "inventory_turnover_ratio": 0.85,
            "account_receivable_turnover_ratio": 1.41,
            "reinvestment_rate": 78.97,
            "research_to_sale_ratio": 2.42,
            "price_fair": 554.23,
            "eps_avg_yearly": 15.84,
            "eps_latest_yearly": 30.72,
            "eps_growth_yearly": 68.99
        },
        "20223": {
            "year_quarter": 20223,
            "year": 2022,
            "quarter": 3,
            "eps": 7.64,
            "eps_growth_year": 68.28,
            "eps_4q": 22.28,
            "eps_4q_growth_year": 44.83,
            "roe": 5.91,
            "roe_4q": 19.39,
            "gross_profit": 3740877,
            "gross_margin": 25.75,
            "gross_margin_4q_avg": 24.79,
            "net_income": 1182519,
            "net_income_4q": null,
            "revenue": 14526402,
            "revenue_4q": null,
            "common_shares": 1564273,
            "book_valuer_per_share": 134.06,
            "book_valuer_per_share_4q_avg": 122.25,
            "equity": 20992159,
            "current_ratio": 234.53,
            "debt_ratio": 60.18,
            "inventory_turnover_ratio": 0.84,
            "account_receivable_turnover_ratio": 1.36,
            "reinvestment_rate": 76.32,
            "research_to_sale_ratio": 2.52,
            "price_fair": 588.53,
            "eps_avg_yearly": 16.82,
            "eps_latest_yearly": 30.56,
            "eps_growth_yearly": 54.62
        },
        "20224": {
            "year_quarter": 20224,
            "year": 2022,
            "quarter": 4,
            "eps": 5.9,
            "eps_growth_year": 42.48,
            "eps_4q": 24.53,
            "eps_4q_growth_year": 65.63,
            "roe": 4.23,
            "roe_4q": 19.72,
            "gross_profit": 3572380,
            "gross_margin": 26.27,
            "gross_margin_4q_avg": 25.6,
            "net_income": 920286,
            "net_income_4q": null,
            "revenue": 13600543,
            "revenue_4q": null,
            "common_shares": 1564463,
            "book_valuer_per_share": 143.72,
            "book_valuer_per_share_4q_avg": 130.67,
            "equity": 22504024,
            "current_ratio": 236.66,
            "debt_ratio": 57.89,
            "inventory_turnover_ratio": 0.8,
            "account_receivable_turnover_ratio": 1.28,
            "reinvestment_rate": 86.35,
            "research_to_sale_ratio": 2.93,
            "price_fair": 606.9,
            "eps_avg_yearly": 17.34,
            "eps_latest_yearly": 23.6,
            "eps_growth_yearly": 48.38
        },
        "20231": {
            "year_quarter": 20231,
            "year": 2023,
            "quarter": 1,
            "eps": 4.01,
            "eps_growth_year": 7.22,
            "eps_4q": 24.96,
            "eps_4q_growth_year": 66.67,
            "roe": 2.82,
            "roe_4q": 19.22,
            "gross_profit": 3236323,
            "gross_margin": 25.48,
            "gross_margin_4q_avg": 25.87,
            "net_income": 625741,
            "net_income_4q": null,
            "revenue": 12701656,
            "revenue_4q": null,
            "common_shares": 1565623,
            "book_valuer_per_share": 139.48,
            "book_valuer_per_share_4q_avg": 135.46,
            "equity": 21853659,
            "current_ratio": 232.57,
            "debt_ratio": 62.33,
            "inventory_turnover_ratio": 0.77,
            "account_receivable_turnover_ratio": 1.31,
            "reinvestment_rate": 85.21,
            "research_to_sale_ratio": 3.08,
            "price_fair": 617.4,
            "eps_avg_yearly": 17.64,
            "eps_latest_yearly": 16.04,
            "eps_growth_yearly": 46.89
        },
        "20232": {
            "year_quarter": 20232,
            "year": 2023,
            "quarter": 2,
            "eps": 2.75,
            "eps_growth_year": -64.19,
            "eps_4q": 19.44,
            "eps_4q_growth_year": 2.16,
            "roe": 1.96,
            "roe_4q": 14.92,
            "gross_profit": 2850162,
            "gross_margin": 21.92,
            "gross_margin_4q_avg": 24.86,
            "net_income": 439426,
            "net_income_4q": null,
            "revenue": 13004395,
            "revenue_4q": null,
            "common_shares": 1615773,
            "book_valuer_per_share": 142.73,
            "book_valuer_per_share_4q_avg": 140,
            "equity": 23078822,
            "current_ratio": 231.79,
            "debt_ratio": 60.5,
            "inventory_turnover_ratio": 0.86,
            "account_receivable_turnover_ratio": 1.36,
            "reinvestment_rate": 89.06,
            "research_to_sale_ratio": 2.96,
            "price_fair": 604.98,
            "eps_avg_yearly": 17.29,
            "eps_latest_yearly": 11,
            "eps_growth_yearly": 26.93
        },
        "20233": {
            "year_quarter": 20233,
            "year": 2023,
            "quarter": 3,
            "eps": 4.54,
            "eps_growth_year": -40.58,
            "eps_4q": 16.73,
            "eps_4q_growth_year": -24.91,
            "roe": 3.13,
            "roe_4q": 12.14,
            "gross_profit": 3509563,
            "gross_margin": 26.69,
            "gross_margin_4q_avg": 25.09,
            "net_income": 739022,
            "net_income_4q": null,
            "revenue": 13150145,
            "revenue_4q": null,
            "common_shares": 1633091,
            "book_valuer_per_share": 148.02,
            "book_valuer_per_share_4q_avg": 143.49,
            "equity": 24187674,
            "current_ratio": 219.4,
            "debt_ratio": 57.25,
            "inventory_turnover_ratio": 0.85,
            "account_receivable_turnover_ratio": 1.34,
            "reinvestment_rate": 93.2,
            "research_to_sale_ratio": 2.83,
            "price_fair": 605.5,
            "eps_avg_yearly": 17.3,
            "eps_latest_yearly": 18.16,
            "eps_growth_yearly": 41.35
        }
    },
    "months": {
        "2011-04": {
            "month": "2011-04",
            "price": "61.57",
            "revenue": 446426
        },
        "2011-05": {
            "month": "2011-05",
            "price": "53.76",
            "revenue": 430702
        },
        "2011-06": {
            "month": "2011-06",
            "price": "52.17",
            "revenue": 395633
        },
        "2011-07": {
            "month": "2011-07",
            "price": "38.47",
            "revenue": 458106
        },
        "2011-08": {
            "month": "2011-08",
            "price": "29.14",
            "revenue": 438871
        },
        "2011-09": {
            "month": "2011-09",
            "price": "27.01",
            "revenue": 505977
        },
        "2011-10": {
            "month": "2011-10",
            "price": "26.82",
            "revenue": 524381
        },
        "2011-11": {
            "month": "2011-11",
            "price": "26.56",
            "revenue": 469350
        },
        "2011-12": {
            "month": "2011-12",
            "price": "24.06",
            "revenue": 468745
        },
        "2012-01": {
            "month": "2012-01",
            "price": "23.31",
            "revenue": 424522
        },
        "2012-02": {
            "month": "2012-02",
            "price": "29.10",
            "revenue": 401683
        },
        "2012-03": {
            "month": "2012-03",
            "price": "33.08",
            "revenue": 520419
        },
        "2012-04": {
            "month": "2012-04",
            "price": "29.51",
            "revenue": 448405
        },
        "2012-05": {
            "month": "2012-05",
            "price": "29.15",
            "revenue": 518910
        },
        "2012-06": {
            "month": "2012-06",
            "price": "28.56",
            "revenue": 484878
        },
        "2012-07": {
            "month": "2012-07",
            "price": "27.33",
            "revenue": 442940
        },
        "2012-08": {
            "month": "2012-08",
            "price": "29.10",
            "revenue": 556098
        },
        "2012-09": {
            "month": "2012-09",
            "price": "34.27",
            "revenue": 486345
        },
        "2012-10": {
            "month": "2012-10",
            "price": "31.64",
            "revenue": 542554
        },
        "2012-11": {
            "month": "2012-11",
            "price": "31.37",
            "revenue": 469446
        },
        "2012-12": {
            "month": "2012-12",
            "price": "32.91",
            "revenue": 497889
        },
        "2013-01": {
            "month": "2013-01",
            "price": "35.74",
            "revenue": 504218
        },
        "2013-02": {
            "month": "2013-02",
            "price": "38.97",
            "revenue": 478521
        },
        "2013-03": {
            "month": "2013-03",
            "price": "41.90",
            "revenue": 526984
        },
        "2013-04": {
            "month": "2013-04",
            "price": "43.72",
            "revenue": 613023
        },
        "2013-05": {
            "month": "2013-05",
            "price": "48.53",
            "revenue": 639767
        },
        "2013-06": {
            "month": "2013-06",
            "price": "56.66",
            "revenue": 598928
        },
        "2013-07": {
            "month": "2013-07",
            "price": "81.02",
            "revenue": 669941
        },
        "2013-08": {
            "month": "2013-08",
            "price": "135.14",
            "revenue": 507650
        },
        "2013-09": {
            "month": "2013-09",
            "price": "129.28",
            "revenue": 646786
        },
        "2013-10": {
            "month": "2013-10",
            "price": "128.95",
            "revenue": 637165
        },
        "2013-11": {
            "month": "2013-11",
            "price": "115.76",
            "revenue": 602315
        },
        "2013-12": {
            "month": "2013-12",
            "price": "120.55",
            "revenue": 679508
        },
        "2014-01": {
            "month": "2014-01",
            "price": "119.22",
            "revenue": 630348
        },
        "2014-02": {
            "month": "2014-02",
            "price": "151.79",
            "revenue": 483728
        },
        "2014-03": {
            "month": "2014-03",
            "price": "170.52",
            "revenue": 614983
        },
        "2014-04": {
            "month": "2014-04",
            "price": "155.79",
            "revenue": 661233
        },
        "2014-05": {
            "month": "2014-05",
            "price": "152.50",
            "revenue": 592811
        },
        "2014-06": {
            "month": "2014-06",
            "price": "143.68",
            "revenue": 626173
        },
        "2014-07": {
            "month": "2014-07",
            "price": "134.57",
            "revenue": 651184
        },
        "2014-08": {
            "month": "2014-08",
            "price": "129.00",
            "revenue": 620800
        },
        "2014-09": {
            "month": "2014-09",
            "price": "139.71",
            "revenue": 672510
        },
        "2014-10": {
            "month": "2014-10",
            "price": "114.63",
            "revenue": 637680
        },
        "2014-11": {
            "month": "2014-11",
            "price": "106.66",
            "revenue": 607502
        },
        "2014-12": {
            "month": "2014-12",
            "price": "110.60",
            "revenue": 676647
        },
        "2015-01": {
            "month": "2015-01",
            "price": "106.70",
            "revenue": 686449
        },
        "2015-02": {
            "month": "2015-02",
            "price": "108.85",
            "revenue": 571491
        },
        "2015-03": {
            "month": "2015-03",
            "price": "121.36",
            "revenue": 645641
        },
        "2015-04": {
            "month": "2015-04",
            "price": "132.80",
            "revenue": 682032
        },
        "2015-05": {
            "month": "2015-05",
            "price": "137.62",
            "revenue": 649857
        },
        "2015-06": {
            "month": "2015-06",
            "price": "155.45",
            "revenue": 712479
        },
        "2015-07": {
            "month": "2015-07",
            "price": "166.57",
            "revenue": 688669
        },
        "2015-08": {
            "month": "2015-08",
            "price": "131.21",
            "revenue": 662874
        },
        "2015-09": {
            "month": "2015-09",
            "price": "141.18",
            "revenue": 810331
        },
        "2015-10": {
            "month": "2015-10",
            "price": "152.19",
            "revenue": 707701
        },
        "2015-11": {
            "month": "2015-11",
            "price": "141.64",
            "revenue": 752123
        },
        "2015-12": {
            "month": "2015-12",
            "price": "141.57",
            "revenue": 850832
        },
        "2016-01": {
            "month": "2016-01",
            "price": "148.38",
            "revenue": 697243
        },
        "2016-02": {
            "month": "2016-02",
            "price": "162.23",
            "revenue": 651436
        },
        "2016-03": {
            "month": "2016-03",
            "price": "160.93",
            "revenue": 702564
        },
        "2016-04": {
            "month": "2016-04",
            "price": "198.76",
            "revenue": 726428
        },
        "2016-05": {
            "month": "2016-05",
            "price": "181.76",
            "revenue": 734017
        },
        "2016-06": {
            "month": "2016-06",
            "price": "184.29",
            "revenue": 825685
        },
        "2016-07": {
            "month": "2016-07",
            "price": "189.95",
            "revenue": 745376
        },
        "2016-08": {
            "month": "2016-08",
            "price": "187.57",
            "revenue": 800355
        },
        "2016-09": {
            "month": "2016-09",
            "price": "175.24",
            "revenue": 826819
        },
        "2016-10": {
            "month": "2016-10",
            "price": "160.82",
            "revenue": 800025
        },
        "2016-11": {
            "month": "2016-11",
            "price": "147.86",
            "revenue": 822779
        },
        "2016-12": {
            "month": "2016-12",
            "price": "163.17",
            "revenue": 881756
        },
        "2017-01": {
            "month": "2017-01",
            "price": "169.09",
            "revenue": 659662
        },
        "2017-02": {
            "month": "2017-02",
            "price": "177.42",
            "revenue": 748760
        },
        "2017-03": {
            "month": "2017-03",
            "price": "177.46",
            "revenue": 924994
        },
        "2017-04": {
            "month": "2017-04",
            "price": "182.08",
            "revenue": 845475
        },
        "2017-05": {
            "month": "2017-05",
            "price": "209.52",
            "revenue": 1342210
        },
        "2017-06": {
            "month": "2017-06",
            "price": "221.26",
            "revenue": 1474095
        },
        "2017-07": {
            "month": "2017-07",
            "price": "212.83",
            "revenue": 1372485
        },
        "2017-08": {
            "month": "2017-08",
            "price": "230.59",
            "revenue": 1527762
        },
        "2017-09": {
            "month": "2017-09",
            "price": "278.86",
            "revenue": 1566891
        },
        "2017-10": {
            "month": "2017-10",
            "price": "300.68",
            "revenue": 1526460
        },
        "2017-11": {
            "month": "2017-11",
            "price": "273.50",
            "revenue": 1751080
        },
        "2017-12": {
            "month": "2017-12",
            "price": "272.64",
            "revenue": 1790170
        },
        "2018-01": {
            "month": "2018-01",
            "price": "270.82",
            "revenue": 1629602
        },
        "2018-02": {
            "month": "2018-02",
            "price": "256.15",
            "revenue": 1382698
        },
        "2018-03": {
            "month": "2018-03",
            "price": "271.24",
            "revenue": 1690587
        },
        "2018-04": {
            "month": "2018-04",
            "price": "236.86",
            "revenue": 1828769
        },
        "2018-05": {
            "month": "2018-05",
            "price": "210.98",
            "revenue": 1665222
        },
        "2018-06": {
            "month": "2018-06",
            "price": "227.42",
            "revenue": 1774199
        },
        "2018-07": {
            "month": "2018-07",
            "price": "202.91",
            "revenue": 1779407
        },
        "2018-08": {
            "month": "2018-08",
            "price": "180.41",
            "revenue": 2028795
        },
        "2018-09": {
            "month": "2018-09",
            "price": "153.00",
            "revenue": 1887159
        },
        "2018-10": {
            "month": "2018-10",
            "price": "150.82",
            "revenue": 1854121
        },
        "2018-11": {
            "month": "2018-11",
            "price": "182.55",
            "revenue": 1940494
        },
        "2018-12": {
            "month": "2018-12",
            "price": "203.50",
            "revenue": 1889794
        },
        "2019-01": {
            "month": "2019-01",
            "price": "198.45",
            "revenue": 1882332
        },
        "2019-02": {
            "month": "2019-02",
            "price": "195.12",
            "revenue": 1690154
        },
        "2019-03": {
            "month": "2019-03",
            "price": "207.42",
            "revenue": 1898466
        },
        "2019-04": {
            "month": "2019-04",
            "price": "206.85",
            "revenue": 2093624
        },
        "2019-05": {
            "month": "2019-05",
            "price": "202.91",
            "revenue": 1894983
        },
        "2019-06": {
            "month": "2019-06",
            "price": "206.79",
            "revenue": 2037085
        },
        "2019-07": {
            "month": "2019-07",
            "price": "236.35",
            "revenue": 1928744
        },
        "2019-08": {
            "month": "2019-08",
            "price": "217.12",
            "revenue": 1879990
        },
        "2019-09": {
            "month": "2019-09",
            "price": "219.08",
            "revenue": 2009661
        },
        "2019-10": {
            "month": "2019-10",
            "price": "209.40",
            "revenue": 2057806
        },
        "2019-11": {
            "month": "2019-11",
            "price": "218.02",
            "revenue": 1890466
        },
        "2019-12": {
            "month": "2019-12",
            "price": "217.14",
            "revenue": 1856346
        },
        "2020-01": {
            "month": "2020-01",
            "price": "231.40",
            "revenue": 1562357
        },
        "2020-02": {
            "month": "2020-02",
            "price": "211.74",
            "revenue": 1729813
        },
        "2020-03": {
            "month": "2020-03",
            "price": "164.82",
            "revenue": 1657066
        },
        "2020-04": {
            "month": "2020-04",
            "price": "176.18",
            "revenue": 1787671
        },
        "2020-05": {
            "month": "2020-05",
            "price": "187.98",
            "revenue": 1720993
        },
        "2020-06": {
            "month": "2020-06",
            "price": "209.52",
            "revenue": 1759268
        },
        "2020-07": {
            "month": "2020-07",
            "price": "208.17",
            "revenue": 2015553
        },
        "2020-08": {
            "month": "2020-08",
            "price": "221.48",
            "revenue": 2005569
        },
        "2020-09": {
            "month": "2020-09",
            "price": "240.32",
            "revenue": 2043323
        },
        "2020-10": {
            "month": "2020-10",
            "price": "219.97",
            "revenue": 2166162
        },
        "2020-11": {
            "month": "2020-11",
            "price": "237.67",
            "revenue": 2134525
        },
        "2020-12": {
            "month": "2020-12",
            "price": "243.11",
            "revenue": 1997735
        },
        "2021-01": {
            "month": "2021-01",
            "price": "281.12",
            "revenue": 2114796
        },
        "2021-02": {
            "month": "2021-02",
            "price": "301.92",
            "revenue": 1840810
        },
        "2021-03": {
            "month": "2021-03",
            "price": "273.82",
            "revenue": 2178643
        },
        "2021-04": {
            "month": "2021-04",
            "price": "271.05",
            "revenue": 2317157
        },
        "2021-05": {
            "month": "2021-05",
            "price": "236.62",
            "revenue": 2316528
        },
        "2021-06": {
            "month": "2021-06",
            "price": "247.40",
            "revenue": 2407544
        },
        "2021-07": {
            "month": "2021-07",
            "price": "253.27",
            "revenue": 2296025
        },
        "2021-08": {
            "month": "2021-08",
            "price": "232.84",
            "revenue": 2478218
        },
        "2021-09": {
            "month": "2021-09",
            "price": "237.65",
            "revenue": 2663426
        },
        "2021-10": {
            "month": "2021-10",
            "price": "256.55",
            "revenue": 2490040
        },
        "2021-11": {
            "month": "2021-11",
            "price": "260.55",
            "revenue": 2701285
        },
        "2021-12": {
            "month": "2021-12",
            "price": "250.89",
            "revenue": 2879354
        },
        "2022-01": {
            "month": "2022-01",
            "price": "262.83",
            "revenue": 3212362
        },
        "2022-02": {
            "month": "2022-02",
            "price": "295.83",
            "revenue": 4068434
        },
        "2022-03": {
            "month": "2022-03",
            "price": "304.74",
            "revenue": 4364973
        },
        "2022-04": {
            "month": "2022-04",
            "price": "300.82",
            "revenue": 4309865
        },
        "2022-05": {
            "month": "2022-05",
            "price": "313.64",
            "revenue": 4652365
        },
        "2022-06": {
            "month": "2022-06",
            "price": "305.29",
            "revenue": 5067975
        },
        "2022-07": {
            "month": "2022-07",
            "price": "313.74",
            "revenue": 4953269
        },
        "2022-08": {
            "month": "2022-08",
            "price": "310.98",
            "revenue": 4567275
        },
        "2022-09": {
            "month": "2022-09",
            "price": "307.17",
            "revenue": 4943901
        },
        "2022-10": {
            "month": "2022-10",
            "price": "266.52",
            "revenue": 4723102
        },
        "2022-11": {
            "month": "2022-11",
            "price": "253.84",
            "revenue": 4787574
        },
        "2022-12": {
            "month": "2022-12",
            "price": "253.86",
            "revenue": 4011194
        },
        "2023-01": {
            "month": "2023-01",
            "price": "247.27",
            "revenue": 4076421
        },
        "2023-02": {
            "month": "2023-02",
            "price": "273.39",
            "revenue": 4008440
        },
        "2023-03": {
            "month": "2023-03",
            "price": "275.37",
            "revenue": 4580439
        },
        "2023-04": {
            "month": "2023-04",
            "price": "268.56",
            "revenue": 4308311
        },
        "2023-05": {
            "month": "2023-05",
            "price": "262.34",
            "revenue": 4420933
        },
        "2023-06": {
            "month": "2023-06",
            "price": "290.82",
            "revenue": 4274967
        },
        "2023-07": {
            "month": "2023-07",
            "price": "313.50",
            "revenue": 4458285
        },
        "2023-08": {
            "month": "2023-08",
            "price": "271.23",
            "revenue": 4352728
        },
        "2023-09": {
            "month": "2023-09",
            "price": "260.95",
            "revenue": 4304914
        },
        "2023-10": {
            "month": "2023-10",
            "price": "261.42",
            "revenue": 4486505
        },
        "2023-11": {
            "month": "2023-11",
            "price": "260.75",
            "revenue": 4142794
        },
        "2023-12": {
            "month": "2023-12",
            "price": "266.79",
            "revenue": 3488338
        }
    }
}
