{
    "summary": {
        "stock_name": "光耀",
        "stock_id": "3666",
        "category": "光電",
        "main_business": "光學膜相關產品",
        "website_url": "http://www.optivtech.com",
        "ceo": "袁廣麟",
        "pe_ratio": -4,
        "report_year_from": 2008,
        "report_year_to": 2023,
        "age": 16,
        "eps_negative_percentage": 45,
        "eps_growth_avg": {
            "last_all": -8.06,
            "last_2y": -100,
            "last_4y": -100,
            "last_8y": -29.68,
            "last_12y": null,
            "last_16y": null,
            "last_20y": null,
            "at_2006_last_3y": null,
            "at_2007_last_3y": null,
            "at_2008_last_3y": null,
            "at_2009_last_3y": null,
            "at_2010_last_3y": null,
            "at_2011_last_3y": null,
            "at_2012_last_3y": null,
            "at_2013_last_3y": null,
            "at_2014_last_3y": null,
            "at_2015_last_3y": null,
            "at_2016_last_3y": null,
            "at_2017_last_3y": 37.91,
            "at_2018_last_3y": -12.09,
            "at_2019_last_3y": 14.19,
            "at_2020_last_3y": -7.43,
            "at_2021_last_3y": -100,
            "at_2022_last_3y": -100,
            "at_2023_last_3y": -100,
            "at_2024_last_3y": -100,
            "at_2006_last_all": null,
            "at_2007_last_all": null,
            "at_2008_last_all": null,
            "at_2009_last_all": null,
            "at_2010_last_all": null,
            "at_2011_last_all": null,
            "at_2012_last_all": null,
            "at_2013_last_all": null,
            "at_2014_last_all": null,
            "at_2015_last_all": 4.52,
            "at_2016_last_all": 22.16,
            "at_2017_last_all": 37.91,
            "at_2018_last_all": 10.32,
            "at_2019_last_all": 10.32,
            "at_2020_last_all": 10.32,
            "at_2021_last_all": -8.06,
            "at_2022_last_all": -8.06,
            "at_2023_last_all": -8.06,
            "at_2024_last_all": -8.06
        },
        "latest_eps": -5.64,
        "latest_price": 25,
        "latest_roe": -36.98,
        "latest_gross_margin": -23.09,
        "latest_equity": 659481,
        "latest_revenue": 158215,
        "latest_gross_profit": -36527,
        "latest_net_income": -95211,
        "latest_debt_ratio": 40.83,
        "latest_current_ratio": 139.51,
        "latest_account_receivable_turnover_ratio": 0.5,
        "latest_inventory_turnover_ratio": 1.22,
        "latest_reinvestment_rate": null,
        "latest_research_to_sale_ratio": 6.16
    },
    "eps_dividends": {
        "2001": {
            "cash": 0,
            "stock": 0,
            "eps": 0
        },
        "2002": {
            "cash": 0,
            "stock": 0,
            "eps": 0
        },
        "2003": {
            "cash": 0,
            "stock": 0,
            "eps": 0
        },
        "2004": {
            "cash": 0,
            "stock": 0,
            "eps": 0
        },
        "2005": {
            "cash": 0,
            "stock": 0,
            "eps": 0
        },
        "2006": {
            "cash": 0,
            "stock": 0,
            "eps": 0
        },
        "2007": {
            "cash": 0,
            "stock": 0,
            "eps": 0
        },
        "2008": {
            "cash": 0,
            "stock": 0,
            "eps": 0
        },
        "2009": {
            "cash": 0,
            "stock": 0,
            "eps": 0
        },
        "2010": {
            "cash": 0,
            "stock": 0,
            "eps": 0
        },
        "2011": {
            "cash": 0,
            "stock": 0,
            "eps": 0
        },
        "2012": {
            "cash": 0,
            "stock": 0,
            "eps": 0
        },
        "2013": {
            "cash": 0.2,
            "stock": 0,
            "eps": 1.76
        },
        "2014": {
            "cash": 0.6,
            "stock": 0.6,
            "eps": 5.2
        },
        "2015": {
            "cash": 3,
            "stock": 0,
            "eps": 0.47
        },
        "2016": {
            "cash": 1,
            "stock": 0,
            "eps": 0.74
        },
        "2017": {
            "cash": 1,
            "stock": 0,
            "eps": 1.37
        },
        "2018": {
            "cash": 1.3,
            "stock": 0,
            "eps": -1.83
        },
        "2019": {
            "cash": 0,
            "stock": 0,
            "eps": -0.4
        },
        "2020": {
            "cash": 0,
            "stock": 0,
            "eps": 2.47
        },
        "2021": {
            "cash": 2,
            "stock": 0,
            "eps": -0.57
        },
        "2022": {
            "cash": 0,
            "stock": 0,
            "eps": -5.71
        },
        "2023": {
            "cash": 0,
            "stock": 0,
            "eps": -5.64
        }
    },
    "dividends": {
        "2013-06-10": {
            "cash": 0.2,
            "stock": 0
        },
        "2014-10-06": {
            "cash": 0.6,
            "stock": 0.6
        },
        "2015-07-30": {
            "cash": 3,
            "stock": 0
        },
        "2016-08-18": {
            "cash": 1,
            "stock": 0
        },
        "2017-08-18": {
            "cash": 1,
            "stock": 0
        },
        "2018-08-17": {
            "cash": 1.3,
            "stock": 0
        },
        "2021-07-29": {
            "cash": 2,
            "stock": 0
        }
    },
    "prices": {
        "200101": "無",
        "200102": "無",
        "200103": "無",
        "200104": "無",
        "200105": "無",
        "200106": "無",
        "200107": "無",
        "200108": "無",
        "200109": "無",
        "200110": "無",
        "200111": "無",
        "200112": "無",
        "200201": "無",
        "200202": "無",
        "200203": "無",
        "200204": "無",
        "200205": "無",
        "200206": "無",
        "200207": "無",
        "200208": "無",
        "200209": "無",
        "200210": "無",
        "200211": "無",
        "200212": "無",
        "200301": "無",
        "200302": "無",
        "200303": "無",
        "200304": "無",
        "200305": "無",
        "200306": "無",
        "200307": "無",
        "200308": "無",
        "200309": "無",
        "200310": "無",
        "200311": "無",
        "200312": "無",
        "200401": "無",
        "200402": "無",
        "200403": "無",
        "200404": "無",
        "200405": "無",
        "200406": "無",
        "200407": "無",
        "200408": "無",
        "200409": "無",
        "200410": "無",
        "200411": "無",
        "200412": "無",
        "200501": "無",
        "200502": "無",
        "200503": "無",
        "200504": "無",
        "200505": "無",
        "200506": "無",
        "200507": "無",
        "200508": "無",
        "200509": "無",
        "200510": "無",
        "200511": "無",
        "200512": "無",
        "200601": "無",
        "200602": "無",
        "200603": "無",
        "200604": "無",
        "200605": "無",
        "200606": "無",
        "200607": "無",
        "200608": "無",
        "200609": "無",
        "200610": "無",
        "200611": "無",
        "200612": "無",
        "200701": "無",
        "200702": "無",
        "200703": "無",
        "200704": "無",
        "200705": "無",
        "200706": "無",
        "200707": "無",
        "200708": "無",
        "200709": "無",
        "200710": "無",
        "200711": "無",
        "200712": "無",
        "200801": "無",
        "200802": "無",
        "200803": "無",
        "200804": "無",
        "200805": "無",
        "200806": "無",
        "200807": "無",
        "200808": "無",
        "200809": "無",
        "200810": "無",
        "200811": "無",
        "200812": "無",
        "200901": "無",
        "200902": "無",
        "200903": "無",
        "200904": "無",
        "200905": "無",
        "200906": "27.74",
        "200907": "33.59",
        "200908": "37.62",
        "200909": "37.17",
        "200910": "36.34",
        "200911": "34.78",
        "200912": "35.73",
        "201001": "35.50",
        "201002": "35.33",
        "201003": "32.02",
        "201004": "34.32",
        "201005": "35.82",
        "201006": "32.02",
        "201007": "30.71",
        "201008": "28.06",
        "201009": "21.06",
        "201010": "16.72",
        "201011": "15.93",
        "201012": "15.20",
        "201101": "13.05",
        "201102": "13.57",
        "201103": "13.50",
        "201104": "13.61",
        "201105": "12.34",
        "201106": "11.20",
        "201107": "9.90",
        "201108": "7.53",
        "201109": "5.96",
        "201110": "5.14",
        "201111": "5.19",
        "201112": "5.05",
        "201201": "4.30",
        "201202": "6.09",
        "201203": "4.55",
        "201204": "3.95",
        "201205": "3.82",
        "201206": "3.21",
        "201207": "3.35",
        "201208": "2.94",
        "201209": "4.40",
        "201210": "4.76",
        "201211": "4.07",
        "201212": "4.31",
        "201301": "4.83",
        "201302": "13.58",
        "201303": "15.43",
        "201304": "20.62",
        "201305": "31.28",
        "201306": "35.24",
        "201307": "35.34",
        "201308": "34.94",
        "201309": "33.71",
        "201310": "32.39",
        "201311": "27.65",
        "201312": "29.52",
        "201401": "34.90",
        "201402": "35.88",
        "201403": "45.68",
        "201404": "47.86",
        "201405": "52.31",
        "201406": "63.96",
        "201407": "58.17",
        "201408": "53.74",
        "201409": "57.49",
        "201410": "51.58",
        "201411": "49.48",
        "201412": "53.24",
        "201501": "54.90",
        "201502": "47.48",
        "201503": "47.36",
        "201504": "42.68",
        "201505": "33.63",
        "201506": "25.15",
        "201507": "19.42",
        "201508": "14.11",
        "201509": "17.42",
        "201510": "20.25",
        "201511": "21.87",
        "201512": "22.38",
        "201601": "22.30",
        "201602": "32.20",
        "201603": "34.21",
        "201604": "27.60",
        "201605": "22.16",
        "201606": "22.86",
        "201607": "28.64",
        "201608": "28.88",
        "201609": "28.87",
        "201610": "29.00",
        "201611": "24.78",
        "201612": "23.97",
        "201701": "23.36",
        "201702": "24.00",
        "201703": "24.40",
        "201704": "23.60",
        "201705": "22.92",
        "201706": "22.94",
        "201707": "24.60",
        "201708": "23.26",
        "201709": "24.81",
        "201710": "28.17",
        "201711": "32.38",
        "201712": "26.32",
        "201801": "24.44",
        "201802": "22.66",
        "201803": "23.90",
        "201804": "23.04",
        "201805": "21.90",
        "201806": "22.61",
        "201807": "21.16",
        "201808": "18.85",
        "201809": "16.02",
        "201810": "14.25",
        "201811": "13.85",
        "201812": "15.56",
        "201901": "14.88",
        "201902": "14.75",
        "201903": "15.14",
        "201904": "17.54",
        "201905": "15.51",
        "201906": "15.18",
        "201907": "15.93",
        "201908": "16.96",
        "201909": "18.98",
        "201910": "18.90",
        "201911": "17.43",
        "201912": "17.96",
        "202001": "17.54",
        "202002": "16.66",
        "202003": "13.69",
        "202004": "14.52",
        "202005": "15.52",
        "202006": "15.75",
        "202007": "16.70",
        "202008": "22.29",
        "202009": "30.08",
        "202010": "33.27",
        "202011": "47.98",
        "202012": "81.05",
        "202101": "65.58",
        "202102": "62.75",
        "202103": "64.53",
        "202104": "60.90",
        "202105": "43.54",
        "202106": "42.69",
        "202107": "40.58",
        "202108": "34.60",
        "202109": "30.72",
        "202110": "26.32",
        "202111": "31.42",
        "202112": "34.03",
        "202201": "33.45",
        "202202": "32.27",
        "202203": "28.45",
        "202204": "24.02",
        "202205": "24.46",
        "202206": "28.27",
        "202207": "25.50",
        "202208": "24.95",
        "202209": "21.61",
        "202210": "17.58",
        "202211": "18.35",
        "202212": "19.21",
        "202301": "18.77",
        "202302": "19.37",
        "202303": "22.98",
        "202304": "23.27",
        "202305": "22.52",
        "202306": "22.76",
        "202307": "26.93",
        "202308": "26.03",
        "202309": "25.42",
        "202310": "27.86",
        "202311": "26.65",
        "202312": "27.19"
    },
    "quarters": {
        "20011": {
            "year_quarter": 20011,
            "year": 2001,
            "quarter": 1,
            "eps": null,
            "eps_growth_year": null,
            "eps_4q": null,
            "eps_4q_growth_year": null,
            "roe": null,
            "roe_4q": 0,
            "gross_profit": null,
            "gross_margin": null,
            "gross_margin_4q_avg": 0,
            "net_income": null,
            "net_income_4q": null,
            "revenue": null,
            "revenue_4q": null,
            "common_shares": null,
            "book_valuer_per_share": null,
            "book_valuer_per_share_4q_avg": 0,
            "equity": null,
            "current_ratio": null,
            "debt_ratio": null,
            "inventory_turnover_ratio": null,
            "account_receivable_turnover_ratio": null,
            "reinvestment_rate": null,
            "research_to_sale_ratio": null,
            "price_fair": 0,
            "eps_avg_yearly": 0,
            "eps_latest_yearly": 0,
            "eps_growth_yearly": 0
        },
        "20012": {
            "year_quarter": 20012,
            "year": 2001,
            "quarter": 2,
            "eps": null,
            "eps_growth_year": null,
            "eps_4q": null,
            "eps_4q_growth_year": null,
            "roe": null,
            "roe_4q": 0,
            "gross_profit": null,
            "gross_margin": null,
            "gross_margin_4q_avg": 0,
            "net_income": null,
            "net_income_4q": null,
            "revenue": null,
            "revenue_4q": null,
            "common_shares": null,
            "book_valuer_per_share": null,
            "book_valuer_per_share_4q_avg": 0,
            "equity": null,
            "current_ratio": null,
            "debt_ratio": null,
            "inventory_turnover_ratio": null,
            "account_receivable_turnover_ratio": null,
            "reinvestment_rate": null,
            "research_to_sale_ratio": null,
            "price_fair": 0,
            "eps_avg_yearly": 0,
            "eps_latest_yearly": 0,
            "eps_growth_yearly": 0
        },
        "20013": {
            "year_quarter": 20013,
            "year": 2001,
            "quarter": 3,
            "eps": null,
            "eps_growth_year": null,
            "eps_4q": null,
            "eps_4q_growth_year": null,
            "roe": null,
            "roe_4q": 0,
            "gross_profit": null,
            "gross_margin": null,
            "gross_margin_4q_avg": 0,
            "net_income": null,
            "net_income_4q": null,
            "revenue": null,
            "revenue_4q": null,
            "common_shares": null,
            "book_valuer_per_share": null,
            "book_valuer_per_share_4q_avg": 0,
            "equity": null,
            "current_ratio": null,
            "debt_ratio": null,
            "inventory_turnover_ratio": null,
            "account_receivable_turnover_ratio": null,
            "reinvestment_rate": null,
            "research_to_sale_ratio": null,
            "price_fair": 0,
            "eps_avg_yearly": 0,
            "eps_latest_yearly": 0,
            "eps_growth_yearly": 0
        },
        "20014": {
            "year_quarter": 20014,
            "year": 2001,
            "quarter": 4,
            "eps": null,
            "eps_growth_year": null,
            "eps_4q": null,
            "eps_4q_growth_year": null,
            "roe": null,
            "roe_4q": 0,
            "gross_profit": null,
            "gross_margin": null,
            "gross_margin_4q_avg": 0,
            "net_income": null,
            "net_income_4q": null,
            "revenue": null,
            "revenue_4q": null,
            "common_shares": null,
            "book_valuer_per_share": null,
            "book_valuer_per_share_4q_avg": 0,
            "equity": null,
            "current_ratio": null,
            "debt_ratio": null,
            "inventory_turnover_ratio": null,
            "account_receivable_turnover_ratio": null,
            "reinvestment_rate": null,
            "research_to_sale_ratio": null,
            "price_fair": 0,
            "eps_avg_yearly": 0,
            "eps_latest_yearly": 0,
            "eps_growth_yearly": 0
        },
        "20021": {
            "year_quarter": 20021,
            "year": 2002,
            "quarter": 1,
            "eps": null,
            "eps_growth_year": null,
            "eps_4q": null,
            "eps_4q_growth_year": null,
            "roe": null,
            "roe_4q": 0,
            "gross_profit": null,
            "gross_margin": null,
            "gross_margin_4q_avg": 0,
            "net_income": null,
            "net_income_4q": null,
            "revenue": null,
            "revenue_4q": null,
            "common_shares": null,
            "book_valuer_per_share": null,
            "book_valuer_per_share_4q_avg": 0,
            "equity": null,
            "current_ratio": null,
            "debt_ratio": null,
            "inventory_turnover_ratio": null,
            "account_receivable_turnover_ratio": null,
            "reinvestment_rate": null,
            "research_to_sale_ratio": null,
            "price_fair": 0,
            "eps_avg_yearly": 0,
            "eps_latest_yearly": 0,
            "eps_growth_yearly": 0
        },
        "20022": {
            "year_quarter": 20022,
            "year": 2002,
            "quarter": 2,
            "eps": null,
            "eps_growth_year": null,
            "eps_4q": null,
            "eps_4q_growth_year": null,
            "roe": null,
            "roe_4q": 0,
            "gross_profit": null,
            "gross_margin": null,
            "gross_margin_4q_avg": 0,
            "net_income": null,
            "net_income_4q": null,
            "revenue": null,
            "revenue_4q": null,
            "common_shares": null,
            "book_valuer_per_share": null,
            "book_valuer_per_share_4q_avg": 0,
            "equity": null,
            "current_ratio": null,
            "debt_ratio": null,
            "inventory_turnover_ratio": null,
            "account_receivable_turnover_ratio": null,
            "reinvestment_rate": null,
            "research_to_sale_ratio": null,
            "price_fair": 0,
            "eps_avg_yearly": 0,
            "eps_latest_yearly": 0,
            "eps_growth_yearly": 0
        },
        "20023": {
            "year_quarter": 20023,
            "year": 2002,
            "quarter": 3,
            "eps": null,
            "eps_growth_year": null,
            "eps_4q": null,
            "eps_4q_growth_year": null,
            "roe": null,
            "roe_4q": 0,
            "gross_profit": null,
            "gross_margin": null,
            "gross_margin_4q_avg": 0,
            "net_income": null,
            "net_income_4q": null,
            "revenue": null,
            "revenue_4q": null,
            "common_shares": null,
            "book_valuer_per_share": null,
            "book_valuer_per_share_4q_avg": 0,
            "equity": null,
            "current_ratio": null,
            "debt_ratio": null,
            "inventory_turnover_ratio": null,
            "account_receivable_turnover_ratio": null,
            "reinvestment_rate": null,
            "research_to_sale_ratio": null,
            "price_fair": 0,
            "eps_avg_yearly": 0,
            "eps_latest_yearly": 0,
            "eps_growth_yearly": 0
        },
        "20024": {
            "year_quarter": 20024,
            "year": 2002,
            "quarter": 4,
            "eps": null,
            "eps_growth_year": null,
            "eps_4q": null,
            "eps_4q_growth_year": null,
            "roe": null,
            "roe_4q": 0,
            "gross_profit": null,
            "gross_margin": null,
            "gross_margin_4q_avg": 0,
            "net_income": null,
            "net_income_4q": null,
            "revenue": null,
            "revenue_4q": null,
            "common_shares": null,
            "book_valuer_per_share": null,
            "book_valuer_per_share_4q_avg": 0,
            "equity": null,
            "current_ratio": null,
            "debt_ratio": null,
            "inventory_turnover_ratio": null,
            "account_receivable_turnover_ratio": null,
            "reinvestment_rate": null,
            "research_to_sale_ratio": null,
            "price_fair": 0,
            "eps_avg_yearly": 0,
            "eps_latest_yearly": 0,
            "eps_growth_yearly": 0
        },
        "20031": {
            "year_quarter": 20031,
            "year": 2003,
            "quarter": 1,
            "eps": null,
            "eps_growth_year": null,
            "eps_4q": null,
            "eps_4q_growth_year": null,
            "roe": null,
            "roe_4q": 0,
            "gross_profit": null,
            "gross_margin": null,
            "gross_margin_4q_avg": 0,
            "net_income": null,
            "net_income_4q": null,
            "revenue": null,
            "revenue_4q": null,
            "common_shares": null,
            "book_valuer_per_share": null,
            "book_valuer_per_share_4q_avg": 0,
            "equity": null,
            "current_ratio": null,
            "debt_ratio": null,
            "inventory_turnover_ratio": null,
            "account_receivable_turnover_ratio": null,
            "reinvestment_rate": null,
            "research_to_sale_ratio": null,
            "price_fair": 0,
            "eps_avg_yearly": 0,
            "eps_latest_yearly": 0,
            "eps_growth_yearly": 0
        },
        "20032": {
            "year_quarter": 20032,
            "year": 2003,
            "quarter": 2,
            "eps": null,
            "eps_growth_year": null,
            "eps_4q": null,
            "eps_4q_growth_year": null,
            "roe": null,
            "roe_4q": 0,
            "gross_profit": null,
            "gross_margin": null,
            "gross_margin_4q_avg": 0,
            "net_income": null,
            "net_income_4q": null,
            "revenue": null,
            "revenue_4q": null,
            "common_shares": null,
            "book_valuer_per_share": null,
            "book_valuer_per_share_4q_avg": 0,
            "equity": null,
            "current_ratio": null,
            "debt_ratio": null,
            "inventory_turnover_ratio": null,
            "account_receivable_turnover_ratio": null,
            "reinvestment_rate": null,
            "research_to_sale_ratio": null,
            "price_fair": 0,
            "eps_avg_yearly": 0,
            "eps_latest_yearly": 0,
            "eps_growth_yearly": 0
        },
        "20033": {
            "year_quarter": 20033,
            "year": 2003,
            "quarter": 3,
            "eps": null,
            "eps_growth_year": null,
            "eps_4q": null,
            "eps_4q_growth_year": null,
            "roe": null,
            "roe_4q": 0,
            "gross_profit": null,
            "gross_margin": null,
            "gross_margin_4q_avg": 0,
            "net_income": null,
            "net_income_4q": null,
            "revenue": null,
            "revenue_4q": null,
            "common_shares": null,
            "book_valuer_per_share": null,
            "book_valuer_per_share_4q_avg": 0,
            "equity": null,
            "current_ratio": null,
            "debt_ratio": null,
            "inventory_turnover_ratio": null,
            "account_receivable_turnover_ratio": null,
            "reinvestment_rate": null,
            "research_to_sale_ratio": null,
            "price_fair": 0,
            "eps_avg_yearly": 0,
            "eps_latest_yearly": 0,
            "eps_growth_yearly": 0
        },
        "20034": {
            "year_quarter": 20034,
            "year": 2003,
            "quarter": 4,
            "eps": null,
            "eps_growth_year": null,
            "eps_4q": null,
            "eps_4q_growth_year": null,
            "roe": null,
            "roe_4q": 0,
            "gross_profit": null,
            "gross_margin": null,
            "gross_margin_4q_avg": 0,
            "net_income": null,
            "net_income_4q": null,
            "revenue": null,
            "revenue_4q": null,
            "common_shares": null,
            "book_valuer_per_share": null,
            "book_valuer_per_share_4q_avg": 0,
            "equity": null,
            "current_ratio": null,
            "debt_ratio": null,
            "inventory_turnover_ratio": null,
            "account_receivable_turnover_ratio": null,
            "reinvestment_rate": null,
            "research_to_sale_ratio": null,
            "price_fair": 0,
            "eps_avg_yearly": 0,
            "eps_latest_yearly": 0,
            "eps_growth_yearly": 0
        },
        "20041": {
            "year_quarter": 20041,
            "year": 2004,
            "quarter": 1,
            "eps": null,
            "eps_growth_year": null,
            "eps_4q": null,
            "eps_4q_growth_year": null,
            "roe": null,
            "roe_4q": 0,
            "gross_profit": null,
            "gross_margin": null,
            "gross_margin_4q_avg": 0,
            "net_income": null,
            "net_income_4q": null,
            "revenue": null,
            "revenue_4q": null,
            "common_shares": null,
            "book_valuer_per_share": null,
            "book_valuer_per_share_4q_avg": 0,
            "equity": null,
            "current_ratio": null,
            "debt_ratio": null,
            "inventory_turnover_ratio": null,
            "account_receivable_turnover_ratio": null,
            "reinvestment_rate": null,
            "research_to_sale_ratio": null,
            "price_fair": 0,
            "eps_avg_yearly": 0,
            "eps_latest_yearly": 0,
            "eps_growth_yearly": 0
        },
        "20042": {
            "year_quarter": 20042,
            "year": 2004,
            "quarter": 2,
            "eps": null,
            "eps_growth_year": null,
            "eps_4q": null,
            "eps_4q_growth_year": null,
            "roe": null,
            "roe_4q": 0,
            "gross_profit": null,
            "gross_margin": null,
            "gross_margin_4q_avg": 0,
            "net_income": null,
            "net_income_4q": null,
            "revenue": null,
            "revenue_4q": null,
            "common_shares": null,
            "book_valuer_per_share": null,
            "book_valuer_per_share_4q_avg": 0,
            "equity": null,
            "current_ratio": null,
            "debt_ratio": null,
            "inventory_turnover_ratio": null,
            "account_receivable_turnover_ratio": null,
            "reinvestment_rate": null,
            "research_to_sale_ratio": null,
            "price_fair": 0,
            "eps_avg_yearly": 0,
            "eps_latest_yearly": 0,
            "eps_growth_yearly": 0
        },
        "20043": {
            "year_quarter": 20043,
            "year": 2004,
            "quarter": 3,
            "eps": null,
            "eps_growth_year": null,
            "eps_4q": null,
            "eps_4q_growth_year": null,
            "roe": null,
            "roe_4q": 0,
            "gross_profit": null,
            "gross_margin": null,
            "gross_margin_4q_avg": 0,
            "net_income": null,
            "net_income_4q": null,
            "revenue": null,
            "revenue_4q": null,
            "common_shares": null,
            "book_valuer_per_share": null,
            "book_valuer_per_share_4q_avg": 0,
            "equity": null,
            "current_ratio": null,
            "debt_ratio": null,
            "inventory_turnover_ratio": null,
            "account_receivable_turnover_ratio": null,
            "reinvestment_rate": null,
            "research_to_sale_ratio": null,
            "price_fair": 0,
            "eps_avg_yearly": 0,
            "eps_latest_yearly": 0,
            "eps_growth_yearly": 0
        },
        "20044": {
            "year_quarter": 20044,
            "year": 2004,
            "quarter": 4,
            "eps": null,
            "eps_growth_year": null,
            "eps_4q": null,
            "eps_4q_growth_year": null,
            "roe": null,
            "roe_4q": 0,
            "gross_profit": null,
            "gross_margin": null,
            "gross_margin_4q_avg": 0,
            "net_income": null,
            "net_income_4q": null,
            "revenue": null,
            "revenue_4q": null,
            "common_shares": 70000,
            "book_valuer_per_share": 9.8,
            "book_valuer_per_share_4q_avg": 2.45,
            "equity": 68613,
            "current_ratio": 2658.91,
            "debt_ratio": 2.69,
            "inventory_turnover_ratio": null,
            "account_receivable_turnover_ratio": null,
            "reinvestment_rate": null,
            "research_to_sale_ratio": null,
            "price_fair": 0,
            "eps_avg_yearly": 0,
            "eps_latest_yearly": 0,
            "eps_growth_yearly": 0
        },
        "20051": {
            "year_quarter": 20051,
            "year": 2005,
            "quarter": 1,
            "eps": null,
            "eps_growth_year": null,
            "eps_4q": null,
            "eps_4q_growth_year": null,
            "roe": null,
            "roe_4q": 0,
            "gross_profit": null,
            "gross_margin": null,
            "gross_margin_4q_avg": 0,
            "net_income": null,
            "net_income_4q": null,
            "revenue": null,
            "revenue_4q": null,
            "common_shares": null,
            "book_valuer_per_share": null,
            "book_valuer_per_share_4q_avg": 2.45,
            "equity": null,
            "current_ratio": null,
            "debt_ratio": null,
            "inventory_turnover_ratio": null,
            "account_receivable_turnover_ratio": null,
            "reinvestment_rate": null,
            "research_to_sale_ratio": null,
            "price_fair": 0,
            "eps_avg_yearly": 0,
            "eps_latest_yearly": 0,
            "eps_growth_yearly": 0
        },
        "20052": {
            "year_quarter": 20052,
            "year": 2005,
            "quarter": 2,
            "eps": null,
            "eps_growth_year": null,
            "eps_4q": null,
            "eps_4q_growth_year": null,
            "roe": null,
            "roe_4q": 0,
            "gross_profit": null,
            "gross_margin": null,
            "gross_margin_4q_avg": 0,
            "net_income": null,
            "net_income_4q": null,
            "revenue": null,
            "revenue_4q": null,
            "common_shares": null,
            "book_valuer_per_share": null,
            "book_valuer_per_share_4q_avg": 2.45,
            "equity": null,
            "current_ratio": null,
            "debt_ratio": null,
            "inventory_turnover_ratio": null,
            "account_receivable_turnover_ratio": null,
            "reinvestment_rate": null,
            "research_to_sale_ratio": null,
            "price_fair": 0,
            "eps_avg_yearly": 0,
            "eps_latest_yearly": 0,
            "eps_growth_yearly": 0
        },
        "20053": {
            "year_quarter": 20053,
            "year": 2005,
            "quarter": 3,
            "eps": null,
            "eps_growth_year": null,
            "eps_4q": null,
            "eps_4q_growth_year": null,
            "roe": null,
            "roe_4q": 0,
            "gross_profit": null,
            "gross_margin": null,
            "gross_margin_4q_avg": 0,
            "net_income": null,
            "net_income_4q": null,
            "revenue": null,
            "revenue_4q": null,
            "common_shares": null,
            "book_valuer_per_share": null,
            "book_valuer_per_share_4q_avg": 2.45,
            "equity": null,
            "current_ratio": null,
            "debt_ratio": null,
            "inventory_turnover_ratio": null,
            "account_receivable_turnover_ratio": null,
            "reinvestment_rate": null,
            "research_to_sale_ratio": null,
            "price_fair": 0,
            "eps_avg_yearly": 0,
            "eps_latest_yearly": 0,
            "eps_growth_yearly": 0
        },
        "20054": {
            "year_quarter": 20054,
            "year": 2005,
            "quarter": 4,
            "eps": null,
            "eps_growth_year": null,
            "eps_4q": null,
            "eps_4q_growth_year": null,
            "roe": null,
            "roe_4q": 0,
            "gross_profit": null,
            "gross_margin": null,
            "gross_margin_4q_avg": 0,
            "net_income": null,
            "net_income_4q": null,
            "revenue": null,
            "revenue_4q": null,
            "common_shares": 125500,
            "book_valuer_per_share": 10.05,
            "book_valuer_per_share_4q_avg": 2.51,
            "equity": 126154,
            "current_ratio": 824.19,
            "debt_ratio": 20.45,
            "inventory_turnover_ratio": null,
            "account_receivable_turnover_ratio": null,
            "reinvestment_rate": null,
            "research_to_sale_ratio": null,
            "price_fair": 0,
            "eps_avg_yearly": 0,
            "eps_latest_yearly": 0,
            "eps_growth_yearly": 0
        },
        "20061": {
            "year_quarter": 20061,
            "year": 2006,
            "quarter": 1,
            "eps": null,
            "eps_growth_year": null,
            "eps_4q": null,
            "eps_4q_growth_year": null,
            "roe": null,
            "roe_4q": 0,
            "gross_profit": null,
            "gross_margin": null,
            "gross_margin_4q_avg": 0,
            "net_income": null,
            "net_income_4q": null,
            "revenue": null,
            "revenue_4q": null,
            "common_shares": null,
            "book_valuer_per_share": null,
            "book_valuer_per_share_4q_avg": 2.51,
            "equity": null,
            "current_ratio": null,
            "debt_ratio": null,
            "inventory_turnover_ratio": null,
            "account_receivable_turnover_ratio": null,
            "reinvestment_rate": null,
            "research_to_sale_ratio": null,
            "price_fair": 0,
            "eps_avg_yearly": 0,
            "eps_latest_yearly": 0,
            "eps_growth_yearly": 0
        },
        "20062": {
            "year_quarter": 20062,
            "year": 2006,
            "quarter": 2,
            "eps": null,
            "eps_growth_year": null,
            "eps_4q": null,
            "eps_4q_growth_year": null,
            "roe": null,
            "roe_4q": 0,
            "gross_profit": null,
            "gross_margin": null,
            "gross_margin_4q_avg": 0,
            "net_income": null,
            "net_income_4q": null,
            "revenue": null,
            "revenue_4q": null,
            "common_shares": null,
            "book_valuer_per_share": null,
            "book_valuer_per_share_4q_avg": 2.51,
            "equity": null,
            "current_ratio": null,
            "debt_ratio": null,
            "inventory_turnover_ratio": null,
            "account_receivable_turnover_ratio": null,
            "reinvestment_rate": null,
            "research_to_sale_ratio": null,
            "price_fair": 0,
            "eps_avg_yearly": 0,
            "eps_latest_yearly": 0,
            "eps_growth_yearly": 0
        },
        "20063": {
            "year_quarter": 20063,
            "year": 2006,
            "quarter": 3,
            "eps": null,
            "eps_growth_year": null,
            "eps_4q": null,
            "eps_4q_growth_year": null,
            "roe": null,
            "roe_4q": 0,
            "gross_profit": null,
            "gross_margin": null,
            "gross_margin_4q_avg": 0,
            "net_income": null,
            "net_income_4q": null,
            "revenue": null,
            "revenue_4q": null,
            "common_shares": null,
            "book_valuer_per_share": null,
            "book_valuer_per_share_4q_avg": 2.51,
            "equity": null,
            "current_ratio": null,
            "debt_ratio": null,
            "inventory_turnover_ratio": null,
            "account_receivable_turnover_ratio": null,
            "reinvestment_rate": null,
            "research_to_sale_ratio": null,
            "price_fair": 0,
            "eps_avg_yearly": 0,
            "eps_latest_yearly": 0,
            "eps_growth_yearly": 0
        },
        "20064": {
            "year_quarter": 20064,
            "year": 2006,
            "quarter": 4,
            "eps": null,
            "eps_growth_year": null,
            "eps_4q": null,
            "eps_4q_growth_year": null,
            "roe": null,
            "roe_4q": 0,
            "gross_profit": null,
            "gross_margin": null,
            "gross_margin_4q_avg": 0,
            "net_income": null,
            "net_income_4q": null,
            "revenue": null,
            "revenue_4q": null,
            "common_shares": 200000,
            "book_valuer_per_share": 12.74,
            "book_valuer_per_share_4q_avg": 3.19,
            "equity": 254803,
            "current_ratio": 304.89,
            "debt_ratio": 12.18,
            "inventory_turnover_ratio": null,
            "account_receivable_turnover_ratio": null,
            "reinvestment_rate": null,
            "research_to_sale_ratio": null,
            "price_fair": 0,
            "eps_avg_yearly": 0,
            "eps_latest_yearly": 0,
            "eps_growth_yearly": 0
        },
        "20071": {
            "year_quarter": 20071,
            "year": 2007,
            "quarter": 1,
            "eps": null,
            "eps_growth_year": null,
            "eps_4q": null,
            "eps_4q_growth_year": null,
            "roe": null,
            "roe_4q": 0,
            "gross_profit": null,
            "gross_margin": null,
            "gross_margin_4q_avg": 0,
            "net_income": null,
            "net_income_4q": null,
            "revenue": null,
            "revenue_4q": null,
            "common_shares": null,
            "book_valuer_per_share": null,
            "book_valuer_per_share_4q_avg": 3.19,
            "equity": null,
            "current_ratio": null,
            "debt_ratio": null,
            "inventory_turnover_ratio": null,
            "account_receivable_turnover_ratio": null,
            "reinvestment_rate": null,
            "research_to_sale_ratio": null,
            "price_fair": 0,
            "eps_avg_yearly": 0,
            "eps_latest_yearly": 0,
            "eps_growth_yearly": 0
        },
        "20072": {
            "year_quarter": 20072,
            "year": 2007,
            "quarter": 2,
            "eps": null,
            "eps_growth_year": null,
            "eps_4q": null,
            "eps_4q_growth_year": null,
            "roe": null,
            "roe_4q": 0,
            "gross_profit": null,
            "gross_margin": null,
            "gross_margin_4q_avg": 0,
            "net_income": null,
            "net_income_4q": null,
            "revenue": null,
            "revenue_4q": null,
            "common_shares": null,
            "book_valuer_per_share": null,
            "book_valuer_per_share_4q_avg": 3.19,
            "equity": null,
            "current_ratio": null,
            "debt_ratio": null,
            "inventory_turnover_ratio": null,
            "account_receivable_turnover_ratio": null,
            "reinvestment_rate": null,
            "research_to_sale_ratio": null,
            "price_fair": 0,
            "eps_avg_yearly": 0,
            "eps_latest_yearly": 0,
            "eps_growth_yearly": 0
        },
        "20073": {
            "year_quarter": 20073,
            "year": 2007,
            "quarter": 3,
            "eps": null,
            "eps_growth_year": null,
            "eps_4q": null,
            "eps_4q_growth_year": null,
            "roe": null,
            "roe_4q": 0,
            "gross_profit": null,
            "gross_margin": null,
            "gross_margin_4q_avg": 0,
            "net_income": null,
            "net_income_4q": null,
            "revenue": null,
            "revenue_4q": null,
            "common_shares": null,
            "book_valuer_per_share": null,
            "book_valuer_per_share_4q_avg": 3.19,
            "equity": null,
            "current_ratio": null,
            "debt_ratio": null,
            "inventory_turnover_ratio": null,
            "account_receivable_turnover_ratio": null,
            "reinvestment_rate": null,
            "research_to_sale_ratio": null,
            "price_fair": 0,
            "eps_avg_yearly": 0,
            "eps_latest_yearly": 0,
            "eps_growth_yearly": 0
        },
        "20074": {
            "year_quarter": 20074,
            "year": 2007,
            "quarter": 4,
            "eps": null,
            "eps_growth_year": null,
            "eps_4q": null,
            "eps_4q_growth_year": null,
            "roe": null,
            "roe_4q": 0,
            "gross_profit": null,
            "gross_margin": null,
            "gross_margin_4q_avg": 0,
            "net_income": null,
            "net_income_4q": null,
            "revenue": null,
            "revenue_4q": null,
            "common_shares": 243500,
            "book_valuer_per_share": 13.16,
            "book_valuer_per_share_4q_avg": 3.29,
            "equity": 320506,
            "current_ratio": 163.88,
            "debt_ratio": 25.79,
            "inventory_turnover_ratio": null,
            "account_receivable_turnover_ratio": null,
            "reinvestment_rate": null,
            "research_to_sale_ratio": null,
            "price_fair": 0,
            "eps_avg_yearly": 0,
            "eps_latest_yearly": 0,
            "eps_growth_yearly": 0
        },
        "20081": {
            "year_quarter": 20081,
            "year": 2008,
            "quarter": 1,
            "eps": null,
            "eps_growth_year": null,
            "eps_4q": null,
            "eps_4q_growth_year": null,
            "roe": null,
            "roe_4q": 0,
            "gross_profit": null,
            "gross_margin": null,
            "gross_margin_4q_avg": 0,
            "net_income": null,
            "net_income_4q": null,
            "revenue": null,
            "revenue_4q": null,
            "common_shares": null,
            "book_valuer_per_share": null,
            "book_valuer_per_share_4q_avg": 3.29,
            "equity": null,
            "current_ratio": null,
            "debt_ratio": null,
            "inventory_turnover_ratio": null,
            "account_receivable_turnover_ratio": null,
            "reinvestment_rate": null,
            "research_to_sale_ratio": null,
            "price_fair": 0,
            "eps_avg_yearly": 0,
            "eps_latest_yearly": 0,
            "eps_growth_yearly": 0
        },
        "20082": {
            "year_quarter": 20082,
            "year": 2008,
            "quarter": 2,
            "eps": null,
            "eps_growth_year": null,
            "eps_4q": null,
            "eps_4q_growth_year": null,
            "roe": null,
            "roe_4q": 0,
            "gross_profit": null,
            "gross_margin": null,
            "gross_margin_4q_avg": 0,
            "net_income": null,
            "net_income_4q": null,
            "revenue": null,
            "revenue_4q": null,
            "common_shares": null,
            "book_valuer_per_share": null,
            "book_valuer_per_share_4q_avg": 3.29,
            "equity": null,
            "current_ratio": null,
            "debt_ratio": null,
            "inventory_turnover_ratio": null,
            "account_receivable_turnover_ratio": null,
            "reinvestment_rate": null,
            "research_to_sale_ratio": null,
            "price_fair": 0,
            "eps_avg_yearly": 0,
            "eps_latest_yearly": 0,
            "eps_growth_yearly": 0
        },
        "20083": {
            "year_quarter": 20083,
            "year": 2008,
            "quarter": 3,
            "eps": null,
            "eps_growth_year": null,
            "eps_4q": null,
            "eps_4q_growth_year": null,
            "roe": null,
            "roe_4q": 0,
            "gross_profit": null,
            "gross_margin": null,
            "gross_margin_4q_avg": 0,
            "net_income": null,
            "net_income_4q": null,
            "revenue": null,
            "revenue_4q": null,
            "common_shares": null,
            "book_valuer_per_share": null,
            "book_valuer_per_share_4q_avg": 3.29,
            "equity": null,
            "current_ratio": null,
            "debt_ratio": null,
            "inventory_turnover_ratio": null,
            "account_receivable_turnover_ratio": null,
            "reinvestment_rate": null,
            "research_to_sale_ratio": null,
            "price_fair": 0,
            "eps_avg_yearly": 0,
            "eps_latest_yearly": 0,
            "eps_growth_yearly": 0
        },
        "20084": {
            "year_quarter": 20084,
            "year": 2008,
            "quarter": 4,
            "eps": null,
            "eps_growth_year": null,
            "eps_4q": null,
            "eps_4q_growth_year": null,
            "roe": null,
            "roe_4q": 0,
            "gross_profit": null,
            "gross_margin": null,
            "gross_margin_4q_avg": 0,
            "net_income": null,
            "net_income_4q": null,
            "revenue": null,
            "revenue_4q": null,
            "common_shares": 360310,
            "book_valuer_per_share": 19.14,
            "book_valuer_per_share_4q_avg": 4.79,
            "equity": 689655,
            "current_ratio": 313.22,
            "debt_ratio": 20.32,
            "inventory_turnover_ratio": null,
            "account_receivable_turnover_ratio": null,
            "reinvestment_rate": null,
            "research_to_sale_ratio": null,
            "price_fair": 0,
            "eps_avg_yearly": 0,
            "eps_latest_yearly": 0,
            "eps_growth_yearly": 0
        },
        "20091": {
            "year_quarter": 20091,
            "year": 2009,
            "quarter": 1,
            "eps": null,
            "eps_growth_year": null,
            "eps_4q": null,
            "eps_4q_growth_year": null,
            "roe": null,
            "roe_4q": 0,
            "gross_profit": null,
            "gross_margin": null,
            "gross_margin_4q_avg": 0,
            "net_income": null,
            "net_income_4q": null,
            "revenue": null,
            "revenue_4q": null,
            "common_shares": null,
            "book_valuer_per_share": null,
            "book_valuer_per_share_4q_avg": 4.79,
            "equity": null,
            "current_ratio": null,
            "debt_ratio": null,
            "inventory_turnover_ratio": null,
            "account_receivable_turnover_ratio": null,
            "reinvestment_rate": null,
            "research_to_sale_ratio": null,
            "price_fair": 0,
            "eps_avg_yearly": 0,
            "eps_latest_yearly": 0,
            "eps_growth_yearly": 0
        },
        "20092": {
            "year_quarter": 20092,
            "year": 2009,
            "quarter": 2,
            "eps": null,
            "eps_growth_year": null,
            "eps_4q": null,
            "eps_4q_growth_year": null,
            "roe": null,
            "roe_4q": 0,
            "gross_profit": null,
            "gross_margin": null,
            "gross_margin_4q_avg": 0,
            "net_income": null,
            "net_income_4q": null,
            "revenue": null,
            "revenue_4q": null,
            "common_shares": 362970,
            "book_valuer_per_share": null,
            "book_valuer_per_share_4q_avg": 4.79,
            "equity": 650118,
            "current_ratio": null,
            "debt_ratio": null,
            "inventory_turnover_ratio": null,
            "account_receivable_turnover_ratio": null,
            "reinvestment_rate": null,
            "research_to_sale_ratio": null,
            "price_fair": 0,
            "eps_avg_yearly": 0,
            "eps_latest_yearly": 0,
            "eps_growth_yearly": 0
        },
        "20093": {
            "year_quarter": 20093,
            "year": 2009,
            "quarter": 3,
            "eps": null,
            "eps_growth_year": null,
            "eps_4q": null,
            "eps_4q_growth_year": null,
            "roe": null,
            "roe_4q": 0,
            "gross_profit": null,
            "gross_margin": null,
            "gross_margin_4q_avg": 0,
            "net_income": null,
            "net_income_4q": null,
            "revenue": null,
            "revenue_4q": null,
            "common_shares": null,
            "book_valuer_per_share": null,
            "book_valuer_per_share_4q_avg": 4.79,
            "equity": null,
            "current_ratio": null,
            "debt_ratio": null,
            "inventory_turnover_ratio": null,
            "account_receivable_turnover_ratio": null,
            "reinvestment_rate": null,
            "research_to_sale_ratio": null,
            "price_fair": 0,
            "eps_avg_yearly": 0,
            "eps_latest_yearly": 0,
            "eps_growth_yearly": 0
        },
        "20094": {
            "year_quarter": 20094,
            "year": 2009,
            "quarter": 4,
            "eps": null,
            "eps_growth_year": null,
            "eps_4q": null,
            "eps_4q_growth_year": null,
            "roe": null,
            "roe_4q": 0,
            "gross_profit": null,
            "gross_margin": null,
            "gross_margin_4q_avg": 0,
            "net_income": null,
            "net_income_4q": null,
            "revenue": null,
            "revenue_4q": null,
            "common_shares": 401670,
            "book_valuer_per_share": 16.91,
            "book_valuer_per_share_4q_avg": 4.23,
            "equity": 679033,
            "current_ratio": 153.13,
            "debt_ratio": 39.16,
            "inventory_turnover_ratio": null,
            "account_receivable_turnover_ratio": null,
            "reinvestment_rate": null,
            "research_to_sale_ratio": null,
            "price_fair": 0,
            "eps_avg_yearly": 0,
            "eps_latest_yearly": 0,
            "eps_growth_yearly": 0
        },
        "20101": {
            "year_quarter": 20101,
            "year": 2010,
            "quarter": 1,
            "eps": null,
            "eps_growth_year": null,
            "eps_4q": null,
            "eps_4q_growth_year": null,
            "roe": null,
            "roe_4q": 0,
            "gross_profit": null,
            "gross_margin": null,
            "gross_margin_4q_avg": 0,
            "net_income": null,
            "net_income_4q": null,
            "revenue": null,
            "revenue_4q": null,
            "common_shares": null,
            "book_valuer_per_share": null,
            "book_valuer_per_share_4q_avg": 4.23,
            "equity": null,
            "current_ratio": null,
            "debt_ratio": null,
            "inventory_turnover_ratio": null,
            "account_receivable_turnover_ratio": null,
            "reinvestment_rate": null,
            "research_to_sale_ratio": null,
            "price_fair": 0,
            "eps_avg_yearly": 0,
            "eps_latest_yearly": 0,
            "eps_growth_yearly": 0
        },
        "20102": {
            "year_quarter": 20102,
            "year": 2010,
            "quarter": 2,
            "eps": null,
            "eps_growth_year": null,
            "eps_4q": null,
            "eps_4q_growth_year": null,
            "roe": null,
            "roe_4q": 0,
            "gross_profit": null,
            "gross_margin": null,
            "gross_margin_4q_avg": 0,
            "net_income": null,
            "net_income_4q": null,
            "revenue": null,
            "revenue_4q": null,
            "common_shares": 402888,
            "book_valuer_per_share": 15.87,
            "book_valuer_per_share_4q_avg": 8.2,
            "equity": 639222,
            "current_ratio": 122.67,
            "debt_ratio": 50.1,
            "inventory_turnover_ratio": null,
            "account_receivable_turnover_ratio": null,
            "reinvestment_rate": null,
            "research_to_sale_ratio": null,
            "price_fair": 0,
            "eps_avg_yearly": 0,
            "eps_latest_yearly": 0,
            "eps_growth_yearly": 0
        },
        "20103": {
            "year_quarter": 20103,
            "year": 2010,
            "quarter": 3,
            "eps": null,
            "eps_growth_year": null,
            "eps_4q": null,
            "eps_4q_growth_year": null,
            "roe": null,
            "roe_4q": 0,
            "gross_profit": null,
            "gross_margin": null,
            "gross_margin_4q_avg": 0,
            "net_income": null,
            "net_income_4q": null,
            "revenue": null,
            "revenue_4q": null,
            "common_shares": null,
            "book_valuer_per_share": null,
            "book_valuer_per_share_4q_avg": 8.2,
            "equity": null,
            "current_ratio": null,
            "debt_ratio": null,
            "inventory_turnover_ratio": null,
            "account_receivable_turnover_ratio": null,
            "reinvestment_rate": null,
            "research_to_sale_ratio": null,
            "price_fair": 0,
            "eps_avg_yearly": 0,
            "eps_latest_yearly": 0,
            "eps_growth_yearly": 0
        },
        "20104": {
            "year_quarter": 20104,
            "year": 2010,
            "quarter": 4,
            "eps": null,
            "eps_growth_year": null,
            "eps_4q": null,
            "eps_4q_growth_year": null,
            "roe": null,
            "roe_4q": 0,
            "gross_profit": null,
            "gross_margin": null,
            "gross_margin_4q_avg": 0,
            "net_income": null,
            "net_income_4q": null,
            "revenue": null,
            "revenue_4q": null,
            "common_shares": 403015,
            "book_valuer_per_share": 13.32,
            "book_valuer_per_share_4q_avg": 7.3,
            "equity": 536792,
            "current_ratio": 115.62,
            "debt_ratio": 47.7,
            "inventory_turnover_ratio": null,
            "account_receivable_turnover_ratio": null,
            "reinvestment_rate": null,
            "research_to_sale_ratio": null,
            "price_fair": 0,
            "eps_avg_yearly": 0,
            "eps_latest_yearly": 0,
            "eps_growth_yearly": 0
        },
        "20111": {
            "year_quarter": 20111,
            "year": 2011,
            "quarter": 1,
            "eps": null,
            "eps_growth_year": null,
            "eps_4q": null,
            "eps_4q_growth_year": null,
            "roe": null,
            "roe_4q": 0,
            "gross_profit": null,
            "gross_margin": null,
            "gross_margin_4q_avg": 0,
            "net_income": null,
            "net_income_4q": null,
            "revenue": null,
            "revenue_4q": null,
            "common_shares": null,
            "book_valuer_per_share": null,
            "book_valuer_per_share_4q_avg": 7.3,
            "equity": null,
            "current_ratio": null,
            "debt_ratio": null,
            "inventory_turnover_ratio": null,
            "account_receivable_turnover_ratio": null,
            "reinvestment_rate": null,
            "research_to_sale_ratio": null,
            "price_fair": 0,
            "eps_avg_yearly": 0,
            "eps_latest_yearly": 0,
            "eps_growth_yearly": 0
        },
        "20112": {
            "year_quarter": 20112,
            "year": 2011,
            "quarter": 2,
            "eps": null,
            "eps_growth_year": null,
            "eps_4q": null,
            "eps_4q_growth_year": null,
            "roe": null,
            "roe_4q": 0,
            "gross_profit": null,
            "gross_margin": null,
            "gross_margin_4q_avg": 0,
            "net_income": null,
            "net_income_4q": null,
            "revenue": null,
            "revenue_4q": null,
            "common_shares": 403015,
            "book_valuer_per_share": 11.07,
            "book_valuer_per_share_4q_avg": 6.1,
            "equity": 446277,
            "current_ratio": 106.48,
            "debt_ratio": 57.82,
            "inventory_turnover_ratio": null,
            "account_receivable_turnover_ratio": null,
            "reinvestment_rate": null,
            "research_to_sale_ratio": null,
            "price_fair": 0,
            "eps_avg_yearly": 0,
            "eps_latest_yearly": 0,
            "eps_growth_yearly": 0
        },
        "20113": {
            "year_quarter": 20113,
            "year": 2011,
            "quarter": 3,
            "eps": null,
            "eps_growth_year": null,
            "eps_4q": null,
            "eps_4q_growth_year": null,
            "roe": null,
            "roe_4q": 0,
            "gross_profit": null,
            "gross_margin": null,
            "gross_margin_4q_avg": 0,
            "net_income": null,
            "net_income_4q": null,
            "revenue": null,
            "revenue_4q": null,
            "common_shares": null,
            "book_valuer_per_share": null,
            "book_valuer_per_share_4q_avg": 6.1,
            "equity": null,
            "current_ratio": null,
            "debt_ratio": null,
            "inventory_turnover_ratio": null,
            "account_receivable_turnover_ratio": null,
            "reinvestment_rate": null,
            "research_to_sale_ratio": null,
            "price_fair": 0,
            "eps_avg_yearly": 0,
            "eps_latest_yearly": 0,
            "eps_growth_yearly": 0
        },
        "20114": {
            "year_quarter": 20114,
            "year": 2011,
            "quarter": 4,
            "eps": null,
            "eps_growth_year": null,
            "eps_4q": null,
            "eps_4q_growth_year": null,
            "roe": null,
            "roe_4q": 0,
            "gross_profit": null,
            "gross_margin": null,
            "gross_margin_4q_avg": 0,
            "net_income": null,
            "net_income_4q": null,
            "revenue": null,
            "revenue_4q": null,
            "common_shares": 403015,
            "book_valuer_per_share": 4.88,
            "book_valuer_per_share_4q_avg": 3.99,
            "equity": 196847,
            "current_ratio": 104.44,
            "debt_ratio": 70.19,
            "inventory_turnover_ratio": null,
            "account_receivable_turnover_ratio": null,
            "reinvestment_rate": null,
            "research_to_sale_ratio": null,
            "price_fair": 0,
            "eps_avg_yearly": 0,
            "eps_latest_yearly": 0,
            "eps_growth_yearly": 0
        },
        "20121": {
            "year_quarter": 20121,
            "year": 2012,
            "quarter": 1,
            "eps": null,
            "eps_growth_year": null,
            "eps_4q": null,
            "eps_4q_growth_year": null,
            "roe": null,
            "roe_4q": 0,
            "gross_profit": null,
            "gross_margin": null,
            "gross_margin_4q_avg": 0,
            "net_income": null,
            "net_income_4q": null,
            "revenue": null,
            "revenue_4q": null,
            "common_shares": null,
            "book_valuer_per_share": null,
            "book_valuer_per_share_4q_avg": 3.99,
            "equity": null,
            "current_ratio": null,
            "debt_ratio": null,
            "inventory_turnover_ratio": null,
            "account_receivable_turnover_ratio": null,
            "reinvestment_rate": null,
            "research_to_sale_ratio": null,
            "price_fair": 0,
            "eps_avg_yearly": 0,
            "eps_latest_yearly": 0,
            "eps_growth_yearly": 0
        },
        "20122": {
            "year_quarter": 20122,
            "year": 2012,
            "quarter": 2,
            "eps": null,
            "eps_growth_year": null,
            "eps_4q": null,
            "eps_4q_growth_year": null,
            "roe": null,
            "roe_4q": 0,
            "gross_profit": null,
            "gross_margin": null,
            "gross_margin_4q_avg": 0,
            "net_income": null,
            "net_income_4q": null,
            "revenue": null,
            "revenue_4q": null,
            "common_shares": 844600,
            "book_valuer_per_share": 4.03,
            "book_valuer_per_share_4q_avg": 2.23,
            "equity": 340620,
            "current_ratio": 141.72,
            "debt_ratio": 56.24,
            "inventory_turnover_ratio": null,
            "account_receivable_turnover_ratio": null,
            "reinvestment_rate": null,
            "research_to_sale_ratio": null,
            "price_fair": 0,
            "eps_avg_yearly": 0,
            "eps_latest_yearly": 0,
            "eps_growth_yearly": 0
        },
        "20123": {
            "year_quarter": 20123,
            "year": 2012,
            "quarter": 3,
            "eps": null,
            "eps_growth_year": null,
            "eps_4q": null,
            "eps_4q_growth_year": null,
            "roe": null,
            "roe_4q": 0,
            "gross_profit": null,
            "gross_margin": null,
            "gross_margin_4q_avg": 0,
            "net_income": null,
            "net_income_4q": null,
            "revenue": null,
            "revenue_4q": null,
            "common_shares": null,
            "book_valuer_per_share": null,
            "book_valuer_per_share_4q_avg": 2.23,
            "equity": null,
            "current_ratio": null,
            "debt_ratio": null,
            "inventory_turnover_ratio": null,
            "account_receivable_turnover_ratio": null,
            "reinvestment_rate": null,
            "research_to_sale_ratio": null,
            "price_fair": 0,
            "eps_avg_yearly": 0,
            "eps_latest_yearly": 0,
            "eps_growth_yearly": 0
        },
        "20124": {
            "year_quarter": 20124,
            "year": 2012,
            "quarter": 4,
            "eps": null,
            "eps_growth_year": null,
            "eps_4q": null,
            "eps_4q_growth_year": null,
            "roe": null,
            "roe_4q": 0,
            "gross_profit": null,
            "gross_margin": null,
            "gross_margin_4q_avg": 0,
            "net_income": null,
            "net_income_4q": null,
            "revenue": null,
            "revenue_4q": null,
            "common_shares": 381990,
            "book_valuer_per_share": 10.9,
            "book_valuer_per_share_4q_avg": 3.73,
            "equity": 416500,
            "current_ratio": 175.95,
            "debt_ratio": 46.13,
            "inventory_turnover_ratio": null,
            "account_receivable_turnover_ratio": null,
            "reinvestment_rate": null,
            "research_to_sale_ratio": null,
            "price_fair": 0,
            "eps_avg_yearly": 0,
            "eps_latest_yearly": 0,
            "eps_growth_yearly": 0
        },
        "20131": {
            "year_quarter": 20131,
            "year": 2013,
            "quarter": 1,
            "eps": null,
            "eps_growth_year": null,
            "eps_4q": null,
            "eps_4q_growth_year": null,
            "roe": null,
            "roe_4q": 0,
            "gross_profit": 49007,
            "gross_margin": null,
            "gross_margin_4q_avg": 0,
            "net_income": 38636,
            "net_income_4q": null,
            "revenue": 256360,
            "revenue_4q": null,
            "common_shares": 382030,
            "book_valuer_per_share": 11.91,
            "book_valuer_per_share_4q_avg": 6.71,
            "equity": 454899,
            "current_ratio": 183.28,
            "debt_ratio": 45.3,
            "inventory_turnover_ratio": null,
            "account_receivable_turnover_ratio": null,
            "reinvestment_rate": null,
            "research_to_sale_ratio": null,
            "price_fair": 0,
            "eps_avg_yearly": 0,
            "eps_latest_yearly": 0,
            "eps_growth_yearly": 0
        },
        "20132": {
            "year_quarter": 20132,
            "year": 2013,
            "quarter": 2,
            "eps": 1.76,
            "eps_growth_year": null,
            "eps_4q": null,
            "eps_4q_growth_year": null,
            "roe": 13.91,
            "roe_4q": 13.91,
            "gross_profit": 91254,
            "gross_margin": 25.99,
            "gross_margin_4q_avg": 6.5,
            "net_income": 67694,
            "net_income_4q": null,
            "revenue": 351138,
            "revenue_4q": null,
            "common_shares": 384765,
            "book_valuer_per_share": 13.48,
            "book_valuer_per_share_4q_avg": 9.07,
            "equity": 518489,
            "current_ratio": 197.17,
            "debt_ratio": 43.07,
            "inventory_turnover_ratio": 1.41,
            "account_receivable_turnover_ratio": 1.78,
            "reinvestment_rate": null,
            "research_to_sale_ratio": null,
            "price_fair": 0,
            "eps_avg_yearly": 0,
            "eps_latest_yearly": 0,
            "eps_growth_yearly": 0
        },
        "20133": {
            "year_quarter": 20133,
            "year": 2013,
            "quarter": 3,
            "eps": null,
            "eps_growth_year": null,
            "eps_4q": null,
            "eps_4q_growth_year": null,
            "roe": null,
            "roe_4q": 13.91,
            "gross_profit": 80931,
            "gross_margin": null,
            "gross_margin_4q_avg": 6.5,
            "net_income": 32872,
            "net_income_4q": null,
            "revenue": 356073,
            "revenue_4q": null,
            "common_shares": 414470,
            "book_valuer_per_share": 15.37,
            "book_valuer_per_share_4q_avg": 12.92,
            "equity": 637210,
            "current_ratio": 244.02,
            "debt_ratio": 34.78,
            "inventory_turnover_ratio": null,
            "account_receivable_turnover_ratio": null,
            "reinvestment_rate": null,
            "research_to_sale_ratio": null,
            "price_fair": 0,
            "eps_avg_yearly": 0,
            "eps_latest_yearly": 0,
            "eps_growth_yearly": 0
        },
        "20134": {
            "year_quarter": 20134,
            "year": 2013,
            "quarter": 4,
            "eps": null,
            "eps_growth_year": null,
            "eps_4q": null,
            "eps_4q_growth_year": null,
            "roe": null,
            "roe_4q": 13.91,
            "gross_profit": 57870,
            "gross_margin": null,
            "gross_margin_4q_avg": 6.5,
            "net_income": 29729,
            "net_income_4q": null,
            "revenue": 334905,
            "revenue_4q": null,
            "common_shares": 414600,
            "book_valuer_per_share": 16.12,
            "book_valuer_per_share_4q_avg": 14.22,
            "equity": 668348,
            "current_ratio": 267.25,
            "debt_ratio": 31.58,
            "inventory_turnover_ratio": null,
            "account_receivable_turnover_ratio": null,
            "reinvestment_rate": null,
            "research_to_sale_ratio": null,
            "price_fair": 0,
            "eps_avg_yearly": 0,
            "eps_latest_yearly": 0,
            "eps_growth_yearly": 0
        },
        "20141": {
            "year_quarter": 20141,
            "year": 2014,
            "quarter": 1,
            "eps": 1.13,
            "eps_growth_year": null,
            "eps_4q": 2.76,
            "eps_4q_growth_year": null,
            "roe": 6.74,
            "roe_4q": 20.65,
            "gross_profit": 79543,
            "gross_margin": 22.85,
            "gross_margin_4q_avg": 12.21,
            "net_income": 46669,
            "net_income_4q": null,
            "revenue": 348105,
            "revenue_4q": null,
            "common_shares": 414600,
            "book_valuer_per_share": 17.27,
            "book_valuer_per_share_4q_avg": 15.56,
            "equity": 716014,
            "current_ratio": 250.87,
            "debt_ratio": 33.27,
            "inventory_turnover_ratio": 1.84,
            "account_receivable_turnover_ratio": 0.71,
            "reinvestment_rate": null,
            "research_to_sale_ratio": 1.55,
            "price_fair": 0,
            "eps_avg_yearly": 0,
            "eps_latest_yearly": 0,
            "eps_growth_yearly": 0
        },
        "20142": {
            "year_quarter": 20142,
            "year": 2014,
            "quarter": 2,
            "eps": 1.22,
            "eps_growth_year": -30.66,
            "eps_4q": 2.21,
            "eps_4q_growth_year": null,
            "roe": 6.93,
            "roe_4q": 13.67,
            "gross_profit": 117842,
            "gross_margin": 27.73,
            "gross_margin_4q_avg": 12.65,
            "net_income": 50426,
            "net_income_4q": null,
            "revenue": 425035,
            "revenue_4q": null,
            "common_shares": 414600,
            "book_valuer_per_share": 17.86,
            "book_valuer_per_share_4q_avg": 16.66,
            "equity": 740293,
            "current_ratio": 275.31,
            "debt_ratio": 35.39,
            "inventory_turnover_ratio": 2.14,
            "account_receivable_turnover_ratio": 0.79,
            "reinvestment_rate": null,
            "research_to_sale_ratio": 1.36,
            "price_fair": 170.8,
            "eps_avg_yearly": 4.88,
            "eps_latest_yearly": 4.88,
            "eps_growth_yearly": 31.86
        },
        "20143": {
            "year_quarter": 20143,
            "year": 2014,
            "quarter": 3,
            "eps": 1.9,
            "eps_growth_year": null,
            "eps_4q": 4.11,
            "eps_4q_growth_year": null,
            "roe": 10.67,
            "roe_4q": 24.340000000000003,
            "gross_profit": 104264,
            "gross_margin": 23.97,
            "gross_margin_4q_avg": 18.64,
            "net_income": 83524,
            "net_income_4q": null,
            "revenue": 434895,
            "revenue_4q": null,
            "common_shares": 439476,
            "book_valuer_per_share": 18.77,
            "book_valuer_per_share_4q_avg": 17.51,
            "equity": 824866,
            "current_ratio": 283.33,
            "debt_ratio": 33.31,
            "inventory_turnover_ratio": 2.34,
            "account_receivable_turnover_ratio": 0.75,
            "reinvestment_rate": null,
            "research_to_sale_ratio": 1.39,
            "price_fair": 218.4,
            "eps_avg_yearly": 6.24,
            "eps_latest_yearly": 7.6,
            "eps_growth_yearly": 127.4
        },
        "20144": {
            "year_quarter": 20144,
            "year": 2014,
            "quarter": 4,
            "eps": 0.95,
            "eps_growth_year": null,
            "eps_4q": 4.62,
            "eps_4q_growth_year": null,
            "roe": 4.93,
            "roe_4q": 29.270000000000003,
            "gross_profit": 55802,
            "gross_margin": 16.68,
            "gross_margin_4q_avg": 22.81,
            "net_income": 46876,
            "net_income_4q": null,
            "revenue": 334598,
            "revenue_4q": null,
            "common_shares": 492146,
            "book_valuer_per_share": 21.88,
            "book_valuer_per_share_4q_avg": 18.95,
            "equity": 1076658,
            "current_ratio": 333.9,
            "debt_ratio": 27.51,
            "inventory_turnover_ratio": 1.95,
            "account_receivable_turnover_ratio": 0.54,
            "reinvestment_rate": null,
            "research_to_sale_ratio": 1.9,
            "price_fair": 153.41,
            "eps_avg_yearly": 5.43,
            "eps_latest_yearly": 3.8,
            "eps_growth_yearly": 18.27
        },
        "20151": {
            "year_quarter": 20151,
            "year": 2015,
            "quarter": 1,
            "eps": -0.38,
            "eps_growth_year": -133.63,
            "eps_4q": 3.29,
            "eps_4q_growth_year": 19.37,
            "roe": -1.76,
            "roe_4q": 20.77,
            "gross_profit": 21636,
            "gross_margin": 8.21,
            "gross_margin_4q_avg": 19.15,
            "net_income": -18780,
            "net_income_4q": null,
            "revenue": 263603,
            "revenue_4q": null,
            "common_shares": 492146,
            "book_valuer_per_share": 21.48,
            "book_valuer_per_share_4q_avg": 20,
            "equity": 1057070,
            "current_ratio": 361.97,
            "debt_ratio": 25.5,
            "inventory_turnover_ratio": 1.67,
            "account_receivable_turnover_ratio": 0.46,
            "reinvestment_rate": null,
            "research_to_sale_ratio": 2.14,
            "price_fair": 153.41,
            "eps_avg_yearly": 5.43,
            "eps_latest_yearly": 3.8,
            "eps_growth_yearly": 18.27
        },
        "20152": {
            "year_quarter": 20152,
            "year": 2015,
            "quarter": 2,
            "eps": -0.4,
            "eps_growth_year": -132.79,
            "eps_4q": 1.87,
            "eps_4q_growth_year": -15.25,
            "roe": -2,
            "roe_4q": 11.84,
            "gross_profit": 18976,
            "gross_margin": 7.26,
            "gross_margin_4q_avg": 14.03,
            "net_income": -19465,
            "net_income_4q": null,
            "revenue": 261207,
            "revenue_4q": null,
            "common_shares": 492146,
            "book_valuer_per_share": 18.07,
            "book_valuer_per_share_4q_avg": 20.05,
            "equity": 889445,
            "current_ratio": 238.28,
            "debt_ratio": 36.78,
            "inventory_turnover_ratio": 1.65,
            "account_receivable_turnover_ratio": 0.5,
            "reinvestment_rate": null,
            "research_to_sale_ratio": 2.93,
            "price_fair": 153.41,
            "eps_avg_yearly": 5.43,
            "eps_latest_yearly": 3.8,
            "eps_growth_yearly": 18.27
        },
        "20153": {
            "year_quarter": 20153,
            "year": 2015,
            "quarter": 3,
            "eps": 0.29,
            "eps_growth_year": -84.74,
            "eps_4q": 0.47,
            "eps_4q_growth_year": -88.55,
            "roe": 1.59,
            "roe_4q": 2.76,
            "gross_profit": 28192,
            "gross_margin": 10.5,
            "gross_margin_4q_avg": 10.66,
            "net_income": 14181,
            "net_income_4q": null,
            "revenue": 268604,
            "revenue_4q": null,
            "common_shares": 492146,
            "book_valuer_per_share": 18.43,
            "book_valuer_per_share_4q_avg": 19.97,
            "equity": 893669,
            "current_ratio": 293.64,
            "debt_ratio": 25.73,
            "inventory_turnover_ratio": 1.8,
            "account_receivable_turnover_ratio": 0.53,
            "reinvestment_rate": null,
            "research_to_sale_ratio": 2.67,
            "price_fair": 153.41,
            "eps_avg_yearly": 5.43,
            "eps_latest_yearly": 3.8,
            "eps_growth_yearly": 18.27
        },
        "20154": {
            "year_quarter": 20154,
            "year": 2015,
            "quarter": 4,
            "eps": 0.96,
            "eps_growth_year": 0.78,
            "eps_4q": 0.46,
            "eps_4q_growth_year": -90.01,
            "roe": 5.07,
            "roe_4q": 2.9000000000000004,
            "gross_profit": 77210,
            "gross_margin": 20.6,
            "gross_margin_4q_avg": 11.64,
            "net_income": 46362,
            "net_income_4q": null,
            "revenue": 374891,
            "revenue_4q": null,
            "common_shares": 482996,
            "book_valuer_per_share": 19.37,
            "book_valuer_per_share_4q_avg": 19.34,
            "equity": 935383,
            "current_ratio": 262.97,
            "debt_ratio": 29.79,
            "inventory_turnover_ratio": 2.49,
            "account_receivable_turnover_ratio": 0.73,
            "reinvestment_rate": null,
            "research_to_sale_ratio": 2.12,
            "price_fair": 176.05,
            "eps_avg_yearly": 5.03,
            "eps_latest_yearly": 3.84,
            "eps_growth_yearly": 244.74
        },
        "20161": {
            "year_quarter": 20161,
            "year": 2016,
            "quarter": 1,
            "eps": 0.33,
            "eps_growth_year": null,
            "eps_4q": 1.18,
            "eps_4q_growth_year": -64.02,
            "roe": 1.71,
            "roe_4q": 6.370000000000001,
            "gross_profit": 66276,
            "gross_margin": 19.42,
            "gross_margin_4q_avg": 14.45,
            "net_income": 16147,
            "net_income_4q": null,
            "revenue": 341262,
            "revenue_4q": null,
            "common_shares": 482996,
            "book_valuer_per_share": 19.69,
            "book_valuer_per_share_4q_avg": 18.89,
            "equity": 950968,
            "current_ratio": 257.91,
            "debt_ratio": 30.08,
            "inventory_turnover_ratio": 2.27,
            "account_receivable_turnover_ratio": 0.6,
            "reinvestment_rate": null,
            "research_to_sale_ratio": 1.94,
            "price_fair": 150.08,
            "eps_avg_yearly": 4.29,
            "eps_latest_yearly": 1.32,
            "eps_growth_yearly": 143.29
        },
        "20162": {
            "year_quarter": 20162,
            "year": 2016,
            "quarter": 2,
            "eps": 0.04,
            "eps_growth_year": null,
            "eps_4q": 1.63,
            "eps_4q_growth_year": -12.95,
            "roe": 0.22,
            "roe_4q": 8.59,
            "gross_profit": 61060,
            "gross_margin": 19.55,
            "gross_margin_4q_avg": 17.52,
            "net_income": 2039,
            "net_income_4q": null,
            "revenue": 312377,
            "revenue_4q": null,
            "common_shares": 482996,
            "book_valuer_per_share": 18.71,
            "book_valuer_per_share_4q_avg": 19.05,
            "equity": 903857,
            "current_ratio": 237.42,
            "debt_ratio": 32.73,
            "inventory_turnover_ratio": 2.02,
            "account_receivable_turnover_ratio": 0.55,
            "reinvestment_rate": null,
            "research_to_sale_ratio": 2.46,
            "price_fair": 126,
            "eps_avg_yearly": 3.6,
            "eps_latest_yearly": 0.16,
            "eps_growth_yearly": 60.82
        },
        "20163": {
            "year_quarter": 20163,
            "year": 2016,
            "quarter": 3,
            "eps": -0.17,
            "eps_growth_year": -158.62,
            "eps_4q": 1.16,
            "eps_4q_growth_year": 147.45,
            "roe": -0.93,
            "roe_4q": 6.07,
            "gross_profit": 42354,
            "gross_margin": 11.5,
            "gross_margin_4q_avg": 17.77,
            "net_income": -8325,
            "net_income_4q": null,
            "revenue": 368283,
            "revenue_4q": null,
            "common_shares": 482996,
            "book_valuer_per_share": 18.51,
            "book_valuer_per_share_4q_avg": 19.07,
            "equity": 894264,
            "current_ratio": 248.58,
            "debt_ratio": 31.13,
            "inventory_turnover_ratio": 2.51,
            "account_receivable_turnover_ratio": 0.66,
            "reinvestment_rate": null,
            "research_to_sale_ratio": 2.17,
            "price_fair": 126,
            "eps_avg_yearly": 3.6,
            "eps_latest_yearly": 0.16,
            "eps_growth_yearly": 60.82
        },
        "20164": {
            "year_quarter": 20164,
            "year": 2016,
            "quarter": 4,
            "eps": 0.54,
            "eps_growth_year": -43.54,
            "eps_4q": 0.75,
            "eps_4q_growth_year": 61.62,
            "roe": 2.88,
            "roe_4q": 3.88,
            "gross_profit": 44784,
            "gross_margin": 13.22,
            "gross_margin_4q_avg": 15.92,
            "net_income": 26176,
            "net_income_4q": null,
            "revenue": 338874,
            "revenue_4q": null,
            "common_shares": 482996,
            "book_valuer_per_share": 19.1,
            "book_valuer_per_share_4q_avg": 19,
            "equity": 922450,
            "current_ratio": 222.28,
            "debt_ratio": 33.02,
            "inventory_turnover_ratio": 2,
            "account_receivable_turnover_ratio": 0.6,
            "reinvestment_rate": 37.71,
            "research_to_sale_ratio": 1.95,
            "price_fair": 126,
            "eps_avg_yearly": 3.6,
            "eps_latest_yearly": 0.16,
            "eps_growth_yearly": 60.82
        },
        "20171": {
            "year_quarter": 20171,
            "year": 2017,
            "quarter": 1,
            "eps": -0.78,
            "eps_growth_year": -336.36,
            "eps_4q": -0.37,
            "eps_4q_growth_year": -131.19,
            "roe": -4.19,
            "roe_4q": -2.0200000000000005,
            "gross_profit": 21038,
            "gross_margin": 9.09,
            "gross_margin_4q_avg": 13.34,
            "net_income": -37739,
            "net_income_4q": null,
            "revenue": 231450,
            "revenue_4q": null,
            "common_shares": 482996,
            "book_valuer_per_share": 18.17,
            "book_valuer_per_share_4q_avg": 18.62,
            "equity": 877497,
            "current_ratio": 248.92,
            "debt_ratio": 28.86,
            "inventory_turnover_ratio": 1.18,
            "account_receivable_turnover_ratio": 0.45,
            "reinvestment_rate": 54.71,
            "research_to_sale_ratio": 3,
            "price_fair": 126,
            "eps_avg_yearly": 3.6,
            "eps_latest_yearly": 0.16,
            "eps_growth_yearly": 60.82
        },
        "20172": {
            "year_quarter": 20172,
            "year": 2017,
            "quarter": 2,
            "eps": 0.51,
            "eps_growth_year": 1175,
            "eps_4q": 0.1,
            "eps_4q_growth_year": -94,
            "roe": 2.84,
            "roe_4q": 0.5999999999999993,
            "gross_profit": 43271,
            "gross_margin": 12.15,
            "gross_margin_4q_avg": 11.49,
            "net_income": 24611,
            "net_income_4q": null,
            "revenue": 356151,
            "revenue_4q": null,
            "common_shares": 482996,
            "book_valuer_per_share": 17.7,
            "book_valuer_per_share_4q_avg": 18.37,
            "equity": 855039,
            "current_ratio": 240.85,
            "debt_ratio": 29.92,
            "inventory_turnover_ratio": 1.85,
            "account_receivable_turnover_ratio": 0.73,
            "reinvestment_rate": 60.63,
            "research_to_sale_ratio": 1.55,
            "price_fair": 126,
            "eps_avg_yearly": 3.6,
            "eps_latest_yearly": 0.16,
            "eps_growth_yearly": 60.82
        },
        "20173": {
            "year_quarter": 20173,
            "year": 2017,
            "quarter": 3,
            "eps": 1.17,
            "eps_growth_year": null,
            "eps_4q": 1.44,
            "eps_4q_growth_year": 23.86,
            "roe": 6.4,
            "roe_4q": 7.93,
            "gross_profit": 83427,
            "gross_margin": 20.15,
            "gross_margin_4q_avg": 13.65,
            "net_income": 56587,
            "net_income_4q": null,
            "revenue": 413968,
            "revenue_4q": null,
            "common_shares": 482996,
            "book_valuer_per_share": 18.88,
            "book_valuer_per_share_4q_avg": 18.46,
            "equity": 911981,
            "current_ratio": 235.2,
            "debt_ratio": 31.53,
            "inventory_turnover_ratio": 2.19,
            "account_receivable_turnover_ratio": 0.71,
            "reinvestment_rate": 54.79,
            "research_to_sale_ratio": 1.4,
            "price_fair": 131.4,
            "eps_avg_yearly": 3.75,
            "eps_latest_yearly": 4.68,
            "eps_growth_yearly": 126.08
        },
        "20174": {
            "year_quarter": 20174,
            "year": 2017,
            "quarter": 4,
            "eps": 0.47,
            "eps_growth_year": -14.1,
            "eps_4q": 1.37,
            "eps_4q_growth_year": 82.99,
            "roe": 2.44,
            "roe_4q": 7.489999999999999,
            "gross_profit": 55974,
            "gross_margin": 16.34,
            "gross_margin_4q_avg": 14.43,
            "net_income": 22485,
            "net_income_4q": null,
            "revenue": 342662,
            "revenue_4q": null,
            "common_shares": 482996,
            "book_valuer_per_share": 19.32,
            "book_valuer_per_share_4q_avg": 18.52,
            "equity": 932987,
            "current_ratio": 241.4,
            "debt_ratio": 30.73,
            "inventory_turnover_ratio": 1.86,
            "account_receivable_turnover_ratio": 0.53,
            "reinvestment_rate": 54.75,
            "research_to_sale_ratio": 2.13,
            "price_fair": 123.2,
            "eps_avg_yearly": 3.52,
            "eps_latest_yearly": 1.88,
            "eps_growth_yearly": 80.41
        },
        "20181": {
            "year_quarter": 20181,
            "year": 2018,
            "quarter": 1,
            "eps": -0.45,
            "eps_growth_year": null,
            "eps_4q": 1.7,
            "eps_4q_growth_year": null,
            "roe": -2.34,
            "roe_4q": 9.34,
            "gross_profit": 6498,
            "gross_margin": 2.64,
            "gross_margin_4q_avg": 12.82,
            "net_income": -21783,
            "net_income_4q": null,
            "revenue": 246607,
            "revenue_4q": null,
            "common_shares": 482996,
            "book_valuer_per_share": 19.29,
            "book_valuer_per_share_4q_avg": 18.8,
            "equity": 931847,
            "current_ratio": 294.6,
            "debt_ratio": 24.19,
            "inventory_turnover_ratio": 1.59,
            "account_receivable_turnover_ratio": 0.46,
            "reinvestment_rate": 35.81,
            "research_to_sale_ratio": 3.31,
            "price_fair": 123.2,
            "eps_avg_yearly": 3.52,
            "eps_latest_yearly": 1.88,
            "eps_growth_yearly": 80.41
        },
        "20182": {
            "year_quarter": 20182,
            "year": 2018,
            "quarter": 2,
            "eps": -0.67,
            "eps_growth_year": -231.37,
            "eps_4q": 0.52,
            "eps_4q_growth_year": 430.98,
            "roe": -3.74,
            "roe_4q": 2.7600000000000002,
            "gross_profit": 5684,
            "gross_margin": 1.76,
            "gross_margin_4q_avg": 10.22,
            "net_income": -32211,
            "net_income_4q": null,
            "revenue": 322885,
            "revenue_4q": null,
            "common_shares": 482996,
            "book_valuer_per_share": 16.42,
            "book_valuer_per_share_4q_avg": 18.48,
            "equity": 792862,
            "current_ratio": 209.9,
            "debt_ratio": 36.01,
            "inventory_turnover_ratio": 2.08,
            "account_receivable_turnover_ratio": 0.7,
            "reinvestment_rate": 39.62,
            "research_to_sale_ratio": 2.45,
            "price_fair": 116.4,
            "eps_avg_yearly": 3.33,
            "eps_latest_yearly": 1.88,
            "eps_growth_yearly": 87.34
        },
        "20183": {
            "year_quarter": 20183,
            "year": 2018,
            "quarter": 3,
            "eps": -0.26,
            "eps_growth_year": -122.22,
            "eps_4q": -0.92,
            "eps_4q_growth_year": -163.52,
            "roe": -1.62,
            "roe_4q": -5.26,
            "gross_profit": 39065,
            "gross_margin": 11.85,
            "gross_margin_4q_avg": 8.15,
            "net_income": -12726,
            "net_income_4q": null,
            "revenue": 329635,
            "revenue_4q": null,
            "common_shares": 482996,
            "book_valuer_per_share": 16.08,
            "book_valuer_per_share_4q_avg": 17.78,
            "equity": 776745,
            "current_ratio": 209.36,
            "debt_ratio": 36.53,
            "inventory_turnover_ratio": 1.59,
            "account_receivable_turnover_ratio": 0.61,
            "reinvestment_rate": 28.93,
            "research_to_sale_ratio": 2.58,
            "price_fair": 91.47,
            "eps_avg_yearly": 2.61,
            "eps_latest_yearly": 1.88,
            "eps_growth_yearly": 64.74
        },
        "20184": {
            "year_quarter": 20184,
            "year": 2018,
            "quarter": 4,
            "eps": -0.45,
            "eps_growth_year": -197.66,
            "eps_4q": -1.84,
            "eps_4q_growth_year": -234.47,
            "roe": -2.87,
            "roe_4q": -10.57,
            "gross_profit": 18376,
            "gross_margin": 4.53,
            "gross_margin_4q_avg": 5.2,
            "net_income": -21958,
            "net_income_4q": null,
            "revenue": 405359,
            "revenue_4q": null,
            "common_shares": 482996,
            "book_valuer_per_share": 15.57,
            "book_valuer_per_share_4q_avg": 16.84,
            "equity": 752137,
            "current_ratio": 191.97,
            "debt_ratio": 40.08,
            "inventory_turnover_ratio": 1.97,
            "account_receivable_turnover_ratio": 0.66,
            "reinvestment_rate": -143.46,
            "research_to_sale_ratio": 2.7,
            "price_fair": 83.16,
            "eps_avg_yearly": 2.38,
            "eps_latest_yearly": 1.88,
            "eps_growth_yearly": 117.69
        },
        "20191": {
            "year_quarter": 20191,
            "year": 2019,
            "quarter": 1,
            "eps": -0.51,
            "eps_growth_year": null,
            "eps_4q": -1.9,
            "eps_4q_growth_year": -211.81,
            "roe": -3.29,
            "roe_4q": -11.52,
            "gross_profit": 1033,
            "gross_margin": 0.43,
            "gross_margin_4q_avg": 4.64,
            "net_income": -24677,
            "net_income_4q": null,
            "revenue": 238334,
            "revenue_4q": null,
            "common_shares": 482996,
            "book_valuer_per_share": 15.47,
            "book_valuer_per_share_4q_avg": 15.89,
            "equity": 747144,
            "current_ratio": 197.73,
            "debt_ratio": 37.47,
            "inventory_turnover_ratio": 1.39,
            "account_receivable_turnover_ratio": 0.41,
            "reinvestment_rate": -181.45,
            "research_to_sale_ratio": 3.74,
            "price_fair": 83.16,
            "eps_avg_yearly": 2.38,
            "eps_latest_yearly": 1.88,
            "eps_growth_yearly": 117.69
        },
        "20192": {
            "year_quarter": 20192,
            "year": 2019,
            "quarter": 2,
            "eps": -0.23,
            "eps_growth_year": null,
            "eps_4q": -1.46,
            "eps_4q_growth_year": -381.23,
            "roe": -1.52,
            "roe_4q": -9.3,
            "gross_profit": 31229,
            "gross_margin": 9.6,
            "gross_margin_4q_avg": 6.6,
            "net_income": -11165,
            "net_income_4q": null,
            "revenue": 325418,
            "revenue_4q": null,
            "common_shares": 482996,
            "book_valuer_per_share": 14.98,
            "book_valuer_per_share_4q_avg": 15.53,
            "equity": 723656,
            "current_ratio": 210.01,
            "debt_ratio": 35.32,
            "inventory_turnover_ratio": 1.77,
            "account_receivable_turnover_ratio": 0.64,
            "reinvestment_rate": -178.01,
            "research_to_sale_ratio": 2.61,
            "price_fair": 83.16,
            "eps_avg_yearly": 2.38,
            "eps_latest_yearly": 1.88,
            "eps_growth_yearly": 117.69
        },
        "20193": {
            "year_quarter": 20193,
            "year": 2019,
            "quarter": 3,
            "eps": 0.21,
            "eps_growth_year": null,
            "eps_4q": -0.98,
            "eps_4q_growth_year": null,
            "roe": 1.41,
            "roe_4q": -6.2700000000000005,
            "gross_profit": 55180,
            "gross_margin": 13.85,
            "gross_margin_4q_avg": 7.1,
            "net_income": 10336,
            "net_income_4q": null,
            "revenue": 398514,
            "revenue_4q": null,
            "common_shares": 482996,
            "book_valuer_per_share": 15.34,
            "book_valuer_per_share_4q_avg": 15.34,
            "equity": 740759,
            "current_ratio": 186.86,
            "debt_ratio": 41.34,
            "inventory_turnover_ratio": 1.9,
            "account_receivable_turnover_ratio": 0.7,
            "reinvestment_rate": -245,
            "research_to_sale_ratio": 2.04,
            "price_fair": 83.16,
            "eps_avg_yearly": 2.38,
            "eps_latest_yearly": 1.88,
            "eps_growth_yearly": 117.69
        },
        "20194": {
            "year_quarter": 20194,
            "year": 2019,
            "quarter": 4,
            "eps": 0.13,
            "eps_growth_year": null,
            "eps_4q": -0.4,
            "eps_4q_growth_year": null,
            "roe": 0.84,
            "roe_4q": -2.56,
            "gross_profit": 53186,
            "gross_margin": 13.14,
            "gross_margin_4q_avg": 9.26,
            "net_income": 6227,
            "net_income_4q": null,
            "revenue": 404900,
            "revenue_4q": null,
            "common_shares": 482996,
            "book_valuer_per_share": 15.28,
            "book_valuer_per_share_4q_avg": 15.27,
            "equity": 737914,
            "current_ratio": 192.9,
            "debt_ratio": 41.07,
            "inventory_turnover_ratio": 1.99,
            "account_receivable_turnover_ratio": 0.62,
            "reinvestment_rate": null,
            "research_to_sale_ratio": 1.84,
            "price_fair": 5.14,
            "eps_avg_yearly": 1.71,
            "eps_latest_yearly": 0.52,
            "eps_growth_yearly": -97.61
        },
        "20201": {
            "year_quarter": 20201,
            "year": 2020,
            "quarter": 1,
            "eps": 0.04,
            "eps_growth_year": null,
            "eps_4q": 0.15,
            "eps_4q_growth_year": null,
            "roe": 0.25,
            "roe_4q": 0.98,
            "gross_profit": 37648,
            "gross_margin": 11.68,
            "gross_margin_4q_avg": 12.07,
            "net_income": 1839,
            "net_income_4q": null,
            "revenue": 322246,
            "revenue_4q": null,
            "common_shares": 482996,
            "book_valuer_per_share": 15.36,
            "book_valuer_per_share_4q_avg": 15.24,
            "equity": 742010,
            "current_ratio": 202.85,
            "debt_ratio": 39.57,
            "inventory_turnover_ratio": 1.85,
            "account_receivable_turnover_ratio": 0.49,
            "reinvestment_rate": null,
            "research_to_sale_ratio": 2.04,
            "price_fair": 4.44,
            "eps_avg_yearly": 1.48,
            "eps_latest_yearly": 0.16,
            "eps_growth_yearly": -100.5
        },
        "20202": {
            "year_quarter": 20202,
            "year": 2020,
            "quarter": 2,
            "eps": 0.12,
            "eps_growth_year": null,
            "eps_4q": 0.5,
            "eps_4q_growth_year": null,
            "roe": 0.81,
            "roe_4q": 3.3099999999999996,
            "gross_profit": 50384,
            "gross_margin": 13.13,
            "gross_margin_4q_avg": 12.95,
            "net_income": 5868,
            "net_income_4q": null,
            "revenue": 383603,
            "revenue_4q": null,
            "common_shares": 482996,
            "book_valuer_per_share": 14.8,
            "book_valuer_per_share_4q_avg": 15.2,
            "equity": 715038,
            "current_ratio": 194.49,
            "debt_ratio": 43.6,
            "inventory_turnover_ratio": 2.13,
            "account_receivable_turnover_ratio": 0.59,
            "reinvestment_rate": null,
            "research_to_sale_ratio": 1.64,
            "price_fair": 54.04,
            "eps_avg_yearly": 1.54,
            "eps_latest_yearly": 0.48,
            "eps_growth_yearly": 129.81
        },
        "20203": {
            "year_quarter": 20203,
            "year": 2020,
            "quarter": 3,
            "eps": 1.15,
            "eps_growth_year": 447.62,
            "eps_4q": 1.43,
            "eps_4q_growth_year": null,
            "roe": 7.32,
            "roe_4q": 9.22,
            "gross_profit": 117252,
            "gross_margin": 20.72,
            "gross_margin_4q_avg": 14.67,
            "net_income": 55447,
            "net_income_4q": null,
            "revenue": 565802,
            "revenue_4q": null,
            "common_shares": 485161,
            "book_valuer_per_share": 16.48,
            "book_valuer_per_share_4q_avg": 15.48,
            "equity": 799565,
            "current_ratio": 181.98,
            "debt_ratio": 47.31,
            "inventory_turnover_ratio": 2.48,
            "account_receivable_turnover_ratio": 0.76,
            "reinvestment_rate": -273.67,
            "research_to_sale_ratio": 1.21,
            "price_fair": 71.87,
            "eps_avg_yearly": 2.05,
            "eps_latest_yearly": 4.6,
            "eps_growth_yearly": 680.39
        },
        "20204": {
            "year_quarter": 20204,
            "year": 2020,
            "quarter": 4,
            "eps": 1.16,
            "eps_growth_year": 797.34,
            "eps_4q": 2.23,
            "eps_4q_growth_year": null,
            "roe": 5.65,
            "roe_4q": 14.030000000000001,
            "gross_profit": 118004,
            "gross_margin": 21,
            "gross_margin_4q_avg": 16.63,
            "net_income": 67806,
            "net_income_4q": null,
            "revenue": 561926,
            "revenue_4q": null,
            "common_shares": 586106,
            "book_valuer_per_share": 27.33,
            "book_valuer_per_share_4q_avg": 18.49,
            "equity": 1602115,
            "current_ratio": 277.98,
            "debt_ratio": 32.69,
            "inventory_turnover_ratio": 2.32,
            "account_receivable_turnover_ratio": 0.64,
            "reinvestment_rate": -211.34,
            "research_to_sale_ratio": 1.48,
            "price_fair": 84.8,
            "eps_avg_yearly": 2.42,
            "eps_latest_yearly": 4.64,
            "eps_growth_yearly": 583.69
        },
        "20211": {
            "year_quarter": 20211,
            "year": 2021,
            "quarter": 1,
            "eps": 0.62,
            "eps_growth_year": 1450,
            "eps_4q": 2.82,
            "eps_4q_growth_year": 1784.33,
            "roe": 2.23,
            "roe_4q": 16.01,
            "gross_profit": 81385,
            "gross_margin": 16.37,
            "gross_margin_4q_avg": 17.81,
            "net_income": 36369,
            "net_income_4q": null,
            "revenue": 497167,
            "revenue_4q": null,
            "common_shares": 586136,
            "book_valuer_per_share": 28.37,
            "book_valuer_per_share_4q_avg": 21.75,
            "equity": 1663129,
            "current_ratio": 303.45,
            "debt_ratio": 29.54,
            "inventory_turnover_ratio": 1.98,
            "account_receivable_turnover_ratio": 0.57,
            "reinvestment_rate": -101.6,
            "research_to_sale_ratio": 1.19,
            "price_fair": 85.05,
            "eps_avg_yearly": 2.43,
            "eps_latest_yearly": 2.48,
            "eps_growth_yearly": 487.45
        },
        "20212": {
            "year_quarter": 20212,
            "year": 2021,
            "quarter": 2,
            "eps": 0.03,
            "eps_growth_year": -75,
            "eps_4q": 2.75,
            "eps_4q_growth_year": 447.28,
            "roe": 0.1,
            "roe_4q": 15.3,
            "gross_profit": 54399,
            "gross_margin": 12.16,
            "gross_margin_4q_avg": 17.56,
            "net_income": 1566,
            "net_income_4q": null,
            "revenue": 447235,
            "revenue_4q": null,
            "common_shares": 586136,
            "book_valuer_per_share": 26.27,
            "book_valuer_per_share_4q_avg": 24.61,
            "equity": 1539673,
            "current_ratio": 273.79,
            "debt_ratio": 32.09,
            "inventory_turnover_ratio": 1.7,
            "account_receivable_turnover_ratio": 0.59,
            "reinvestment_rate": -98.53,
            "research_to_sale_ratio": 2.15,
            "price_fair": 76.07,
            "eps_avg_yearly": 2.17,
            "eps_latest_yearly": 0.12,
            "eps_growth_yearly": 391
        },
        "20213": {
            "year_quarter": 20213,
            "year": 2021,
            "quarter": 3,
            "eps": -0.62,
            "eps_growth_year": -153.91,
            "eps_4q": 1.19,
            "eps_4q_growth_year": -16.97,
            "roe": -2.39,
            "roe_4q": 5.59,
            "gross_profit": 2280,
            "gross_margin": 0.61,
            "gross_margin_4q_avg": 12.54,
            "net_income": -36097,
            "net_income_4q": null,
            "revenue": 375330,
            "revenue_4q": null,
            "common_shares": 586531,
            "book_valuer_per_share": 25.17,
            "book_valuer_per_share_4q_avg": 26.79,
            "equity": 1476434,
            "current_ratio": 320.14,
            "debt_ratio": 27.59,
            "inventory_turnover_ratio": 1.67,
            "account_receivable_turnover_ratio": 0.57,
            "reinvestment_rate": -260.09,
            "research_to_sale_ratio": 2.82,
            "price_fair": 65.1,
            "eps_avg_yearly": 1.86,
            "eps_latest_yearly": 0.12,
            "eps_growth_yearly": 375.17
        },
        "20214": {
            "year_quarter": 20214,
            "year": 2021,
            "quarter": 4,
            "eps": -0.6,
            "eps_growth_year": -152.2,
            "eps_4q": -0.57,
            "eps_4q_growth_year": -125.56,
            "roe": -2.39,
            "roe_4q": -2.4500000000000006,
            "gross_profit": 10711,
            "gross_margin": 2.63,
            "gross_margin_4q_avg": 7.94,
            "net_income": -34006,
            "net_income_4q": null,
            "revenue": 407160,
            "revenue_4q": null,
            "common_shares": 586536,
            "book_valuer_per_share": 24.31,
            "book_valuer_per_share_4q_avg": 26.03,
            "equity": 1368830,
            "current_ratio": 270.71,
            "debt_ratio": 31.29,
            "inventory_turnover_ratio": 1.75,
            "account_receivable_turnover_ratio": 0.67,
            "reinvestment_rate": null,
            "research_to_sale_ratio": 2.36,
            "price_fair": 65,
            "eps_avg_yearly": 1.86,
            "eps_latest_yearly": 0.12,
            "eps_growth_yearly": 462.95
        },
        "20221": {
            "year_quarter": 20221,
            "year": 2022,
            "quarter": 1,
            "eps": 0.22,
            "eps_growth_year": -64.52,
            "eps_4q": -1.01,
            "eps_4q_growth_year": -135.64,
            "roe": 0.9,
            "roe_4q": -3.7800000000000002,
            "gross_profit": 18495,
            "gross_margin": 4.68,
            "gross_margin_4q_avg": 5.02,
            "net_income": 12268,
            "net_income_4q": null,
            "revenue": 395589,
            "revenue_4q": null,
            "common_shares": 586626,
            "book_valuer_per_share": 24.28,
            "book_valuer_per_share_4q_avg": 25.01,
            "equity": 1357417,
            "current_ratio": 272.43,
            "debt_ratio": 29.41,
            "inventory_turnover_ratio": 1.57,
            "account_receivable_turnover_ratio": 0.62,
            "reinvestment_rate": -35.26,
            "research_to_sale_ratio": 2.4,
            "price_fair": 65,
            "eps_avg_yearly": 1.86,
            "eps_latest_yearly": 0.12,
            "eps_growth_yearly": 462.95
        },
        "20222": {
            "year_quarter": 20222,
            "year": 2022,
            "quarter": 2,
            "eps": -1.01,
            "eps_growth_year": -3466.67,
            "eps_4q": -2.15,
            "eps_4q_growth_year": -178.29,
            "roe": -4.35,
            "roe_4q": -8.23,
            "gross_profit": -12343,
            "gross_margin": -4.54,
            "gross_margin_4q_avg": 0.85,
            "net_income": -56140,
            "net_income_4q": null,
            "revenue": 272005,
            "revenue_4q": null,
            "common_shares": 586856,
            "book_valuer_per_share": 23.07,
            "book_valuer_per_share_4q_avg": 24.21,
            "equity": 1221199,
            "current_ratio": 281.1,
            "debt_ratio": 34.59,
            "inventory_turnover_ratio": 1.23,
            "account_receivable_turnover_ratio": 0.51,
            "reinvestment_rate": 31487.46,
            "research_to_sale_ratio": 3.54,
            "price_fair": 65,
            "eps_avg_yearly": 1.86,
            "eps_latest_yearly": 0.12,
            "eps_growth_yearly": 462.95
        },
        "20223": {
            "year_quarter": 20223,
            "year": 2022,
            "quarter": 3,
            "eps": -3.04,
            "eps_growth_year": null,
            "eps_4q": -4.52,
            "eps_4q_growth_year": -480.27,
            "roe": -14.15,
            "roe_4q": -19.990000000000002,
            "gross_profit": -67906,
            "gross_margin": -49.09,
            "gross_margin_4q_avg": -11.58,
            "net_income": -161159,
            "net_income_4q": null,
            "revenue": 138329,
            "revenue_4q": null,
            "common_shares": 586899,
            "book_valuer_per_share": 19.95,
            "book_valuer_per_share_4q_avg": 22.9,
            "equity": 1056197,
            "current_ratio": 487.59,
            "debt_ratio": 26.91,
            "inventory_turnover_ratio": 1.06,
            "account_receivable_turnover_ratio": 0.41,
            "reinvestment_rate": null,
            "research_to_sale_ratio": 5.72,
            "price_fair": 65,
            "eps_avg_yearly": 1.86,
            "eps_latest_yearly": 0.12,
            "eps_growth_yearly": 462.95
        },
        "20224": {
            "year_quarter": 20224,
            "year": 2022,
            "quarter": 4,
            "eps": -1.88,
            "eps_growth_year": null,
            "eps_4q": -5.76,
            "eps_4q_growth_year": null,
            "roe": -9.91,
            "roe_4q": -27.510000000000005,
            "gross_profit": -51219,
            "gross_margin": -34.82,
            "gross_margin_4q_avg": -20.94,
            "net_income": -99675,
            "net_income_4q": null,
            "revenue": 147112,
            "revenue_4q": null,
            "common_shares": 586899,
            "book_valuer_per_share": 18.05,
            "book_valuer_per_share_4q_avg": 21.34,
            "equity": 955304,
            "current_ratio": 327.43,
            "debt_ratio": 16.15,
            "inventory_turnover_ratio": 1.26,
            "account_receivable_turnover_ratio": 0.66,
            "reinvestment_rate": null,
            "research_to_sale_ratio": 6.18,
            "price_fair": 65,
            "eps_avg_yearly": 1.86,
            "eps_latest_yearly": 0.12,
            "eps_growth_yearly": 462.95
        },
        "20231": {
            "year_quarter": 20231,
            "year": 2023,
            "quarter": 1,
            "eps": -0.98,
            "eps_growth_year": -545.45,
            "eps_4q": -6.96,
            "eps_4q_growth_year": null,
            "roe": -5.52,
            "roe_4q": -33.93,
            "gross_profit": -13894,
            "gross_margin": -7.9,
            "gross_margin_4q_avg": -24.09,
            "net_income": -51702,
            "net_income_4q": null,
            "revenue": 175952,
            "revenue_4q": null,
            "common_shares": 586906,
            "book_valuer_per_share": 17.35,
            "book_valuer_per_share_4q_avg": 19.61,
            "equity": 918363,
            "current_ratio": 247.2,
            "debt_ratio": 22.19,
            "inventory_turnover_ratio": 1.14,
            "account_receivable_turnover_ratio": 0.82,
            "reinvestment_rate": null,
            "research_to_sale_ratio": 4.33,
            "price_fair": 65,
            "eps_avg_yearly": 1.86,
            "eps_latest_yearly": 0.12,
            "eps_growth_yearly": 462.95
        },
        "20232": {
            "year_quarter": 20232,
            "year": 2023,
            "quarter": 2,
            "eps": -2.11,
            "eps_growth_year": null,
            "eps_4q": -8.02,
            "eps_4q_growth_year": null,
            "roe": -12.97,
            "roe_4q": -42.550000000000004,
            "gross_profit": -29462,
            "gross_margin": -17.25,
            "gross_margin_4q_avg": -27.27,
            "net_income": -111878,
            "net_income_4q": null,
            "revenue": 170840,
            "revenue_4q": null,
            "common_shares": 586916,
            "book_valuer_per_share": 15.25,
            "book_valuer_per_share_4q_avg": 17.65,
            "equity": 807197,
            "current_ratio": 204.83,
            "debt_ratio": 27.29,
            "inventory_turnover_ratio": 1.16,
            "account_receivable_turnover_ratio": 0.7,
            "reinvestment_rate": null,
            "research_to_sale_ratio": 5.57,
            "price_fair": 65,
            "eps_avg_yearly": 1.86,
            "eps_latest_yearly": 0.12,
            "eps_growth_yearly": 462.95
        },
        "20233": {
            "year_quarter": 20233,
            "year": 2023,
            "quarter": 3,
            "eps": -0.75,
            "eps_growth_year": null,
            "eps_4q": -5.72,
            "eps_4q_growth_year": null,
            "roe": -5.09,
            "roe_4q": -33.49,
            "gross_profit": -12809,
            "gross_margin": -5.93,
            "gross_margin_4q_avg": -16.48,
            "net_income": -39813,
            "net_income_4q": null,
            "revenue": 216013,
            "revenue_4q": null,
            "common_shares": 587016,
            "book_valuer_per_share": 14.3,
            "book_valuer_per_share_4q_avg": 16.24,
            "equity": 757394,
            "current_ratio": 166.63,
            "debt_ratio": 36.59,
            "inventory_turnover_ratio": 1.41,
            "account_receivable_turnover_ratio": 0.75,
            "reinvestment_rate": null,
            "research_to_sale_ratio": 4.05,
            "price_fair": 65,
            "eps_avg_yearly": 1.86,
            "eps_latest_yearly": 0.12,
            "eps_growth_yearly": 462.95
        },
        "20234": {
            "year_quarter": 20234,
            "year": 2023,
            "quarter": 4,
            "eps": -1.8,
            "eps_growth_year": null,
            "eps_4q": -5.64,
            "eps_4q_growth_year": null,
            "roe": -13.44,
            "roe_4q": -37.019999999999996,
            "gross_profit": -36527,
            "gross_margin": -23.09,
            "gross_margin_4q_avg": -13.54,
            "net_income": -95211,
            "net_income_4q": null,
            "revenue": 158215,
            "revenue_4q": null,
            "common_shares": 587196,
            "book_valuer_per_share": 12.45,
            "book_valuer_per_share_4q_avg": 14.84,
            "equity": 659481,
            "current_ratio": 139.51,
            "debt_ratio": 40.83,
            "inventory_turnover_ratio": 1.22,
            "account_receivable_turnover_ratio": 0.5,
            "reinvestment_rate": null,
            "research_to_sale_ratio": 6.16,
            "price_fair": 72.8,
            "eps_avg_yearly": 2.08,
            "eps_latest_yearly": 0.12,
            "eps_growth_yearly": 565.51
        }
    },
    "months": {
        "2009-06": {
            "month": "2009-06",
            "price": "27.74",
            "revenue": 33672
        },
        "2009-07": {
            "month": "2009-07",
            "price": "33.59",
            "revenue": 42205
        },
        "2009-08": {
            "month": "2009-08",
            "price": "37.62",
            "revenue": 67950
        },
        "2009-09": {
            "month": "2009-09",
            "price": "37.17",
            "revenue": 61592
        },
        "2009-10": {
            "month": "2009-10",
            "price": "36.34",
            "revenue": 69309
        },
        "2009-11": {
            "month": "2009-11",
            "price": "34.78",
            "revenue": 70162
        },
        "2009-12": {
            "month": "2009-12",
            "price": "35.73",
            "revenue": 60347
        },
        "2010-01": {
            "month": "2010-01",
            "price": "35.50",
            "revenue": 76380
        },
        "2010-02": {
            "month": "2010-02",
            "price": "35.33",
            "revenue": 85735
        },
        "2010-03": {
            "month": "2010-03",
            "price": "32.02",
            "revenue": 84652
        },
        "2010-04": {
            "month": "2010-04",
            "price": "34.32",
            "revenue": 108318
        },
        "2010-05": {
            "month": "2010-05",
            "price": "35.82",
            "revenue": 106858
        },
        "2010-06": {
            "month": "2010-06",
            "price": "32.02",
            "revenue": 87570
        },
        "2010-07": {
            "month": "2010-07",
            "price": "30.71",
            "revenue": 98173
        },
        "2010-08": {
            "month": "2010-08",
            "price": "28.06",
            "revenue": 84541
        },
        "2010-09": {
            "month": "2010-09",
            "price": "21.06",
            "revenue": 60318
        },
        "2010-10": {
            "month": "2010-10",
            "price": "16.72",
            "revenue": 62609
        },
        "2010-11": {
            "month": "2010-11",
            "price": "15.93",
            "revenue": 73877
        },
        "2010-12": {
            "month": "2010-12",
            "price": "15.20",
            "revenue": 78547
        },
        "2011-01": {
            "month": "2011-01",
            "price": "13.05",
            "revenue": 60199
        },
        "2011-02": {
            "month": "2011-02",
            "price": "13.57",
            "revenue": 55143
        },
        "2011-03": {
            "month": "2011-03",
            "price": "13.50",
            "revenue": 66183
        },
        "2011-04": {
            "month": "2011-04",
            "price": "13.61",
            "revenue": 72075
        },
        "2011-05": {
            "month": "2011-05",
            "price": "12.34",
            "revenue": 62889
        },
        "2011-06": {
            "month": "2011-06",
            "price": "11.20",
            "revenue": 57009
        },
        "2011-07": {
            "month": "2011-07",
            "price": "9.90",
            "revenue": 60389
        },
        "2011-08": {
            "month": "2011-08",
            "price": "7.53",
            "revenue": 83441
        },
        "2011-09": {
            "month": "2011-09",
            "price": "5.96",
            "revenue": 83142
        },
        "2011-10": {
            "month": "2011-10",
            "price": "5.14",
            "revenue": 84284
        },
        "2011-11": {
            "month": "2011-11",
            "price": "5.19",
            "revenue": 68213
        },
        "2011-12": {
            "month": "2011-12",
            "price": "5.05",
            "revenue": 72535
        },
        "2012-01": {
            "month": "2012-01",
            "price": "4.30",
            "revenue": 65539
        },
        "2012-02": {
            "month": "2012-02",
            "price": "6.09",
            "revenue": 65265
        },
        "2012-03": {
            "month": "2012-03",
            "price": "4.55",
            "revenue": 79918
        },
        "2012-04": {
            "month": "2012-04",
            "price": "3.95",
            "revenue": 79636
        },
        "2012-05": {
            "month": "2012-05",
            "price": "3.82",
            "revenue": 87308
        },
        "2012-06": {
            "month": "2012-06",
            "price": "3.21",
            "revenue": 96104
        },
        "2012-07": {
            "month": "2012-07",
            "price": "3.35",
            "revenue": 87800
        },
        "2012-08": {
            "month": "2012-08",
            "price": "2.94",
            "revenue": 89437
        },
        "2012-09": {
            "month": "2012-09",
            "price": "4.40",
            "revenue": 96345
        },
        "2012-10": {
            "month": "2012-10",
            "price": "4.76",
            "revenue": 92246
        },
        "2012-11": {
            "month": "2012-11",
            "price": "4.07",
            "revenue": 94482
        },
        "2012-12": {
            "month": "2012-12",
            "price": "4.31",
            "revenue": 89500
        },
        "2013-01": {
            "month": "2013-01",
            "price": "4.83",
            "revenue": 86127
        },
        "2013-02": {
            "month": "2013-02",
            "price": "13.58",
            "revenue": 82240
        },
        "2013-03": {
            "month": "2013-03",
            "price": "15.43",
            "revenue": 88033
        },
        "2013-04": {
            "month": "2013-04",
            "price": "20.62",
            "revenue": 110256
        },
        "2013-05": {
            "month": "2013-05",
            "price": "31.28",
            "revenue": 118420
        },
        "2013-06": {
            "month": "2013-06",
            "price": "35.24",
            "revenue": 122457
        },
        "2013-07": {
            "month": "2013-07",
            "price": "35.34",
            "revenue": 109786
        },
        "2013-08": {
            "month": "2013-08",
            "price": "34.94",
            "revenue": 117359
        },
        "2013-09": {
            "month": "2013-09",
            "price": "33.71",
            "revenue": 128937
        },
        "2013-10": {
            "month": "2013-10",
            "price": "32.39",
            "revenue": 118887
        },
        "2013-11": {
            "month": "2013-11",
            "price": "27.65",
            "revenue": 110609
        },
        "2013-12": {
            "month": "2013-12",
            "price": "29.52",
            "revenue": 115631
        },
        "2014-01": {
            "month": "2014-01",
            "price": "34.90",
            "revenue": 110932
        },
        "2014-02": {
            "month": "2014-02",
            "price": "35.88",
            "revenue": 101943
        },
        "2014-03": {
            "month": "2014-03",
            "price": "45.68",
            "revenue": 135253
        },
        "2014-04": {
            "month": "2014-04",
            "price": "47.86",
            "revenue": 144029
        },
        "2014-05": {
            "month": "2014-05",
            "price": "52.31",
            "revenue": 150597
        },
        "2014-06": {
            "month": "2014-06",
            "price": "63.96",
            "revenue": 130435
        },
        "2014-07": {
            "month": "2014-07",
            "price": "58.17",
            "revenue": 130926
        },
        "2014-08": {
            "month": "2014-08",
            "price": "53.74",
            "revenue": 154237
        },
        "2014-09": {
            "month": "2014-09",
            "price": "57.49",
            "revenue": 149731
        },
        "2014-10": {
            "month": "2014-10",
            "price": "51.58",
            "revenue": 119842
        },
        "2014-11": {
            "month": "2014-11",
            "price": "49.48",
            "revenue": 105245
        },
        "2014-12": {
            "month": "2014-12",
            "price": "53.24",
            "revenue": 109524
        },
        "2015-01": {
            "month": "2015-01",
            "price": "54.90",
            "revenue": 85158
        },
        "2015-02": {
            "month": "2015-02",
            "price": "47.48",
            "revenue": 71708
        },
        "2015-03": {
            "month": "2015-03",
            "price": "47.36",
            "revenue": 106742
        },
        "2015-04": {
            "month": "2015-04",
            "price": "42.68",
            "revenue": 107234
        },
        "2015-05": {
            "month": "2015-05",
            "price": "33.63",
            "revenue": 83894
        },
        "2015-06": {
            "month": "2015-06",
            "price": "25.15",
            "revenue": 70090
        },
        "2015-07": {
            "month": "2015-07",
            "price": "19.42",
            "revenue": 78856
        },
        "2015-08": {
            "month": "2015-08",
            "price": "14.11",
            "revenue": 88172
        },
        "2015-09": {
            "month": "2015-09",
            "price": "17.42",
            "revenue": 101575
        },
        "2015-10": {
            "month": "2015-10",
            "price": "20.25",
            "revenue": 110286
        },
        "2015-11": {
            "month": "2015-11",
            "price": "21.87",
            "revenue": 136305
        },
        "2015-12": {
            "month": "2015-12",
            "price": "22.38",
            "revenue": 128305
        },
        "2016-01": {
            "month": "2016-01",
            "price": "22.30",
            "revenue": 119158
        },
        "2016-02": {
            "month": "2016-02",
            "price": "32.20",
            "revenue": 94757
        },
        "2016-03": {
            "month": "2016-03",
            "price": "34.21",
            "revenue": 127389
        },
        "2016-04": {
            "month": "2016-04",
            "price": "27.60",
            "revenue": 102995
        },
        "2016-05": {
            "month": "2016-05",
            "price": "22.16",
            "revenue": 105036
        },
        "2016-06": {
            "month": "2016-06",
            "price": "22.86",
            "revenue": 104348
        },
        "2016-07": {
            "month": "2016-07",
            "price": "28.64",
            "revenue": 116468
        },
        "2016-08": {
            "month": "2016-08",
            "price": "28.88",
            "revenue": 119396
        },
        "2016-09": {
            "month": "2016-09",
            "price": "28.87",
            "revenue": 132418
        },
        "2016-10": {
            "month": "2016-10",
            "price": "29.00",
            "revenue": 108738
        },
        "2016-11": {
            "month": "2016-11",
            "price": "24.78",
            "revenue": 122834
        },
        "2016-12": {
            "month": "2016-12",
            "price": "23.97",
            "revenue": 107303
        },
        "2017-01": {
            "month": "2017-01",
            "price": "23.36",
            "revenue": 80275
        },
        "2017-02": {
            "month": "2017-02",
            "price": "24.00",
            "revenue": 71464
        },
        "2017-03": {
            "month": "2017-03",
            "price": "24.40",
            "revenue": 79711
        },
        "2017-04": {
            "month": "2017-04",
            "price": "23.60",
            "revenue": 115022
        },
        "2017-05": {
            "month": "2017-05",
            "price": "22.92",
            "revenue": 124405
        },
        "2017-06": {
            "month": "2017-06",
            "price": "22.94",
            "revenue": 116724
        },
        "2017-07": {
            "month": "2017-07",
            "price": "24.60",
            "revenue": 126555
        },
        "2017-08": {
            "month": "2017-08",
            "price": "23.26",
            "revenue": 133906
        },
        "2017-09": {
            "month": "2017-09",
            "price": "24.81",
            "revenue": 153507
        },
        "2017-10": {
            "month": "2017-10",
            "price": "28.17",
            "revenue": 154172
        },
        "2017-11": {
            "month": "2017-11",
            "price": "32.38",
            "revenue": 93055
        },
        "2017-12": {
            "month": "2017-12",
            "price": "26.32",
            "revenue": 95435
        },
        "2018-01": {
            "month": "2018-01",
            "price": "24.44",
            "revenue": 91029
        },
        "2018-02": {
            "month": "2018-02",
            "price": "22.66",
            "revenue": 73483
        },
        "2018-03": {
            "month": "2018-03",
            "price": "23.90",
            "revenue": 82102
        },
        "2018-04": {
            "month": "2018-04",
            "price": "23.04",
            "revenue": 107669
        },
        "2018-05": {
            "month": "2018-05",
            "price": "21.90",
            "revenue": 100623
        },
        "2018-06": {
            "month": "2018-06",
            "price": "22.61",
            "revenue": 114586
        },
        "2018-07": {
            "month": "2018-07",
            "price": "21.16",
            "revenue": 125923
        },
        "2018-08": {
            "month": "2018-08",
            "price": "18.85",
            "revenue": 111353
        },
        "2018-09": {
            "month": "2018-09",
            "price": "16.02",
            "revenue": 92359
        },
        "2018-10": {
            "month": "2018-10",
            "price": "14.25",
            "revenue": 124531
        },
        "2018-11": {
            "month": "2018-11",
            "price": "13.85",
            "revenue": 150381
        },
        "2018-12": {
            "month": "2018-12",
            "price": "15.56",
            "revenue": 130447
        },
        "2019-01": {
            "month": "2019-01",
            "price": "14.88",
            "revenue": 75992
        },
        "2019-02": {
            "month": "2019-02",
            "price": "14.75",
            "revenue": 68197
        },
        "2019-03": {
            "month": "2019-03",
            "price": "15.14",
            "revenue": 94145
        },
        "2019-04": {
            "month": "2019-04",
            "price": "17.54",
            "revenue": 109599
        },
        "2019-05": {
            "month": "2019-05",
            "price": "15.51",
            "revenue": 109388
        },
        "2019-06": {
            "month": "2019-06",
            "price": "15.18",
            "revenue": 106431
        },
        "2019-07": {
            "month": "2019-07",
            "price": "15.93",
            "revenue": 127624
        },
        "2019-08": {
            "month": "2019-08",
            "price": "16.96",
            "revenue": 158292
        },
        "2019-09": {
            "month": "2019-09",
            "price": "18.98",
            "revenue": 112598
        },
        "2019-10": {
            "month": "2019-10",
            "price": "18.90",
            "revenue": 130069
        },
        "2019-11": {
            "month": "2019-11",
            "price": "17.43",
            "revenue": 133519
        },
        "2019-12": {
            "month": "2019-12",
            "price": "17.96",
            "revenue": 141312
        },
        "2020-01": {
            "month": "2020-01",
            "price": "17.54",
            "revenue": 115761
        },
        "2020-02": {
            "month": "2020-02",
            "price": "16.66",
            "revenue": 71389
        },
        "2020-03": {
            "month": "2020-03",
            "price": "13.69",
            "revenue": 135096
        },
        "2020-04": {
            "month": "2020-04",
            "price": "14.52",
            "revenue": 140548
        },
        "2020-05": {
            "month": "2020-05",
            "price": "15.52",
            "revenue": 141346
        },
        "2020-06": {
            "month": "2020-06",
            "price": "15.75",
            "revenue": 101709
        },
        "2020-07": {
            "month": "2020-07",
            "price": "16.70",
            "revenue": 177923
        },
        "2020-08": {
            "month": "2020-08",
            "price": "22.29",
            "revenue": 189713
        },
        "2020-09": {
            "month": "2020-09",
            "price": "30.08",
            "revenue": 198166
        },
        "2020-10": {
            "month": "2020-10",
            "price": "33.27",
            "revenue": 201304
        },
        "2020-11": {
            "month": "2020-11",
            "price": "47.98",
            "revenue": 204734
        },
        "2020-12": {
            "month": "2020-12",
            "price": "81.05",
            "revenue": 155888
        },
        "2021-01": {
            "month": "2021-01",
            "price": "65.58",
            "revenue": 168661
        },
        "2021-02": {
            "month": "2021-02",
            "price": "62.75",
            "revenue": 152017
        },
        "2021-03": {
            "month": "2021-03",
            "price": "64.53",
            "revenue": 176489
        },
        "2021-04": {
            "month": "2021-04",
            "price": "60.90",
            "revenue": 168865
        },
        "2021-05": {
            "month": "2021-05",
            "price": "43.54",
            "revenue": 151802
        },
        "2021-06": {
            "month": "2021-06",
            "price": "42.69",
            "revenue": 126568
        },
        "2021-07": {
            "month": "2021-07",
            "price": "40.58",
            "revenue": 125615
        },
        "2021-08": {
            "month": "2021-08",
            "price": "34.60",
            "revenue": 133391
        },
        "2021-09": {
            "month": "2021-09",
            "price": "30.72",
            "revenue": 116324
        },
        "2021-10": {
            "month": "2021-10",
            "price": "26.32",
            "revenue": 120685
        },
        "2021-11": {
            "month": "2021-11",
            "price": "31.42",
            "revenue": 135750
        },
        "2021-12": {
            "month": "2021-12",
            "price": "34.03",
            "revenue": 150725
        },
        "2022-01": {
            "month": "2022-01",
            "price": "33.45",
            "revenue": 154134
        },
        "2022-02": {
            "month": "2022-02",
            "price": "32.27",
            "revenue": 116762
        },
        "2022-03": {
            "month": "2022-03",
            "price": "28.45",
            "revenue": 124693
        },
        "2022-04": {
            "month": "2022-04",
            "price": "24.02",
            "revenue": 90413
        },
        "2022-05": {
            "month": "2022-05",
            "price": "24.46",
            "revenue": 108644
        },
        "2022-06": {
            "month": "2022-06",
            "price": "28.27",
            "revenue": 72948
        },
        "2022-07": {
            "month": "2022-07",
            "price": "25.50",
            "revenue": 50444
        },
        "2022-08": {
            "month": "2022-08",
            "price": "24.95",
            "revenue": 52760
        },
        "2022-09": {
            "month": "2022-09",
            "price": "21.61",
            "revenue": 35125
        },
        "2022-10": {
            "month": "2022-10",
            "price": "17.58",
            "revenue": 35405
        },
        "2022-11": {
            "month": "2022-11",
            "price": "18.35",
            "revenue": 48290
        },
        "2022-12": {
            "month": "2022-12",
            "price": "19.21",
            "revenue": 63417
        },
        "2023-01": {
            "month": "2023-01",
            "price": "18.77",
            "revenue": 52364
        },
        "2023-02": {
            "month": "2023-02",
            "price": "19.37",
            "revenue": 52705
        },
        "2023-03": {
            "month": "2023-03",
            "price": "22.98",
            "revenue": 70883
        },
        "2023-04": {
            "month": "2023-04",
            "price": "23.27",
            "revenue": 56884
        },
        "2023-05": {
            "month": "2023-05",
            "price": "22.52",
            "revenue": 52016
        },
        "2023-06": {
            "month": "2023-06",
            "price": "22.76",
            "revenue": 61940
        },
        "2023-07": {
            "month": "2023-07",
            "price": "26.93",
            "revenue": 71059
        },
        "2023-08": {
            "month": "2023-08",
            "price": "26.03",
            "revenue": 72868
        },
        "2023-09": {
            "month": "2023-09",
            "price": "25.42",
            "revenue": 72086
        },
        "2023-10": {
            "month": "2023-10",
            "price": "27.86",
            "revenue": 51914
        },
        "2023-11": {
            "month": "2023-11",
            "price": "26.65",
            "revenue": 60862
        },
        "2023-12": {
            "month": "2023-12",
            "price": "27.19",
            "revenue": 45439
        }
    }
}
