{
    "summary": {
        "stock_name": "圓展",
        "stock_id": "3669",
        "category": "通信網路",
        "main_business": "簡報及視訊會議產品等系列設計、製造、加工及買賣",
        "website_url": "http://www.aver.com",
        "ceo": "許起裕",
        "pe_ratio": 17,
        "report_year_from": 2009,
        "report_year_to": 2023,
        "age": 14,
        "eps_negative_percentage": 20,
        "eps_growth_avg": {
            "last_all": -27.4,
            "last_2y": 11.26,
            "last_4y": 19.19,
            "last_8y": -9.86,
            "last_12y": -27.4,
            "last_16y": null,
            "last_20y": null,
            "at_2006_last_3y": null,
            "at_2007_last_3y": null,
            "at_2008_last_3y": null,
            "at_2009_last_3y": null,
            "at_2010_last_3y": null,
            "at_2011_last_3y": null,
            "at_2012_last_3y": null,
            "at_2013_last_3y": -58.1,
            "at_2014_last_3y": -75.24,
            "at_2015_last_3y": -94.09,
            "at_2016_last_3y": -100,
            "at_2017_last_3y": -82.48,
            "at_2018_last_3y": -53.6,
            "at_2019_last_3y": -0.93,
            "at_2020_last_3y": 24.3,
            "at_2021_last_3y": 36.24,
            "at_2022_last_3y": 22.95,
            "at_2023_last_3y": 22.95,
            "at_2006_last_all": null,
            "at_2007_last_all": null,
            "at_2008_last_all": null,
            "at_2009_last_all": null,
            "at_2010_last_all": null,
            "at_2011_last_all": -25.06,
            "at_2012_last_all": -44.13,
            "at_2013_last_all": -58.1,
            "at_2014_last_all": -58.1,
            "at_2015_last_all": -66.48,
            "at_2016_last_all": -66.48,
            "at_2017_last_all": -66.23,
            "at_2018_last_all": -56.17,
            "at_2019_last_all": -41.9,
            "at_2020_last_all": -26.13,
            "at_2021_last_all": -25.24,
            "at_2022_last_all": -27.4,
            "at_2023_last_all": -27.4
        },
        "latest_eps": 2.48,
        "latest_price": 41.95,
        "latest_roe": 7.93,
        "latest_gross_margin": 54.9,
        "latest_equity": 2815953,
        "latest_revenue": 542046,
        "latest_gross_profit": 297567,
        "latest_net_income": -20807,
        "latest_debt_ratio": 29.5,
        "latest_current_ratio": 199.9,
        "latest_account_receivable_turnover_ratio": 1.88,
        "latest_inventory_turnover_ratio": 0.42,
        "latest_reinvestment_rate": -0.33,
        "latest_research_to_sale_ratio": 19.43
    },
    "eps_dividends": {
        "2001": {
            "cash": 0,
            "stock": 0,
            "eps": 0
        },
        "2002": {
            "cash": 0,
            "stock": 0,
            "eps": 0
        },
        "2003": {
            "cash": 0,
            "stock": 0,
            "eps": 0
        },
        "2004": {
            "cash": 0,
            "stock": 0,
            "eps": 0
        },
        "2005": {
            "cash": 0,
            "stock": 0,
            "eps": 0
        },
        "2006": {
            "cash": 0,
            "stock": 0,
            "eps": 0
        },
        "2007": {
            "cash": 0,
            "stock": 0,
            "eps": 0
        },
        "2008": {
            "cash": 0,
            "stock": 0,
            "eps": 0
        },
        "2009": {
            "cash": 0,
            "stock": 0,
            "eps": 4.49
        },
        "2010": {
            "cash": 4,
            "stock": 1,
            "eps": 4.19
        },
        "2011": {
            "cash": 4.5,
            "stock": 0.5,
            "eps": 2.37
        },
        "2012": {
            "cash": 0,
            "stock": 0,
            "eps": 0.42
        },
        "2013": {
            "cash": 0.48,
            "stock": 0,
            "eps": -0.49
        },
        "2014": {
            "cash": 0.2,
            "stock": 0,
            "eps": 0.21
        },
        "2015": {
            "cash": 0.41,
            "stock": 0,
            "eps": -0.26
        },
        "2016": {
            "cash": 0.2,
            "stock": 0,
            "eps": 1.37
        },
        "2017": {
            "cash": 0.88,
            "stock": 0,
            "eps": 0.48
        },
        "2018": {
            "cash": 0.4,
            "stock": 0,
            "eps": 0.5
        },
        "2019": {
            "cash": 0.4,
            "stock": 0,
            "eps": 0.79
        },
        "2020": {
            "cash": 0.5,
            "stock": 0,
            "eps": 8.48
        },
        "2021": {
            "cash": 5,
            "stock": 0,
            "eps": 7.02
        },
        "2022": {
            "cash": 3.8,
            "stock": 0,
            "eps": 3.58
        },
        "2023": {
            "cash": 1.43,
            "stock": 0,
            "eps": -0.22
        }
    },
    "dividends": {
        "2010-03-09": {
            "cash": 4,
            "stock": 1
        },
        "2011-01-01": {
            "cash": 1.5,
            "stock": 0
        },
        "2011-02-23": {
            "cash": 3,
            "stock": 0.5
        },
        "2013-02-22": {
            "cash": 0.48,
            "stock": 0
        },
        "2014-06-12": {
            "cash": 0.2,
            "stock": 0
        },
        "2015-07-22": {
            "cash": 0.41,
            "stock": 0
        },
        "2016-07-22": {
            "cash": 0.2,
            "stock": 0
        },
        "2017-07-21": {
            "cash": 0.88,
            "stock": 0
        },
        "2018-07-20": {
            "cash": 0.4,
            "stock": 0
        },
        "2019-07-26": {
            "cash": 0.4,
            "stock": 0
        },
        "2020-07-17": {
            "cash": 0.5,
            "stock": 0
        },
        "2021-08-12": {
            "cash": 5,
            "stock": 0
        },
        "2022-07-20": {
            "cash": 3.8,
            "stock": 0
        },
        "2023-07-19": {
            "cash": 1.43,
            "stock": 0
        }
    },
    "prices": {
        "200101": "無",
        "200102": "無",
        "200103": "無",
        "200104": "無",
        "200105": "無",
        "200106": "無",
        "200107": "無",
        "200108": "無",
        "200109": "無",
        "200110": "無",
        "200111": "無",
        "200112": "無",
        "200201": "無",
        "200202": "無",
        "200203": "無",
        "200204": "無",
        "200205": "無",
        "200206": "無",
        "200207": "無",
        "200208": "無",
        "200209": "無",
        "200210": "無",
        "200211": "無",
        "200212": "無",
        "200301": "無",
        "200302": "無",
        "200303": "無",
        "200304": "無",
        "200305": "無",
        "200306": "無",
        "200307": "無",
        "200308": "無",
        "200309": "無",
        "200310": "無",
        "200311": "無",
        "200312": "無",
        "200401": "無",
        "200402": "無",
        "200403": "無",
        "200404": "無",
        "200405": "無",
        "200406": "無",
        "200407": "無",
        "200408": "無",
        "200409": "無",
        "200410": "無",
        "200411": "無",
        "200412": "無",
        "200501": "無",
        "200502": "無",
        "200503": "無",
        "200504": "無",
        "200505": "無",
        "200506": "無",
        "200507": "無",
        "200508": "無",
        "200509": "無",
        "200510": "無",
        "200511": "無",
        "200512": "無",
        "200601": "無",
        "200602": "無",
        "200603": "無",
        "200604": "無",
        "200605": "無",
        "200606": "無",
        "200607": "無",
        "200608": "無",
        "200609": "無",
        "200610": "無",
        "200611": "無",
        "200612": "無",
        "200701": "無",
        "200702": "無",
        "200703": "無",
        "200704": "無",
        "200705": "無",
        "200706": "無",
        "200707": "無",
        "200708": "無",
        "200709": "無",
        "200710": "無",
        "200711": "無",
        "200712": "無",
        "200801": "無",
        "200802": "無",
        "200803": "無",
        "200804": "無",
        "200805": "無",
        "200806": "無",
        "200807": "無",
        "200808": "無",
        "200809": "無",
        "200810": "無",
        "200811": "無",
        "200812": "無",
        "200901": "無",
        "200902": "無",
        "200903": "無",
        "200904": "無",
        "200905": "無",
        "200906": "無",
        "200907": "114.23",
        "200908": "112.42",
        "200909": "110.57",
        "200910": "108.76",
        "200911": "102.62",
        "200912": "99.39",
        "201001": "107.85",
        "201002": "111.59",
        "201003": "119.42",
        "201004": "130.54",
        "201005": "142.51",
        "201006": "123.50",
        "201007": "102.59",
        "201008": "88.86",
        "201009": "76.38",
        "201010": "73.08",
        "201011": "67.62",
        "201012": "70.42",
        "201101": "79.15",
        "201102": "75.53",
        "201103": "72.52",
        "201104": "66.23",
        "201105": "70.45",
        "201106": "68.66",
        "201107": "65.39",
        "201108": "38.37",
        "201109": "38.35",
        "201110": "36.66",
        "201111": "31.87",
        "201112": "26.89",
        "201201": "26.68",
        "201202": "32.28",
        "201203": "32.03",
        "201204": "27.65",
        "201205": "25.99",
        "201206": "23.62",
        "201207": "21.22",
        "201208": "20.47",
        "201209": "20.32",
        "201210": "18.56",
        "201211": "17.98",
        "201212": "19.78",
        "201301": "20.78",
        "201302": "20.48",
        "201303": "21.13",
        "201304": "23.10",
        "201305": "22.23",
        "201306": "21.48",
        "201307": "19.49",
        "201308": "19.70",
        "201309": "22.55",
        "201310": "21.88",
        "201311": "19.96",
        "201312": "21.28",
        "201401": "24.04",
        "201402": "23.99",
        "201403": "26.44",
        "201404": "24.95",
        "201405": "24.90",
        "201406": "25.96",
        "201407": "27.54",
        "201408": "26.71",
        "201409": "27.27",
        "201410": "22.56",
        "201411": "19.28",
        "201412": "20.36",
        "201501": "21.24",
        "201502": "20.58",
        "201503": "20.20",
        "201504": "19.30",
        "201505": "16.84",
        "201506": "15.89",
        "201507": "16.88",
        "201508": "14.57",
        "201509": "13.66",
        "201510": "13.89",
        "201511": "14.25",
        "201512": "14.02",
        "201601": "14.22",
        "201602": "15.03",
        "201603": "15.79",
        "201604": "15.12",
        "201605": "15.41",
        "201606": "19.41",
        "201607": "21.64",
        "201608": "21.70",
        "201609": "20.13",
        "201610": "20.83",
        "201611": "20.55",
        "201612": "20.19",
        "201701": "20.88",
        "201702": "22.82",
        "201703": "22.33",
        "201704": "20.95",
        "201705": "20.82",
        "201706": "21.66",
        "201707": "20.25",
        "201708": "19.39",
        "201709": "20.72",
        "201710": "20.28",
        "201711": "20.11",
        "201712": "19.75",
        "201801": "20.08",
        "201802": "20.74",
        "201803": "20.25",
        "201804": "18.80",
        "201805": "18.43",
        "201806": "20.38",
        "201807": "20.47",
        "201808": "20.00",
        "201809": "19.41",
        "201810": "17.42",
        "201811": "16.93",
        "201812": "16.99",
        "201901": "16.34",
        "201902": "17.85",
        "201903": "18.00",
        "201904": "18.58",
        "201905": "17.33",
        "201906": "16.73",
        "201907": "16.60",
        "201908": "17.50",
        "201909": "17.82",
        "201910": "17.32",
        "201911": "16.57",
        "201912": "16.52",
        "202001": "16.88",
        "202002": "23.12",
        "202003": "26.65",
        "202004": "30.46",
        "202005": "31.11",
        "202006": "31.20",
        "202007": "44.04",
        "202008": "96.96",
        "202009": "122.39",
        "202010": "101.89",
        "202011": "92.05",
        "202012": "81.67",
        "202101": "73.71",
        "202102": "79.49",
        "202103": "80.35",
        "202104": "86.77",
        "202105": "84.74",
        "202106": "82.95",
        "202107": "78.38",
        "202108": "63.20",
        "202109": "56.90",
        "202110": "49.13",
        "202111": "51.71",
        "202112": "54.52",
        "202201": "64.21",
        "202202": "56.71",
        "202203": "53.33",
        "202204": "56.11",
        "202205": "51.12",
        "202206": "48.31",
        "202207": "40.49",
        "202208": "45.23",
        "202209": "43.83",
        "202210": "39.84",
        "202211": "42.07",
        "202212": "45.69",
        "202301": "46.25",
        "202302": "45.77",
        "202303": "45.68",
        "202304": "44.78",
        "202305": "42.43",
        "202306": "42.20"
    },
    "quarters": {
        "20011": {
            "year_quarter": 20011,
            "year": 2001,
            "quarter": 1,
            "eps": null,
            "eps_growth_year": null,
            "eps_4q": null,
            "eps_4q_growth_year": null,
            "roe": null,
            "roe_4q": 0,
            "gross_profit": null,
            "gross_margin": null,
            "gross_margin_4q_avg": 0,
            "net_income": null,
            "revenue": null,
            "common_shares": null,
            "book_valuer_per_share": null,
            "book_valuer_per_share_4q_avg": 0,
            "equity": null,
            "current_ratio": null,
            "debt_ratio": null,
            "inventory_turnover_ratio": null,
            "account_receivable_turnover_ratio": null,
            "reinvestment_rate": null,
            "research_to_sale_ratio": null,
            "price_fair": 0,
            "eps_avg_yearly": 0,
            "eps_latest_yearly": 0,
            "eps_growth_yearly": 0
        },
        "20012": {
            "year_quarter": 20012,
            "year": 2001,
            "quarter": 2,
            "eps": null,
            "eps_growth_year": null,
            "eps_4q": null,
            "eps_4q_growth_year": null,
            "roe": null,
            "roe_4q": 0,
            "gross_profit": null,
            "gross_margin": null,
            "gross_margin_4q_avg": 0,
            "net_income": null,
            "revenue": null,
            "common_shares": null,
            "book_valuer_per_share": null,
            "book_valuer_per_share_4q_avg": 0,
            "equity": null,
            "current_ratio": null,
            "debt_ratio": null,
            "inventory_turnover_ratio": null,
            "account_receivable_turnover_ratio": null,
            "reinvestment_rate": null,
            "research_to_sale_ratio": null,
            "price_fair": 0,
            "eps_avg_yearly": 0,
            "eps_latest_yearly": 0,
            "eps_growth_yearly": 0
        },
        "20013": {
            "year_quarter": 20013,
            "year": 2001,
            "quarter": 3,
            "eps": null,
            "eps_growth_year": null,
            "eps_4q": null,
            "eps_4q_growth_year": null,
            "roe": null,
            "roe_4q": 0,
            "gross_profit": null,
            "gross_margin": null,
            "gross_margin_4q_avg": 0,
            "net_income": null,
            "revenue": null,
            "common_shares": null,
            "book_valuer_per_share": null,
            "book_valuer_per_share_4q_avg": 0,
            "equity": null,
            "current_ratio": null,
            "debt_ratio": null,
            "inventory_turnover_ratio": null,
            "account_receivable_turnover_ratio": null,
            "reinvestment_rate": null,
            "research_to_sale_ratio": null,
            "price_fair": 0,
            "eps_avg_yearly": 0,
            "eps_latest_yearly": 0,
            "eps_growth_yearly": 0
        },
        "20014": {
            "year_quarter": 20014,
            "year": 2001,
            "quarter": 4,
            "eps": null,
            "eps_growth_year": null,
            "eps_4q": null,
            "eps_4q_growth_year": null,
            "roe": null,
            "roe_4q": 0,
            "gross_profit": null,
            "gross_margin": null,
            "gross_margin_4q_avg": 0,
            "net_income": null,
            "revenue": null,
            "common_shares": null,
            "book_valuer_per_share": null,
            "book_valuer_per_share_4q_avg": 0,
            "equity": null,
            "current_ratio": null,
            "debt_ratio": null,
            "inventory_turnover_ratio": null,
            "account_receivable_turnover_ratio": null,
            "reinvestment_rate": null,
            "research_to_sale_ratio": null,
            "price_fair": 0,
            "eps_avg_yearly": 0,
            "eps_latest_yearly": 0,
            "eps_growth_yearly": 0
        },
        "20021": {
            "year_quarter": 20021,
            "year": 2002,
            "quarter": 1,
            "eps": null,
            "eps_growth_year": null,
            "eps_4q": null,
            "eps_4q_growth_year": null,
            "roe": null,
            "roe_4q": 0,
            "gross_profit": null,
            "gross_margin": null,
            "gross_margin_4q_avg": 0,
            "net_income": null,
            "revenue": null,
            "common_shares": null,
            "book_valuer_per_share": null,
            "book_valuer_per_share_4q_avg": 0,
            "equity": null,
            "current_ratio": null,
            "debt_ratio": null,
            "inventory_turnover_ratio": null,
            "account_receivable_turnover_ratio": null,
            "reinvestment_rate": null,
            "research_to_sale_ratio": null,
            "price_fair": 0,
            "eps_avg_yearly": 0,
            "eps_latest_yearly": 0,
            "eps_growth_yearly": 0
        },
        "20022": {
            "year_quarter": 20022,
            "year": 2002,
            "quarter": 2,
            "eps": null,
            "eps_growth_year": null,
            "eps_4q": null,
            "eps_4q_growth_year": null,
            "roe": null,
            "roe_4q": 0,
            "gross_profit": null,
            "gross_margin": null,
            "gross_margin_4q_avg": 0,
            "net_income": null,
            "revenue": null,
            "common_shares": null,
            "book_valuer_per_share": null,
            "book_valuer_per_share_4q_avg": 0,
            "equity": null,
            "current_ratio": null,
            "debt_ratio": null,
            "inventory_turnover_ratio": null,
            "account_receivable_turnover_ratio": null,
            "reinvestment_rate": null,
            "research_to_sale_ratio": null,
            "price_fair": 0,
            "eps_avg_yearly": 0,
            "eps_latest_yearly": 0,
            "eps_growth_yearly": 0
        },
        "20023": {
            "year_quarter": 20023,
            "year": 2002,
            "quarter": 3,
            "eps": null,
            "eps_growth_year": null,
            "eps_4q": null,
            "eps_4q_growth_year": null,
            "roe": null,
            "roe_4q": 0,
            "gross_profit": null,
            "gross_margin": null,
            "gross_margin_4q_avg": 0,
            "net_income": null,
            "revenue": null,
            "common_shares": null,
            "book_valuer_per_share": null,
            "book_valuer_per_share_4q_avg": 0,
            "equity": null,
            "current_ratio": null,
            "debt_ratio": null,
            "inventory_turnover_ratio": null,
            "account_receivable_turnover_ratio": null,
            "reinvestment_rate": null,
            "research_to_sale_ratio": null,
            "price_fair": 0,
            "eps_avg_yearly": 0,
            "eps_latest_yearly": 0,
            "eps_growth_yearly": 0
        },
        "20024": {
            "year_quarter": 20024,
            "year": 2002,
            "quarter": 4,
            "eps": null,
            "eps_growth_year": null,
            "eps_4q": null,
            "eps_4q_growth_year": null,
            "roe": null,
            "roe_4q": 0,
            "gross_profit": null,
            "gross_margin": null,
            "gross_margin_4q_avg": 0,
            "net_income": null,
            "revenue": null,
            "common_shares": null,
            "book_valuer_per_share": null,
            "book_valuer_per_share_4q_avg": 0,
            "equity": null,
            "current_ratio": null,
            "debt_ratio": null,
            "inventory_turnover_ratio": null,
            "account_receivable_turnover_ratio": null,
            "reinvestment_rate": null,
            "research_to_sale_ratio": null,
            "price_fair": 0,
            "eps_avg_yearly": 0,
            "eps_latest_yearly": 0,
            "eps_growth_yearly": 0
        },
        "20031": {
            "year_quarter": 20031,
            "year": 2003,
            "quarter": 1,
            "eps": null,
            "eps_growth_year": null,
            "eps_4q": null,
            "eps_4q_growth_year": null,
            "roe": null,
            "roe_4q": 0,
            "gross_profit": null,
            "gross_margin": null,
            "gross_margin_4q_avg": 0,
            "net_income": null,
            "revenue": null,
            "common_shares": null,
            "book_valuer_per_share": null,
            "book_valuer_per_share_4q_avg": 0,
            "equity": null,
            "current_ratio": null,
            "debt_ratio": null,
            "inventory_turnover_ratio": null,
            "account_receivable_turnover_ratio": null,
            "reinvestment_rate": null,
            "research_to_sale_ratio": null,
            "price_fair": 0,
            "eps_avg_yearly": 0,
            "eps_latest_yearly": 0,
            "eps_growth_yearly": 0
        },
        "20032": {
            "year_quarter": 20032,
            "year": 2003,
            "quarter": 2,
            "eps": null,
            "eps_growth_year": null,
            "eps_4q": null,
            "eps_4q_growth_year": null,
            "roe": null,
            "roe_4q": 0,
            "gross_profit": null,
            "gross_margin": null,
            "gross_margin_4q_avg": 0,
            "net_income": null,
            "revenue": null,
            "common_shares": null,
            "book_valuer_per_share": null,
            "book_valuer_per_share_4q_avg": 0,
            "equity": null,
            "current_ratio": null,
            "debt_ratio": null,
            "inventory_turnover_ratio": null,
            "account_receivable_turnover_ratio": null,
            "reinvestment_rate": null,
            "research_to_sale_ratio": null,
            "price_fair": 0,
            "eps_avg_yearly": 0,
            "eps_latest_yearly": 0,
            "eps_growth_yearly": 0
        },
        "20033": {
            "year_quarter": 20033,
            "year": 2003,
            "quarter": 3,
            "eps": null,
            "eps_growth_year": null,
            "eps_4q": null,
            "eps_4q_growth_year": null,
            "roe": null,
            "roe_4q": 0,
            "gross_profit": null,
            "gross_margin": null,
            "gross_margin_4q_avg": 0,
            "net_income": null,
            "revenue": null,
            "common_shares": null,
            "book_valuer_per_share": null,
            "book_valuer_per_share_4q_avg": 0,
            "equity": null,
            "current_ratio": null,
            "debt_ratio": null,
            "inventory_turnover_ratio": null,
            "account_receivable_turnover_ratio": null,
            "reinvestment_rate": null,
            "research_to_sale_ratio": null,
            "price_fair": 0,
            "eps_avg_yearly": 0,
            "eps_latest_yearly": 0,
            "eps_growth_yearly": 0
        },
        "20034": {
            "year_quarter": 20034,
            "year": 2003,
            "quarter": 4,
            "eps": null,
            "eps_growth_year": null,
            "eps_4q": null,
            "eps_4q_growth_year": null,
            "roe": null,
            "roe_4q": 0,
            "gross_profit": null,
            "gross_margin": null,
            "gross_margin_4q_avg": 0,
            "net_income": null,
            "revenue": null,
            "common_shares": null,
            "book_valuer_per_share": null,
            "book_valuer_per_share_4q_avg": 0,
            "equity": null,
            "current_ratio": null,
            "debt_ratio": null,
            "inventory_turnover_ratio": null,
            "account_receivable_turnover_ratio": null,
            "reinvestment_rate": null,
            "research_to_sale_ratio": null,
            "price_fair": 0,
            "eps_avg_yearly": 0,
            "eps_latest_yearly": 0,
            "eps_growth_yearly": 0
        },
        "20041": {
            "year_quarter": 20041,
            "year": 2004,
            "quarter": 1,
            "eps": null,
            "eps_growth_year": null,
            "eps_4q": null,
            "eps_4q_growth_year": null,
            "roe": null,
            "roe_4q": 0,
            "gross_profit": null,
            "gross_margin": null,
            "gross_margin_4q_avg": 0,
            "net_income": null,
            "revenue": null,
            "common_shares": null,
            "book_valuer_per_share": null,
            "book_valuer_per_share_4q_avg": 0,
            "equity": null,
            "current_ratio": null,
            "debt_ratio": null,
            "inventory_turnover_ratio": null,
            "account_receivable_turnover_ratio": null,
            "reinvestment_rate": null,
            "research_to_sale_ratio": null,
            "price_fair": 0,
            "eps_avg_yearly": 0,
            "eps_latest_yearly": 0,
            "eps_growth_yearly": 0
        },
        "20042": {
            "year_quarter": 20042,
            "year": 2004,
            "quarter": 2,
            "eps": null,
            "eps_growth_year": null,
            "eps_4q": null,
            "eps_4q_growth_year": null,
            "roe": null,
            "roe_4q": 0,
            "gross_profit": null,
            "gross_margin": null,
            "gross_margin_4q_avg": 0,
            "net_income": null,
            "revenue": null,
            "common_shares": null,
            "book_valuer_per_share": null,
            "book_valuer_per_share_4q_avg": 0,
            "equity": null,
            "current_ratio": null,
            "debt_ratio": null,
            "inventory_turnover_ratio": null,
            "account_receivable_turnover_ratio": null,
            "reinvestment_rate": null,
            "research_to_sale_ratio": null,
            "price_fair": 0,
            "eps_avg_yearly": 0,
            "eps_latest_yearly": 0,
            "eps_growth_yearly": 0
        },
        "20043": {
            "year_quarter": 20043,
            "year": 2004,
            "quarter": 3,
            "eps": null,
            "eps_growth_year": null,
            "eps_4q": null,
            "eps_4q_growth_year": null,
            "roe": null,
            "roe_4q": 0,
            "gross_profit": null,
            "gross_margin": null,
            "gross_margin_4q_avg": 0,
            "net_income": null,
            "revenue": null,
            "common_shares": null,
            "book_valuer_per_share": null,
            "book_valuer_per_share_4q_avg": 0,
            "equity": null,
            "current_ratio": null,
            "debt_ratio": null,
            "inventory_turnover_ratio": null,
            "account_receivable_turnover_ratio": null,
            "reinvestment_rate": null,
            "research_to_sale_ratio": null,
            "price_fair": 0,
            "eps_avg_yearly": 0,
            "eps_latest_yearly": 0,
            "eps_growth_yearly": 0
        },
        "20044": {
            "year_quarter": 20044,
            "year": 2004,
            "quarter": 4,
            "eps": null,
            "eps_growth_year": null,
            "eps_4q": null,
            "eps_4q_growth_year": null,
            "roe": null,
            "roe_4q": 0,
            "gross_profit": null,
            "gross_margin": null,
            "gross_margin_4q_avg": 0,
            "net_income": null,
            "revenue": null,
            "common_shares": null,
            "book_valuer_per_share": null,
            "book_valuer_per_share_4q_avg": 0,
            "equity": null,
            "current_ratio": null,
            "debt_ratio": null,
            "inventory_turnover_ratio": null,
            "account_receivable_turnover_ratio": null,
            "reinvestment_rate": null,
            "research_to_sale_ratio": null,
            "price_fair": 0,
            "eps_avg_yearly": 0,
            "eps_latest_yearly": 0,
            "eps_growth_yearly": 0
        },
        "20051": {
            "year_quarter": 20051,
            "year": 2005,
            "quarter": 1,
            "eps": null,
            "eps_growth_year": null,
            "eps_4q": null,
            "eps_4q_growth_year": null,
            "roe": null,
            "roe_4q": 0,
            "gross_profit": null,
            "gross_margin": null,
            "gross_margin_4q_avg": 0,
            "net_income": null,
            "revenue": null,
            "common_shares": null,
            "book_valuer_per_share": null,
            "book_valuer_per_share_4q_avg": 0,
            "equity": null,
            "current_ratio": null,
            "debt_ratio": null,
            "inventory_turnover_ratio": null,
            "account_receivable_turnover_ratio": null,
            "reinvestment_rate": null,
            "research_to_sale_ratio": null,
            "price_fair": 0,
            "eps_avg_yearly": 0,
            "eps_latest_yearly": 0,
            "eps_growth_yearly": 0
        },
        "20052": {
            "year_quarter": 20052,
            "year": 2005,
            "quarter": 2,
            "eps": null,
            "eps_growth_year": null,
            "eps_4q": null,
            "eps_4q_growth_year": null,
            "roe": null,
            "roe_4q": 0,
            "gross_profit": null,
            "gross_margin": null,
            "gross_margin_4q_avg": 0,
            "net_income": null,
            "revenue": null,
            "common_shares": null,
            "book_valuer_per_share": null,
            "book_valuer_per_share_4q_avg": 0,
            "equity": null,
            "current_ratio": null,
            "debt_ratio": null,
            "inventory_turnover_ratio": null,
            "account_receivable_turnover_ratio": null,
            "reinvestment_rate": null,
            "research_to_sale_ratio": null,
            "price_fair": 0,
            "eps_avg_yearly": 0,
            "eps_latest_yearly": 0,
            "eps_growth_yearly": 0
        },
        "20053": {
            "year_quarter": 20053,
            "year": 2005,
            "quarter": 3,
            "eps": null,
            "eps_growth_year": null,
            "eps_4q": null,
            "eps_4q_growth_year": null,
            "roe": null,
            "roe_4q": 0,
            "gross_profit": null,
            "gross_margin": null,
            "gross_margin_4q_avg": 0,
            "net_income": null,
            "revenue": null,
            "common_shares": null,
            "book_valuer_per_share": null,
            "book_valuer_per_share_4q_avg": 0,
            "equity": null,
            "current_ratio": null,
            "debt_ratio": null,
            "inventory_turnover_ratio": null,
            "account_receivable_turnover_ratio": null,
            "reinvestment_rate": null,
            "research_to_sale_ratio": null,
            "price_fair": 0,
            "eps_avg_yearly": 0,
            "eps_latest_yearly": 0,
            "eps_growth_yearly": 0
        },
        "20054": {
            "year_quarter": 20054,
            "year": 2005,
            "quarter": 4,
            "eps": null,
            "eps_growth_year": null,
            "eps_4q": null,
            "eps_4q_growth_year": null,
            "roe": null,
            "roe_4q": 0,
            "gross_profit": null,
            "gross_margin": null,
            "gross_margin_4q_avg": 0,
            "net_income": null,
            "revenue": null,
            "common_shares": null,
            "book_valuer_per_share": null,
            "book_valuer_per_share_4q_avg": 0,
            "equity": null,
            "current_ratio": null,
            "debt_ratio": null,
            "inventory_turnover_ratio": null,
            "account_receivable_turnover_ratio": null,
            "reinvestment_rate": null,
            "research_to_sale_ratio": null,
            "price_fair": 0,
            "eps_avg_yearly": 0,
            "eps_latest_yearly": 0,
            "eps_growth_yearly": 0
        },
        "20061": {
            "year_quarter": 20061,
            "year": 2006,
            "quarter": 1,
            "eps": null,
            "eps_growth_year": null,
            "eps_4q": null,
            "eps_4q_growth_year": null,
            "roe": null,
            "roe_4q": 0,
            "gross_profit": null,
            "gross_margin": null,
            "gross_margin_4q_avg": 0,
            "net_income": null,
            "revenue": null,
            "common_shares": null,
            "book_valuer_per_share": null,
            "book_valuer_per_share_4q_avg": 0,
            "equity": null,
            "current_ratio": null,
            "debt_ratio": null,
            "inventory_turnover_ratio": null,
            "account_receivable_turnover_ratio": null,
            "reinvestment_rate": null,
            "research_to_sale_ratio": null,
            "price_fair": 0,
            "eps_avg_yearly": 0,
            "eps_latest_yearly": 0,
            "eps_growth_yearly": 0
        },
        "20062": {
            "year_quarter": 20062,
            "year": 2006,
            "quarter": 2,
            "eps": null,
            "eps_growth_year": null,
            "eps_4q": null,
            "eps_4q_growth_year": null,
            "roe": null,
            "roe_4q": 0,
            "gross_profit": null,
            "gross_margin": null,
            "gross_margin_4q_avg": 0,
            "net_income": null,
            "revenue": null,
            "common_shares": null,
            "book_valuer_per_share": null,
            "book_valuer_per_share_4q_avg": 0,
            "equity": null,
            "current_ratio": null,
            "debt_ratio": null,
            "inventory_turnover_ratio": null,
            "account_receivable_turnover_ratio": null,
            "reinvestment_rate": null,
            "research_to_sale_ratio": null,
            "price_fair": 0,
            "eps_avg_yearly": 0,
            "eps_latest_yearly": 0,
            "eps_growth_yearly": 0
        },
        "20063": {
            "year_quarter": 20063,
            "year": 2006,
            "quarter": 3,
            "eps": null,
            "eps_growth_year": null,
            "eps_4q": null,
            "eps_4q_growth_year": null,
            "roe": null,
            "roe_4q": 0,
            "gross_profit": null,
            "gross_margin": null,
            "gross_margin_4q_avg": 0,
            "net_income": null,
            "revenue": null,
            "common_shares": null,
            "book_valuer_per_share": null,
            "book_valuer_per_share_4q_avg": 0,
            "equity": null,
            "current_ratio": null,
            "debt_ratio": null,
            "inventory_turnover_ratio": null,
            "account_receivable_turnover_ratio": null,
            "reinvestment_rate": null,
            "research_to_sale_ratio": null,
            "price_fair": 0,
            "eps_avg_yearly": 0,
            "eps_latest_yearly": 0,
            "eps_growth_yearly": 0
        },
        "20064": {
            "year_quarter": 20064,
            "year": 2006,
            "quarter": 4,
            "eps": null,
            "eps_growth_year": null,
            "eps_4q": null,
            "eps_4q_growth_year": null,
            "roe": null,
            "roe_4q": 0,
            "gross_profit": null,
            "gross_margin": null,
            "gross_margin_4q_avg": 0,
            "net_income": null,
            "revenue": null,
            "common_shares": null,
            "book_valuer_per_share": null,
            "book_valuer_per_share_4q_avg": 0,
            "equity": null,
            "current_ratio": null,
            "debt_ratio": null,
            "inventory_turnover_ratio": null,
            "account_receivable_turnover_ratio": null,
            "reinvestment_rate": null,
            "research_to_sale_ratio": null,
            "price_fair": 0,
            "eps_avg_yearly": 0,
            "eps_latest_yearly": 0,
            "eps_growth_yearly": 0
        },
        "20071": {
            "year_quarter": 20071,
            "year": 2007,
            "quarter": 1,
            "eps": null,
            "eps_growth_year": null,
            "eps_4q": null,
            "eps_4q_growth_year": null,
            "roe": null,
            "roe_4q": 0,
            "gross_profit": null,
            "gross_margin": null,
            "gross_margin_4q_avg": 0,
            "net_income": null,
            "revenue": null,
            "common_shares": null,
            "book_valuer_per_share": null,
            "book_valuer_per_share_4q_avg": 0,
            "equity": null,
            "current_ratio": null,
            "debt_ratio": null,
            "inventory_turnover_ratio": null,
            "account_receivable_turnover_ratio": null,
            "reinvestment_rate": null,
            "research_to_sale_ratio": null,
            "price_fair": 0,
            "eps_avg_yearly": 0,
            "eps_latest_yearly": 0,
            "eps_growth_yearly": 0
        },
        "20072": {
            "year_quarter": 20072,
            "year": 2007,
            "quarter": 2,
            "eps": null,
            "eps_growth_year": null,
            "eps_4q": null,
            "eps_4q_growth_year": null,
            "roe": null,
            "roe_4q": 0,
            "gross_profit": null,
            "gross_margin": null,
            "gross_margin_4q_avg": 0,
            "net_income": null,
            "revenue": null,
            "common_shares": null,
            "book_valuer_per_share": null,
            "book_valuer_per_share_4q_avg": 0,
            "equity": null,
            "current_ratio": null,
            "debt_ratio": null,
            "inventory_turnover_ratio": null,
            "account_receivable_turnover_ratio": null,
            "reinvestment_rate": null,
            "research_to_sale_ratio": null,
            "price_fair": 0,
            "eps_avg_yearly": 0,
            "eps_latest_yearly": 0,
            "eps_growth_yearly": 0
        },
        "20073": {
            "year_quarter": 20073,
            "year": 2007,
            "quarter": 3,
            "eps": null,
            "eps_growth_year": null,
            "eps_4q": null,
            "eps_4q_growth_year": null,
            "roe": null,
            "roe_4q": 0,
            "gross_profit": null,
            "gross_margin": null,
            "gross_margin_4q_avg": 0,
            "net_income": null,
            "revenue": null,
            "common_shares": null,
            "book_valuer_per_share": null,
            "book_valuer_per_share_4q_avg": 0,
            "equity": null,
            "current_ratio": null,
            "debt_ratio": null,
            "inventory_turnover_ratio": null,
            "account_receivable_turnover_ratio": null,
            "reinvestment_rate": null,
            "research_to_sale_ratio": null,
            "price_fair": 0,
            "eps_avg_yearly": 0,
            "eps_latest_yearly": 0,
            "eps_growth_yearly": 0
        },
        "20074": {
            "year_quarter": 20074,
            "year": 2007,
            "quarter": 4,
            "eps": null,
            "eps_growth_year": null,
            "eps_4q": null,
            "eps_4q_growth_year": null,
            "roe": null,
            "roe_4q": 0,
            "gross_profit": null,
            "gross_margin": null,
            "gross_margin_4q_avg": 0,
            "net_income": null,
            "revenue": null,
            "common_shares": null,
            "book_valuer_per_share": null,
            "book_valuer_per_share_4q_avg": 0,
            "equity": null,
            "current_ratio": null,
            "debt_ratio": null,
            "inventory_turnover_ratio": null,
            "account_receivable_turnover_ratio": null,
            "reinvestment_rate": null,
            "research_to_sale_ratio": null,
            "price_fair": 0,
            "eps_avg_yearly": 0,
            "eps_latest_yearly": 0,
            "eps_growth_yearly": 0
        },
        "20081": {
            "year_quarter": 20081,
            "year": 2008,
            "quarter": 1,
            "eps": null,
            "eps_growth_year": null,
            "eps_4q": null,
            "eps_4q_growth_year": null,
            "roe": null,
            "roe_4q": 0,
            "gross_profit": null,
            "gross_margin": null,
            "gross_margin_4q_avg": 0,
            "net_income": null,
            "revenue": null,
            "common_shares": null,
            "book_valuer_per_share": null,
            "book_valuer_per_share_4q_avg": 0,
            "equity": null,
            "current_ratio": null,
            "debt_ratio": null,
            "inventory_turnover_ratio": null,
            "account_receivable_turnover_ratio": null,
            "reinvestment_rate": null,
            "research_to_sale_ratio": null,
            "price_fair": 0,
            "eps_avg_yearly": 0,
            "eps_latest_yearly": 0,
            "eps_growth_yearly": 0
        },
        "20082": {
            "year_quarter": 20082,
            "year": 2008,
            "quarter": 2,
            "eps": null,
            "eps_growth_year": null,
            "eps_4q": null,
            "eps_4q_growth_year": null,
            "roe": null,
            "roe_4q": 0,
            "gross_profit": null,
            "gross_margin": null,
            "gross_margin_4q_avg": 0,
            "net_income": null,
            "revenue": null,
            "common_shares": null,
            "book_valuer_per_share": null,
            "book_valuer_per_share_4q_avg": 0,
            "equity": null,
            "current_ratio": null,
            "debt_ratio": null,
            "inventory_turnover_ratio": null,
            "account_receivable_turnover_ratio": null,
            "reinvestment_rate": null,
            "research_to_sale_ratio": null,
            "price_fair": 0,
            "eps_avg_yearly": 0,
            "eps_latest_yearly": 0,
            "eps_growth_yearly": 0
        },
        "20083": {
            "year_quarter": 20083,
            "year": 2008,
            "quarter": 3,
            "eps": null,
            "eps_growth_year": null,
            "eps_4q": null,
            "eps_4q_growth_year": null,
            "roe": null,
            "roe_4q": 0,
            "gross_profit": null,
            "gross_margin": null,
            "gross_margin_4q_avg": 0,
            "net_income": null,
            "revenue": null,
            "common_shares": null,
            "book_valuer_per_share": null,
            "book_valuer_per_share_4q_avg": 0,
            "equity": null,
            "current_ratio": null,
            "debt_ratio": null,
            "inventory_turnover_ratio": null,
            "account_receivable_turnover_ratio": null,
            "reinvestment_rate": null,
            "research_to_sale_ratio": null,
            "price_fair": 0,
            "eps_avg_yearly": 0,
            "eps_latest_yearly": 0,
            "eps_growth_yearly": 0
        },
        "20084": {
            "year_quarter": 20084,
            "year": 2008,
            "quarter": 4,
            "eps": null,
            "eps_growth_year": null,
            "eps_4q": null,
            "eps_4q_growth_year": null,
            "roe": null,
            "roe_4q": 0,
            "gross_profit": null,
            "gross_margin": null,
            "gross_margin_4q_avg": 0,
            "net_income": null,
            "revenue": null,
            "common_shares": 568000,
            "book_valuer_per_share": 22.38,
            "book_valuer_per_share_4q_avg": 5.6,
            "equity": 1271035,
            "current_ratio": 168.09,
            "debt_ratio": 38.48,
            "inventory_turnover_ratio": null,
            "account_receivable_turnover_ratio": null,
            "reinvestment_rate": null,
            "research_to_sale_ratio": null,
            "price_fair": 0,
            "eps_avg_yearly": 0,
            "eps_latest_yearly": 0,
            "eps_growth_yearly": 0
        },
        "20091": {
            "year_quarter": 20091,
            "year": 2009,
            "quarter": 1,
            "eps": 2.07,
            "eps_growth_year": null,
            "eps_4q": null,
            "eps_4q_growth_year": null,
            "roe": 8.86,
            "roe_4q": 8.86,
            "gross_profit": 269932,
            "gross_margin": 50.92,
            "gross_margin_4q_avg": 12.73,
            "net_income": 117848,
            "revenue": 530096,
            "common_shares": 568000,
            "book_valuer_per_share": 24.46,
            "book_valuer_per_share_4q_avg": 11.71,
            "equity": 1389169,
            "current_ratio": 139.81,
            "debt_ratio": 40.08,
            "inventory_turnover_ratio": 1.18,
            "account_receivable_turnover_ratio": 1.55,
            "reinvestment_rate": null,
            "research_to_sale_ratio": null,
            "price_fair": 0,
            "eps_avg_yearly": 0,
            "eps_latest_yearly": 0,
            "eps_growth_yearly": 0
        },
        "20092": {
            "year_quarter": 20092,
            "year": 2009,
            "quarter": 2,
            "eps": 2.42,
            "eps_growth_year": null,
            "eps_4q": null,
            "eps_4q_growth_year": null,
            "roe": 10.3,
            "roe_4q": 19.16,
            "gross_profit": 417216,
            "gross_margin": 55.19,
            "gross_margin_4q_avg": 26.53,
            "net_income": 162092,
            "revenue": 755933,
            "common_shares": 740900,
            "book_valuer_per_share": 23.71,
            "book_valuer_per_share_4q_avg": 17.64,
            "equity": 1756947,
            "current_ratio": 196.82,
            "debt_ratio": 30.04,
            "inventory_turnover_ratio": 2.44,
            "account_receivable_turnover_ratio": 1.65,
            "reinvestment_rate": null,
            "research_to_sale_ratio": null,
            "price_fair": 338.8,
            "eps_avg_yearly": 9.68,
            "eps_latest_yearly": 9.68,
            "eps_growth_yearly": 67.63
        },
        "20093": {
            "year_quarter": 20093,
            "year": 2009,
            "quarter": 3,
            "eps": null,
            "eps_growth_year": null,
            "eps_4q": null,
            "eps_4q_growth_year": null,
            "roe": null,
            "roe_4q": 19.16,
            "gross_profit": null,
            "gross_margin": null,
            "gross_margin_4q_avg": 26.53,
            "net_income": null,
            "revenue": null,
            "common_shares": null,
            "book_valuer_per_share": null,
            "book_valuer_per_share_4q_avg": 17.64,
            "equity": null,
            "current_ratio": null,
            "debt_ratio": null,
            "inventory_turnover_ratio": null,
            "account_receivable_turnover_ratio": null,
            "reinvestment_rate": null,
            "research_to_sale_ratio": null,
            "price_fair": 338.8,
            "eps_avg_yearly": 9.68,
            "eps_latest_yearly": 9.68,
            "eps_growth_yearly": 67.63
        },
        "20094": {
            "year_quarter": 20094,
            "year": 2009,
            "quarter": 4,
            "eps": null,
            "eps_growth_year": null,
            "eps_4q": null,
            "eps_4q_growth_year": null,
            "roe": null,
            "roe_4q": 19.16,
            "gross_profit": null,
            "gross_margin": null,
            "gross_margin_4q_avg": 26.53,
            "net_income": null,
            "revenue": null,
            "common_shares": 740900,
            "book_valuer_per_share": 28.02,
            "book_valuer_per_share_4q_avg": 19.05,
            "equity": 2075991,
            "current_ratio": 316.39,
            "debt_ratio": 22.61,
            "inventory_turnover_ratio": null,
            "account_receivable_turnover_ratio": null,
            "reinvestment_rate": null,
            "research_to_sale_ratio": null,
            "price_fair": 338.8,
            "eps_avg_yearly": 9.68,
            "eps_latest_yearly": 9.68,
            "eps_growth_yearly": 67.63
        },
        "20101": {
            "year_quarter": 20101,
            "year": 2010,
            "quarter": 1,
            "eps": 1.97,
            "eps_growth_year": -4.83,
            "eps_4q": null,
            "eps_4q_growth_year": null,
            "roe": 6.81,
            "roe_4q": 17.11,
            "gross_profit": 492095,
            "gross_margin": 58.23,
            "gross_margin_4q_avg": 28.36,
            "net_income": 146009,
            "revenue": 845074,
            "common_shares": 740900,
            "book_valuer_per_share": 29.88,
            "book_valuer_per_share_4q_avg": 20.4,
            "equity": 2213849,
            "current_ratio": 251.78,
            "debt_ratio": 29.1,
            "inventory_turnover_ratio": 0.93,
            "account_receivable_turnover_ratio": 1.22,
            "reinvestment_rate": null,
            "research_to_sale_ratio": 11.25,
            "price_fair": 338.8,
            "eps_avg_yearly": 9.68,
            "eps_latest_yearly": 9.68,
            "eps_growth_yearly": 67.63
        },
        "20102": {
            "year_quarter": 20102,
            "year": 2010,
            "quarter": 2,
            "eps": 2.22,
            "eps_growth_year": -8.26,
            "eps_4q": null,
            "eps_4q_growth_year": null,
            "roe": 8.45,
            "roe_4q": 15.259999999999998,
            "gross_profit": 558324,
            "gross_margin": 60.57,
            "gross_margin_4q_avg": 29.7,
            "net_income": 184039,
            "revenue": 921749,
            "common_shares": 828990,
            "book_valuer_per_share": 25.85,
            "book_valuer_per_share_4q_avg": 20.94,
            "equity": 2143052,
            "current_ratio": 223.46,
            "debt_ratio": 32.63,
            "inventory_turnover_ratio": 0.78,
            "account_receivable_turnover_ratio": 1.32,
            "reinvestment_rate": null,
            "research_to_sale_ratio": 9.4,
            "price_fair": 324.8,
            "eps_avg_yearly": 9.28,
            "eps_latest_yearly": 8.88,
            "eps_growth_yearly": 59.2
        },
        "20103": {
            "year_quarter": 20103,
            "year": 2010,
            "quarter": 3,
            "eps": null,
            "eps_growth_year": null,
            "eps_4q": null,
            "eps_4q_growth_year": null,
            "roe": null,
            "roe_4q": 15.259999999999998,
            "gross_profit": 410687,
            "gross_margin": null,
            "gross_margin_4q_avg": 29.7,
            "net_income": 122729,
            "revenue": 674757,
            "common_shares": 828990,
            "book_valuer_per_share": 27.28,
            "book_valuer_per_share_4q_avg": 27.76,
            "equity": 2261283,
            "current_ratio": 332.59,
            "debt_ratio": 19.03,
            "inventory_turnover_ratio": null,
            "account_receivable_turnover_ratio": null,
            "reinvestment_rate": null,
            "research_to_sale_ratio": null,
            "price_fair": 324.8,
            "eps_avg_yearly": 9.28,
            "eps_latest_yearly": 8.88,
            "eps_growth_yearly": 59.2
        },
        "20104": {
            "year_quarter": 20104,
            "year": 2010,
            "quarter": 4,
            "eps": null,
            "eps_growth_year": null,
            "eps_4q": null,
            "eps_4q_growth_year": null,
            "roe": null,
            "roe_4q": 15.259999999999998,
            "gross_profit": 338678,
            "gross_margin": null,
            "gross_margin_4q_avg": 29.7,
            "net_income": 68277,
            "revenue": 551801,
            "common_shares": 828990,
            "book_valuer_per_share": 27.86,
            "book_valuer_per_share_4q_avg": 27.72,
            "equity": 2309352,
            "current_ratio": 344.62,
            "debt_ratio": 31.53,
            "inventory_turnover_ratio": null,
            "account_receivable_turnover_ratio": null,
            "reinvestment_rate": null,
            "research_to_sale_ratio": null,
            "price_fair": 324.8,
            "eps_avg_yearly": 9.28,
            "eps_latest_yearly": 8.88,
            "eps_growth_yearly": 59.2
        },
        "20111": {
            "year_quarter": 20111,
            "year": 2011,
            "quarter": 1,
            "eps": 0.98,
            "eps_growth_year": -50.25,
            "eps_4q": 3.2,
            "eps_4q_growth_year": null,
            "roe": 3.47,
            "roe_4q": 11.92,
            "gross_profit": 329792,
            "gross_margin": 58.47,
            "gross_margin_4q_avg": 29.76,
            "net_income": 81518,
            "revenue": 564075,
            "common_shares": 828990,
            "book_valuer_per_share": 28.9,
            "book_valuer_per_share_4q_avg": 27.47,
            "equity": 2395667,
            "current_ratio": 308.03,
            "debt_ratio": 32.22,
            "inventory_turnover_ratio": 0.94,
            "account_receivable_turnover_ratio": 1.8,
            "reinvestment_rate": null,
            "research_to_sale_ratio": 12.44,
            "price_fair": 324.8,
            "eps_avg_yearly": 9.28,
            "eps_latest_yearly": 8.88,
            "eps_growth_yearly": 59.2
        },
        "20112": {
            "year_quarter": 20112,
            "year": 2011,
            "quarter": 2,
            "eps": 1.35,
            "eps_growth_year": -39.38,
            "eps_4q": 2.27,
            "eps_4q_growth_year": null,
            "roe": 5.07,
            "roe_4q": 8.540000000000001,
            "gross_profit": 374163,
            "gross_margin": 60.16,
            "gross_margin_4q_avg": 29.66,
            "net_income": 119024,
            "revenue": 621991,
            "common_shares": 828990,
            "book_valuer_per_share": 27.72,
            "book_valuer_per_share_4q_avg": 27.94,
            "equity": 2297970,
            "current_ratio": 233.06,
            "debt_ratio": 37,
            "inventory_turnover_ratio": 0.98,
            "account_receivable_turnover_ratio": 2.21,
            "reinvestment_rate": null,
            "research_to_sale_ratio": 11.43,
            "price_fair": 279.53,
            "eps_avg_yearly": 7.99,
            "eps_latest_yearly": 5.4,
            "eps_growth_yearly": 89.8
        },
        "20113": {
            "year_quarter": 20113,
            "year": 2011,
            "quarter": 3,
            "eps": 0.24,
            "eps_growth_year": null,
            "eps_4q": 2.28,
            "eps_4q_growth_year": null,
            "roe": 0.91,
            "roe_4q": 9.450000000000001,
            "gross_profit": 282012,
            "gross_margin": 54.36,
            "gross_margin_4q_avg": 43.25,
            "net_income": 23149,
            "revenue": 518782,
            "common_shares": 982370,
            "book_valuer_per_share": 28.12,
            "book_valuer_per_share_4q_avg": 28.15,
            "equity": 2762796,
            "current_ratio": 359.8,
            "debt_ratio": 27.33,
            "inventory_turnover_ratio": 0.88,
            "account_receivable_turnover_ratio": 1.95,
            "reinvestment_rate": null,
            "research_to_sale_ratio": 16.34,
            "price_fair": 18.69,
            "eps_avg_yearly": 6.23,
            "eps_latest_yearly": 0.96,
            "eps_growth_yearly": -14.87
        },
        "20114": {
            "year_quarter": 20114,
            "year": 2011,
            "quarter": 4,
            "eps": -0.2,
            "eps_growth_year": null,
            "eps_4q": 2.08,
            "eps_4q_growth_year": null,
            "roe": -0.71,
            "roe_4q": 8.74,
            "gross_profit": 242304,
            "gross_margin": 52.45,
            "gross_margin_4q_avg": 56.36,
            "net_income": -19583,
            "revenue": 461981,
            "common_shares": 982370,
            "book_valuer_per_share": 27.88,
            "book_valuer_per_share_4q_avg": 28.16,
            "equity": 2738291,
            "current_ratio": 304.92,
            "debt_ratio": 23.92,
            "inventory_turnover_ratio": 0.89,
            "account_receivable_turnover_ratio": 1.73,
            "reinvestment_rate": null,
            "research_to_sale_ratio": 19.35,
            "price_fair": 18.69,
            "eps_avg_yearly": 6.23,
            "eps_latest_yearly": 0.96,
            "eps_growth_yearly": -14.87
        },
        "20121": {
            "year_quarter": 20121,
            "year": 2012,
            "quarter": 1,
            "eps": 0.01,
            "eps_growth_year": -98.98,
            "eps_4q": 1.26,
            "eps_4q_growth_year": -60.71,
            "roe": 0.04,
            "roe_4q": 5.3100000000000005,
            "gross_profit": 247122,
            "gross_margin": 55.1,
            "gross_margin_4q_avg": 55.52,
            "net_income": 1029,
            "revenue": 448463,
            "common_shares": 982370,
            "book_valuer_per_share": 27.79,
            "book_valuer_per_share_4q_avg": 27.88,
            "equity": 2729795,
            "current_ratio": 340.92,
            "debt_ratio": 21.79,
            "inventory_turnover_ratio": 0.97,
            "account_receivable_turnover_ratio": 1.82,
            "reinvestment_rate": null,
            "research_to_sale_ratio": 19.49,
            "price_fair": 18.69,
            "eps_avg_yearly": 6.23,
            "eps_latest_yearly": 0.96,
            "eps_growth_yearly": -14.87
        },
        "20122": {
            "year_quarter": 20122,
            "year": 2012,
            "quarter": 2,
            "eps": 0.08,
            "eps_growth_year": -94.04,
            "eps_4q": 0.13,
            "eps_4q_growth_year": -94.4,
            "roe": 0.3,
            "roe_4q": 0.54,
            "gross_profit": 258636,
            "gross_margin": 53.78,
            "gross_margin_4q_avg": 53.92,
            "net_income": 7877,
            "revenue": 480876,
            "common_shares": 982370,
            "book_valuer_per_share": 26.4,
            "book_valuer_per_share_4q_avg": 27.55,
            "equity": 2593269,
            "current_ratio": 259.08,
            "debt_ratio": 26,
            "inventory_turnover_ratio": 1.19,
            "account_receivable_turnover_ratio": 1.59,
            "reinvestment_rate": null,
            "research_to_sale_ratio": 18.89,
            "price_fair": 176.68,
            "eps_avg_yearly": 5.05,
            "eps_latest_yearly": 0.32,
            "eps_growth_yearly": 548.11
        },
        "20123": {
            "year_quarter": 20123,
            "year": 2012,
            "quarter": 3,
            "eps": 0.48,
            "eps_growth_year": 102.63,
            "eps_4q": 0.37,
            "eps_4q_growth_year": -83.8,
            "roe": 1.79,
            "roe_4q": 1.42,
            "gross_profit": 298188,
            "gross_margin": 57.66,
            "gross_margin_4q_avg": 54.75,
            "net_income": 46904,
            "revenue": 517175,
            "common_shares": 982370,
            "book_valuer_per_share": 26.83,
            "book_valuer_per_share_4q_avg": 27.23,
            "equity": 2635038,
            "current_ratio": 301.4,
            "debt_ratio": 23.13,
            "inventory_turnover_ratio": 1.21,
            "account_receivable_turnover_ratio": 1.33,
            "reinvestment_rate": null,
            "research_to_sale_ratio": 17.01,
            "price_fair": 158.43,
            "eps_avg_yearly": 4.53,
            "eps_latest_yearly": 1.92,
            "eps_growth_yearly": 790.09
        },
        "20124": {
            "year_quarter": 20124,
            "year": 2012,
            "quarter": 4,
            "eps": -0.15,
            "eps_growth_year": null,
            "eps_4q": 0.42,
            "eps_4q_growth_year": -79.96,
            "roe": -0.57,
            "roe_4q": 1.5600000000000003,
            "gross_profit": 185999,
            "gross_margin": 48.62,
            "gross_margin_4q_avg": 53.79,
            "net_income": -14973,
            "revenue": 382596,
            "common_shares": 982370,
            "book_valuer_per_share": 26.63,
            "book_valuer_per_share_4q_avg": 26.91,
            "equity": 2612212,
            "current_ratio": 295.67,
            "debt_ratio": 16.2,
            "inventory_turnover_ratio": 1.13,
            "account_receivable_turnover_ratio": 1.19,
            "reinvestment_rate": null,
            "research_to_sale_ratio": 20.02,
            "price_fair": 158.43,
            "eps_avg_yearly": 4.53,
            "eps_latest_yearly": 1.92,
            "eps_growth_yearly": 790.09
        },
        "20131": {
            "year_quarter": 20131,
            "year": 2013,
            "quarter": 1,
            "eps": 0.02,
            "eps_growth_year": 100,
            "eps_4q": 0.43,
            "eps_4q_growth_year": -66.12,
            "roe": 0.06,
            "roe_4q": 1.58,
            "gross_profit": 226798,
            "gross_margin": 53.12,
            "gross_margin_4q_avg": 53.3,
            "net_income": 1540,
            "revenue": 426990,
            "common_shares": 982370,
            "book_valuer_per_share": 26.59,
            "book_valuer_per_share_4q_avg": 26.61,
            "equity": 2578374,
            "current_ratio": 290.34,
            "debt_ratio": 16.36,
            "inventory_turnover_ratio": 1.31,
            "account_receivable_turnover_ratio": 1.79,
            "reinvestment_rate": null,
            "research_to_sale_ratio": 19.67,
            "price_fair": 158.43,
            "eps_avg_yearly": 4.53,
            "eps_latest_yearly": 1.92,
            "eps_growth_yearly": 790.09
        },
        "20132": {
            "year_quarter": 20132,
            "year": 2013,
            "quarter": 2,
            "eps": -0.05,
            "eps_growth_year": -162.35,
            "eps_4q": 0.29,
            "eps_4q_growth_year": 128.61,
            "roe": -0.21,
            "roe_4q": 1.07,
            "gross_profit": 217038,
            "gross_margin": 53.76,
            "gross_margin_4q_avg": 53.29,
            "net_income": -5320,
            "revenue": 403738,
            "common_shares": 982370,
            "book_valuer_per_share": 26.06,
            "book_valuer_per_share_4q_avg": 26.53,
            "equity": 2527702,
            "current_ratio": 255.57,
            "debt_ratio": 18.68,
            "inventory_turnover_ratio": 1.26,
            "account_receivable_turnover_ratio": 2.19,
            "reinvestment_rate": null,
            "research_to_sale_ratio": 18.64,
            "price_fair": 122.36,
            "eps_avg_yearly": 3.5,
            "eps_latest_yearly": 1.92,
            "eps_growth_yearly": 934.58
        },
        "20133": {
            "year_quarter": 20133,
            "year": 2013,
            "quarter": 3,
            "eps": -0.09,
            "eps_growth_year": -118.85,
            "eps_4q": -0.28,
            "eps_4q_growth_year": -175.82,
            "roe": -0.33,
            "roe_4q": -1.05,
            "gross_profit": 224284,
            "gross_margin": 52.29,
            "gross_margin_4q_avg": 51.95,
            "net_income": -8365,
            "revenue": 428897,
            "common_shares": 982370,
            "book_valuer_per_share": 25.93,
            "book_valuer_per_share_4q_avg": 26.3,
            "equity": 2515067,
            "current_ratio": 265.22,
            "debt_ratio": 18,
            "inventory_turnover_ratio": 1.24,
            "account_receivable_turnover_ratio": 2.28,
            "reinvestment_rate": null,
            "research_to_sale_ratio": 17.94,
            "price_fair": 122.36,
            "eps_avg_yearly": 3.5,
            "eps_latest_yearly": 1.92,
            "eps_growth_yearly": 934.58
        },
        "20134": {
            "year_quarter": 20134,
            "year": 2013,
            "quarter": 4,
            "eps": -0.37,
            "eps_growth_year": null,
            "eps_4q": -0.49,
            "eps_4q_growth_year": -218.02,
            "roe": -1.42,
            "roe_4q": -1.9,
            "gross_profit": 201185,
            "gross_margin": 51.72,
            "gross_margin_4q_avg": 52.72,
            "net_income": -35509,
            "revenue": 389019,
            "common_shares": 982370,
            "book_valuer_per_share": 25.57,
            "book_valuer_per_share_4q_avg": 26.04,
            "equity": 2479697,
            "current_ratio": 330.03,
            "debt_ratio": 13.75,
            "inventory_turnover_ratio": 0.99,
            "account_receivable_turnover_ratio": 2.22,
            "reinvestment_rate": 73.2,
            "research_to_sale_ratio": 17.98,
            "price_fair": 122.36,
            "eps_avg_yearly": 3.5,
            "eps_latest_yearly": 1.92,
            "eps_growth_yearly": 934.58
        },
        "20141": {
            "year_quarter": 20141,
            "year": 2014,
            "quarter": 1,
            "eps": 0.04,
            "eps_growth_year": 100,
            "eps_4q": -0.47,
            "eps_4q_growth_year": -210.11,
            "roe": 0.15,
            "roe_4q": -1.81,
            "gross_profit": 212127,
            "gross_margin": 51.18,
            "gross_margin_4q_avg": 52.24,
            "net_income": 3664,
            "revenue": 414458,
            "common_shares": 982370,
            "book_valuer_per_share": 25.68,
            "book_valuer_per_share_4q_avg": 25.81,
            "equity": 2490406,
            "current_ratio": 409.64,
            "debt_ratio": 11,
            "inventory_turnover_ratio": 1.02,
            "account_receivable_turnover_ratio": 2.7,
            "reinvestment_rate": 76.2,
            "research_to_sale_ratio": 14.3,
            "price_fair": 122.36,
            "eps_avg_yearly": 3.5,
            "eps_latest_yearly": 1.92,
            "eps_growth_yearly": 934.58
        },
        "20142": {
            "year_quarter": 20142,
            "year": 2014,
            "quarter": 2,
            "eps": 0.36,
            "eps_growth_year": null,
            "eps_4q": -0.05,
            "eps_4q_growth_year": -117.23,
            "roe": 1.42,
            "roe_4q": -0.1800000000000001,
            "gross_profit": 257772,
            "gross_margin": 53.45,
            "gross_margin_4q_avg": 52.16,
            "net_income": 35360,
            "revenue": 482238,
            "common_shares": 982370,
            "book_valuer_per_share": 25.78,
            "book_valuer_per_share_4q_avg": 25.74,
            "equity": 2500293,
            "current_ratio": 327.97,
            "debt_ratio": 14.66,
            "inventory_turnover_ratio": 1.1,
            "account_receivable_turnover_ratio": 2.42,
            "reinvestment_rate": 85.26,
            "research_to_sale_ratio": 12.65,
            "price_fair": 70.28,
            "eps_avg_yearly": 2.01,
            "eps_latest_yearly": 1.44,
            "eps_growth_yearly": 1564.43
        },
        "20143": {
            "year_quarter": 20143,
            "year": 2014,
            "quarter": 3,
            "eps": 0.13,
            "eps_growth_year": null,
            "eps_4q": 0.17,
            "eps_4q_growth_year": null,
            "roe": 0.51,
            "roe_4q": 0.6600000000000001,
            "gross_profit": 245490,
            "gross_margin": 46.44,
            "gross_margin_4q_avg": 50.7,
            "net_income": 12781,
            "revenue": 528671,
            "common_shares": 982370,
            "book_valuer_per_share": 26,
            "book_valuer_per_share_4q_avg": 25.76,
            "equity": 2521853,
            "current_ratio": 323.49,
            "debt_ratio": 15.28,
            "inventory_turnover_ratio": 1.39,
            "account_receivable_turnover_ratio": 2.07,
            "reinvestment_rate": 165.8,
            "research_to_sale_ratio": 11.33,
            "price_fair": 61.6,
            "eps_avg_yearly": 1.76,
            "eps_latest_yearly": 0.52,
            "eps_growth_yearly": 1261.1
        },
        "20144": {
            "year_quarter": 20144,
            "year": 2014,
            "quarter": 4,
            "eps": -0.32,
            "eps_growth_year": null,
            "eps_4q": 0.22,
            "eps_4q_growth_year": null,
            "roe": -1.22,
            "roe_4q": 0.86,
            "gross_profit": 185636,
            "gross_margin": 46.38,
            "gross_margin_4q_avg": 49.36,
            "net_income": -30795,
            "revenue": 400244,
            "common_shares": 982370,
            "book_valuer_per_share": 25.79,
            "book_valuer_per_share_4q_avg": 25.81,
            "equity": 2514176,
            "current_ratio": 348.12,
            "debt_ratio": 14.13,
            "inventory_turnover_ratio": 1.04,
            "account_receivable_turnover_ratio": 1.95,
            "reinvestment_rate": 52.23,
            "research_to_sale_ratio": 14.37,
            "price_fair": 61.6,
            "eps_avg_yearly": 1.76,
            "eps_latest_yearly": 0.52,
            "eps_growth_yearly": 1261.1
        },
        "20151": {
            "year_quarter": 20151,
            "year": 2015,
            "quarter": 1,
            "eps": -0.39,
            "eps_growth_year": -1075,
            "eps_4q": -0.22,
            "eps_4q_growth_year": null,
            "roe": -1.54,
            "roe_4q": -0.8300000000000001,
            "gross_profit": 176012,
            "gross_margin": 49.1,
            "gross_margin_4q_avg": 48.84,
            "net_income": -38458,
            "revenue": 358479,
            "common_shares": 982370,
            "book_valuer_per_share": 25.4,
            "book_valuer_per_share_4q_avg": 25.74,
            "equity": 2475796,
            "current_ratio": 403.04,
            "debt_ratio": 11.96,
            "inventory_turnover_ratio": 0.77,
            "account_receivable_turnover_ratio": 2.57,
            "reinvestment_rate": -90.06,
            "research_to_sale_ratio": 16.1,
            "price_fair": 61.6,
            "eps_avg_yearly": 1.76,
            "eps_latest_yearly": 0.52,
            "eps_growth_yearly": 1261.1
        },
        "20152": {
            "year_quarter": 20152,
            "year": 2015,
            "quarter": 2,
            "eps": 0.01,
            "eps_growth_year": -97.22,
            "eps_4q": -0.59,
            "eps_4q_growth_year": null,
            "roe": 0.04,
            "roe_4q": -2.21,
            "gross_profit": 186785,
            "gross_margin": 46.71,
            "gross_margin_4q_avg": 47.16,
            "net_income": 1038,
            "revenue": 399865,
            "common_shares": 982370,
            "book_valuer_per_share": 25.26,
            "book_valuer_per_share_4q_avg": 25.61,
            "equity": 2362232,
            "current_ratio": 349.49,
            "debt_ratio": 13.43,
            "inventory_turnover_ratio": 0.88,
            "account_receivable_turnover_ratio": 2.97,
            "reinvestment_rate": null,
            "research_to_sale_ratio": 13.76,
            "price_fair": 36.12,
            "eps_avg_yearly": 1.03,
            "eps_latest_yearly": 0.52,
            "eps_growth_yearly": 1483.11
        },
        "20153": {
            "year_quarter": 20153,
            "year": 2015,
            "quarter": 3,
            "eps": 0.21,
            "eps_growth_year": 61.54,
            "eps_4q": -0.53,
            "eps_4q_growth_year": -415.32,
            "roe": 0.8,
            "roe_4q": -1.92,
            "gross_profit": 209018,
            "gross_margin": 43.52,
            "gross_margin_4q_avg": 46.43,
            "net_income": 19056,
            "revenue": 480298,
            "common_shares": 982370,
            "book_valuer_per_share": 25.68,
            "book_valuer_per_share_4q_avg": 25.53,
            "equity": 2382989,
            "current_ratio": 363.95,
            "debt_ratio": 13.2,
            "inventory_turnover_ratio": 1.23,
            "account_receivable_turnover_ratio": 2.7,
            "reinvestment_rate": null,
            "research_to_sale_ratio": 11.54,
            "price_fair": 35.28,
            "eps_avg_yearly": 1.01,
            "eps_latest_yearly": 0.84,
            "eps_growth_yearly": 3148.89
        },
        "20154": {
            "year_quarter": 20154,
            "year": 2015,
            "quarter": 4,
            "eps": -0.09,
            "eps_growth_year": null,
            "eps_4q": -0.29,
            "eps_4q_growth_year": -232.27,
            "roe": -0.34,
            "roe_4q": -1.04,
            "gross_profit": 177620,
            "gross_margin": 46.32,
            "gross_margin_4q_avg": 46.41,
            "net_income": -8086,
            "revenue": 383445,
            "common_shares": 982370,
            "book_valuer_per_share": 25.6,
            "book_valuer_per_share_4q_avg": 25.49,
            "equity": 2375367,
            "current_ratio": 406.76,
            "debt_ratio": 11.79,
            "inventory_turnover_ratio": 1.07,
            "account_receivable_turnover_ratio": 1.89,
            "reinvestment_rate": null,
            "research_to_sale_ratio": 13.97,
            "price_fair": 35.28,
            "eps_avg_yearly": 1.01,
            "eps_latest_yearly": 0.84,
            "eps_growth_yearly": 3148.89
        },
        "20161": {
            "year_quarter": 20161,
            "year": 2016,
            "quarter": 1,
            "eps": 0.04,
            "eps_growth_year": null,
            "eps_4q": 0.17,
            "eps_4q_growth_year": null,
            "roe": 0.14,
            "roe_4q": 0.6400000000000001,
            "gross_profit": 188511,
            "gross_margin": 49.61,
            "gross_margin_4q_avg": 46.54,
            "net_income": 3314,
            "revenue": 379988,
            "common_shares": 974820,
            "book_valuer_per_share": 25.58,
            "book_valuer_per_share_4q_avg": 25.53,
            "equity": 2373409,
            "current_ratio": 418.06,
            "debt_ratio": 11.5,
            "inventory_turnover_ratio": 1.03,
            "account_receivable_turnover_ratio": 2.06,
            "reinvestment_rate": null,
            "research_to_sale_ratio": 13.26,
            "price_fair": 35.28,
            "eps_avg_yearly": 1.01,
            "eps_latest_yearly": 0.84,
            "eps_growth_yearly": 3148.89
        },
        "20162": {
            "year_quarter": 20162,
            "year": 2016,
            "quarter": 2,
            "eps": 0.43,
            "eps_growth_year": 4200,
            "eps_4q": 0.59,
            "eps_4q_growth_year": null,
            "roe": 1.69,
            "roe_4q": 2.29,
            "gross_profit": 259669,
            "gross_margin": 51.7,
            "gross_margin_4q_avg": 47.79,
            "net_income": 40203,
            "revenue": 502254,
            "common_shares": 974820,
            "book_valuer_per_share": 25.84,
            "book_valuer_per_share_4q_avg": 25.68,
            "equity": 2397207,
            "current_ratio": 338.27,
            "debt_ratio": 14.97,
            "inventory_turnover_ratio": 1.23,
            "account_receivable_turnover_ratio": 2.38,
            "reinvestment_rate": -2349.53,
            "research_to_sale_ratio": 12.79,
            "price_fair": 45.08,
            "eps_avg_yearly": 1.29,
            "eps_latest_yearly": 1.72,
            "eps_growth_yearly": 3368.89
        },
        "20163": {
            "year_quarter": 20163,
            "year": 2016,
            "quarter": 3,
            "eps": 0.66,
            "eps_growth_year": 214.29,
            "eps_4q": 1.04,
            "eps_4q_growth_year": null,
            "roe": 2.51,
            "roe_4q": 3.999999999999999,
            "gross_profit": 297125,
            "gross_margin": 52.38,
            "gross_margin_4q_avg": 50,
            "net_income": 60862,
            "revenue": 567259,
            "common_shares": 974820,
            "book_valuer_per_share": 26.41,
            "book_valuer_per_share_4q_avg": 25.86,
            "equity": 2450637,
            "current_ratio": 334.95,
            "debt_ratio": 15.66,
            "inventory_turnover_ratio": 1.38,
            "account_receivable_turnover_ratio": 2.33,
            "reinvestment_rate": -1450.86,
            "research_to_sale_ratio": 11.2,
            "price_fair": 50.12,
            "eps_avg_yearly": 1.43,
            "eps_latest_yearly": 2.64,
            "eps_growth_yearly": 3011.68
        },
        "20164": {
            "year_quarter": 20164,
            "year": 2016,
            "quarter": 4,
            "eps": 0.24,
            "eps_growth_year": null,
            "eps_4q": 1.36,
            "eps_4q_growth_year": null,
            "roe": 0.89,
            "roe_4q": 5.2299999999999995,
            "gross_profit": 238313,
            "gross_margin": 52.96,
            "gross_margin_4q_avg": 51.66,
            "net_income": 21999,
            "revenue": 449979,
            "common_shares": 974820,
            "book_valuer_per_share": 26.72,
            "book_valuer_per_share_4q_avg": 26.14,
            "equity": 2479533,
            "current_ratio": 345.82,
            "debt_ratio": 15.47,
            "inventory_turnover_ratio": 1.09,
            "account_receivable_turnover_ratio": 2.08,
            "reinvestment_rate": -701.95,
            "research_to_sale_ratio": 13.63,
            "price_fair": 47.37,
            "eps_avg_yearly": 1.35,
            "eps_latest_yearly": 0.96,
            "eps_growth_yearly": 2467.31
        },
        "20171": {
            "year_quarter": 20171,
            "year": 2017,
            "quarter": 1,
            "eps": 0.04,
            "eps_growth_year": 0,
            "eps_4q": 1.36,
            "eps_4q_growth_year": 726.36,
            "roe": 0.14,
            "roe_4q": 5.23,
            "gross_profit": 225611,
            "gross_margin": 53.5,
            "gross_margin_4q_avg": 52.64,
            "net_income": 3551,
            "revenue": 421695,
            "common_shares": 974820,
            "book_valuer_per_share": 26.6,
            "book_valuer_per_share_4q_avg": 26.39,
            "equity": 2467761,
            "current_ratio": 412.04,
            "debt_ratio": 12.81,
            "inventory_turnover_ratio": 0.91,
            "account_receivable_turnover_ratio": 2.17,
            "reinvestment_rate": -206.69,
            "research_to_sale_ratio": 13.69,
            "price_fair": 41.4,
            "eps_avg_yearly": 1.18,
            "eps_latest_yearly": 0.16,
            "eps_growth_yearly": 2067.22
        },
        "20172": {
            "year_quarter": 20172,
            "year": 2017,
            "quarter": 2,
            "eps": 0.15,
            "eps_growth_year": -65.12,
            "eps_4q": 1.08,
            "eps_4q_growth_year": 83.34,
            "roe": 0.55,
            "roe_4q": 4.09,
            "gross_profit": 241669,
            "gross_margin": 49.66,
            "gross_margin_4q_avg": 52.13,
            "net_income": 13484,
            "revenue": 486616,
            "common_shares": 974820,
            "book_valuer_per_share": 25.85,
            "book_valuer_per_share_4q_avg": 26.4,
            "equity": 2398323,
            "current_ratio": 329.36,
            "debt_ratio": 16.02,
            "inventory_turnover_ratio": 1.07,
            "account_receivable_turnover_ratio": 2.08,
            "reinvestment_rate": -185.54,
            "research_to_sale_ratio": 13.06,
            "price_fair": 38.85,
            "eps_avg_yearly": 1.11,
            "eps_latest_yearly": 0.6,
            "eps_growth_yearly": 1946.31
        },
        "20173": {
            "year_quarter": 20173,
            "year": 2017,
            "quarter": 3,
            "eps": 0.48,
            "eps_growth_year": -27.27,
            "eps_4q": 0.9,
            "eps_4q_growth_year": -13.45,
            "roe": 1.83,
            "roe_4q": 3.41,
            "gross_profit": 306010,
            "gross_margin": 52.86,
            "gross_margin_4q_avg": 52.25,
            "net_income": 44303,
            "revenue": 578957,
            "common_shares": 974820,
            "book_valuer_per_share": 26.3,
            "book_valuer_per_share_4q_avg": 26.37,
            "equity": 2440475,
            "current_ratio": 378.32,
            "debt_ratio": 14.15,
            "inventory_turnover_ratio": 1.1,
            "account_receivable_turnover_ratio": 2.13,
            "reinvestment_rate": -124.22,
            "research_to_sale_ratio": 13.66,
            "price_fair": 42,
            "eps_avg_yearly": 1.2,
            "eps_latest_yearly": 1.92,
            "eps_growth_yearly": 1827.84
        },
        "20174": {
            "year_quarter": 20174,
            "year": 2017,
            "quarter": 4,
            "eps": -0.19,
            "eps_growth_year": -178.5,
            "eps_4q": 0.47,
            "eps_4q_growth_year": -65.13,
            "roe": -0.71,
            "roe_4q": 1.81,
            "gross_profit": 230553,
            "gross_margin": 49.42,
            "gross_margin_4q_avg": 51.36,
            "net_income": -17270,
            "revenue": 466544,
            "common_shares": 974820,
            "book_valuer_per_share": 26.08,
            "book_valuer_per_share_4q_avg": 26.21,
            "equity": 2420043,
            "current_ratio": 405.7,
            "debt_ratio": 13.16,
            "inventory_turnover_ratio": 0.84,
            "account_receivable_turnover_ratio": 2,
            "reinvestment_rate": -124.23,
            "research_to_sale_ratio": 17.83,
            "price_fair": 42,
            "eps_avg_yearly": 1.2,
            "eps_latest_yearly": 1.92,
            "eps_growth_yearly": 1827.84
        },
        "20181": {
            "year_quarter": 20181,
            "year": 2018,
            "quarter": 1,
            "eps": -0.21,
            "eps_growth_year": -625,
            "eps_4q": 0.22,
            "eps_4q_growth_year": -83.64,
            "roe": -0.82,
            "roe_4q": 0.8500000000000003,
            "gross_profit": 205263,
            "gross_margin": 50.59,
            "gross_margin_4q_avg": 50.63,
            "net_income": -19800,
            "revenue": 405737,
            "common_shares": 974820,
            "book_valuer_per_share": 25.97,
            "book_valuer_per_share_4q_avg": 26.05,
            "equity": 2409826,
            "current_ratio": 455.87,
            "debt_ratio": 11.94,
            "inventory_turnover_ratio": 0.7,
            "account_receivable_turnover_ratio": 1.94,
            "reinvestment_rate": -143.7,
            "research_to_sale_ratio": 15.46,
            "price_fair": 42,
            "eps_avg_yearly": 1.2,
            "eps_latest_yearly": 1.92,
            "eps_growth_yearly": 1827.84
        },
        "20182": {
            "year_quarter": 20182,
            "year": 2018,
            "quarter": 2,
            "eps": 0.23,
            "eps_growth_year": 53.33,
            "eps_4q": 0.31,
            "eps_4q_growth_year": -71.03,
            "roe": 0.9,
            "roe_4q": 1.2000000000000002,
            "gross_profit": 257527,
            "gross_margin": 44.4,
            "gross_margin_4q_avg": 49.32,
            "net_income": 21753,
            "revenue": 580053,
            "common_shares": 974820,
            "book_valuer_per_share": 25.89,
            "book_valuer_per_share_4q_avg": 26.06,
            "equity": 2406033,
            "current_ratio": 373.36,
            "debt_ratio": 15.05,
            "inventory_turnover_ratio": 1.18,
            "account_receivable_turnover_ratio": 1.9,
            "reinvestment_rate": -151.92,
            "research_to_sale_ratio": 11.74,
            "price_fair": 40.95,
            "eps_avg_yearly": 1.17,
            "eps_latest_yearly": 1.92,
            "eps_growth_yearly": 1656.31
        },
        "20183": {
            "year_quarter": 20183,
            "year": 2018,
            "quarter": 3,
            "eps": 0.21,
            "eps_growth_year": -56.25,
            "eps_4q": 0.04,
            "eps_4q_growth_year": -95.38,
            "roe": 0.79,
            "roe_4q": 0.16000000000000003,
            "gross_profit": 271984,
            "gross_margin": 44.73,
            "gross_margin_4q_avg": 47.29,
            "net_income": 19172,
            "revenue": 608065,
            "common_shares": 929200,
            "book_valuer_per_share": 26.1,
            "book_valuer_per_share_4q_avg": 26.01,
            "equity": 2425065,
            "current_ratio": 325.42,
            "debt_ratio": 17.66,
            "inventory_turnover_ratio": 1.16,
            "account_receivable_turnover_ratio": 1.74,
            "reinvestment_rate": -143.53,
            "research_to_sale_ratio": 11.38,
            "price_fair": 42.35,
            "eps_avg_yearly": 1.21,
            "eps_latest_yearly": 0.84,
            "eps_growth_yearly": 1683.91
        },
        "20184": {
            "year_quarter": 20184,
            "year": 2018,
            "quarter": 4,
            "eps": 0.27,
            "eps_growth_year": null,
            "eps_4q": 0.5,
            "eps_4q_growth_year": 4.38,
            "roe": 1.02,
            "roe_4q": 1.8900000000000001,
            "gross_profit": 248174,
            "gross_margin": 48.12,
            "gross_margin_4q_avg": 46.96,
            "net_income": 24941,
            "revenue": 515781,
            "common_shares": 929200,
            "book_valuer_per_share": 26.38,
            "book_valuer_per_share_4q_avg": 26.09,
            "equity": 2451491,
            "current_ratio": 362.58,
            "debt_ratio": 16.14,
            "inventory_turnover_ratio": 0.79,
            "account_receivable_turnover_ratio": 1.83,
            "reinvestment_rate": -102.06,
            "research_to_sale_ratio": 11.28,
            "price_fair": 41.84,
            "eps_avg_yearly": 1.2,
            "eps_latest_yearly": 1.08,
            "eps_growth_yearly": 1509.51
        },
        "20191": {
            "year_quarter": 20191,
            "year": 2019,
            "quarter": 1,
            "eps": -0.63,
            "eps_growth_year": null,
            "eps_4q": 0.08,
            "eps_4q_growth_year": -62.49,
            "roe": -2.41,
            "roe_4q": 0.29999999999999993,
            "gross_profit": 177296,
            "gross_margin": 38.15,
            "gross_margin_4q_avg": 43.85,
            "net_income": -58084,
            "revenue": 464676,
            "common_shares": 929200,
            "book_valuer_per_share": 25.51,
            "book_valuer_per_share_4q_avg": 25.97,
            "equity": 2370134,
            "current_ratio": 395.8,
            "debt_ratio": 16.91,
            "inventory_turnover_ratio": 0.8,
            "account_receivable_turnover_ratio": 1.81,
            "reinvestment_rate": -106.87,
            "research_to_sale_ratio": 14.47,
            "price_fair": 41.84,
            "eps_avg_yearly": 1.2,
            "eps_latest_yearly": 1.08,
            "eps_growth_yearly": 1509.51
        },
        "20192": {
            "year_quarter": 20192,
            "year": 2019,
            "quarter": 2,
            "eps": 0.49,
            "eps_growth_year": 113.04,
            "eps_4q": 0.34,
            "eps_4q_growth_year": 8.72,
            "roe": 1.92,
            "roe_4q": 1.3199999999999998,
            "gross_profit": 287727,
            "gross_margin": 50.84,
            "gross_margin_4q_avg": 45.46,
            "net_income": 45484,
            "revenue": 565907,
            "common_shares": 929200,
            "book_valuer_per_share": 25.6,
            "book_valuer_per_share_4q_avg": 25.9,
            "equity": 2379177,
            "current_ratio": 341.46,
            "debt_ratio": 19.46,
            "inventory_turnover_ratio": 0.83,
            "account_receivable_turnover_ratio": 1.86,
            "reinvestment_rate": -74.94,
            "research_to_sale_ratio": 10.99,
            "price_fair": 41.84,
            "eps_avg_yearly": 1.2,
            "eps_latest_yearly": 1.08,
            "eps_growth_yearly": 1509.51
        },
        "20193": {
            "year_quarter": 20193,
            "year": 2019,
            "quarter": 3,
            "eps": 0.36,
            "eps_growth_year": 71.43,
            "eps_4q": 0.49,
            "eps_4q_growth_year": 1080.92,
            "roe": 1.38,
            "roe_4q": 1.9099999999999997,
            "gross_profit": 278490,
            "gross_margin": 49.21,
            "gross_margin_4q_avg": 46.58,
            "net_income": 33183,
            "revenue": 565923,
            "common_shares": 929200,
            "book_valuer_per_share": 25.97,
            "book_valuer_per_share_4q_avg": 25.87,
            "equity": 2412765,
            "current_ratio": 354.73,
            "debt_ratio": 19.12,
            "inventory_turnover_ratio": 0.97,
            "account_receivable_turnover_ratio": 1.76,
            "reinvestment_rate": -68.51,
            "research_to_sale_ratio": 11.51,
            "price_fair": 44.18,
            "eps_avg_yearly": 1.26,
            "eps_latest_yearly": 1.44,
            "eps_growth_yearly": 608.83
        },
        "20194": {
            "year_quarter": 20194,
            "year": 2019,
            "quarter": 4,
            "eps": 0.57,
            "eps_growth_year": 111.38,
            "eps_4q": 0.79,
            "eps_4q_growth_year": 59.13,
            "roe": 2.16,
            "roe_4q": 3.05,
            "gross_profit": 295843,
            "gross_margin": 54.3,
            "gross_margin_4q_avg": 48.13,
            "net_income": 52721,
            "revenue": 544869,
            "common_shares": 929200,
            "book_valuer_per_share": 26.5,
            "book_valuer_per_share_4q_avg": 25.9,
            "equity": 2462592,
            "current_ratio": 340.69,
            "debt_ratio": 19.69,
            "inventory_turnover_ratio": 0.82,
            "account_receivable_turnover_ratio": 1.88,
            "reinvestment_rate": -57.64,
            "research_to_sale_ratio": 13.06,
            "price_fair": 47.74,
            "eps_avg_yearly": 1.36,
            "eps_latest_yearly": 2.28,
            "eps_growth_yearly": 571.28
        },
        "20201": {
            "year_quarter": 20201,
            "year": 2020,
            "quarter": 1,
            "eps": 0.09,
            "eps_growth_year": null,
            "eps_4q": 1.5,
            "eps_4q_growth_year": 1692.27,
            "roe": 0.33,
            "roe_4q": 5.79,
            "gross_profit": 247407,
            "gross_margin": 52.15,
            "gross_margin_4q_avg": 51.63,
            "net_income": 8086,
            "revenue": 474399,
            "common_shares": 929200,
            "book_valuer_per_share": 26.59,
            "book_valuer_per_share_4q_avg": 26.17,
            "equity": 2470870,
            "current_ratio": 416.2,
            "debt_ratio": 16.48,
            "inventory_turnover_ratio": 0.74,
            "account_receivable_turnover_ratio": 1.55,
            "reinvestment_rate": -52.73,
            "research_to_sale_ratio": 13.78,
            "price_fair": 44.55,
            "eps_avg_yearly": 1.27,
            "eps_latest_yearly": 0.36,
            "eps_growth_yearly": 488.72
        },
        "20202": {
            "year_quarter": 20202,
            "year": 2020,
            "quarter": 2,
            "eps": 0.75,
            "eps_growth_year": 53.06,
            "eps_4q": 1.76,
            "eps_4q_growth_year": 418.91,
            "roe": 2.8,
            "roe_4q": 6.67,
            "gross_profit": 329750,
            "gross_margin": 51.82,
            "gross_margin_4q_avg": 51.87,
            "net_income": 69534,
            "revenue": 636394,
            "common_shares": 929200,
            "book_valuer_per_share": 26.83,
            "book_valuer_per_share_4q_avg": 26.47,
            "equity": 2492780,
            "current_ratio": 286.06,
            "debt_ratio": 24.36,
            "inventory_turnover_ratio": 0.86,
            "account_receivable_turnover_ratio": 1.81,
            "reinvestment_rate": -47.27,
            "research_to_sale_ratio": 11.16,
            "price_fair": 48.62,
            "eps_avg_yearly": 1.39,
            "eps_latest_yearly": 3,
            "eps_growth_yearly": 400.84
        },
        "20203": {
            "year_quarter": 20203,
            "year": 2020,
            "quarter": 3,
            "eps": 5.04,
            "eps_growth_year": 1300,
            "eps_4q": 6.45,
            "eps_4q_growth_year": 1215.61,
            "roe": 17.19,
            "roe_4q": 22.48,
            "gross_profit": 918038,
            "gross_margin": 54.48,
            "gross_margin_4q_avg": 53.19,
            "net_income": 468579,
            "revenue": 1684998,
            "common_shares": 929200,
            "book_valuer_per_share": 31.84,
            "book_valuer_per_share_4q_avg": 27.94,
            "equity": 2958656,
            "current_ratio": 200.07,
            "debt_ratio": 38.21,
            "inventory_turnover_ratio": 1.15,
            "account_receivable_turnover_ratio": 2.54,
            "reinvestment_rate": -19.21,
            "research_to_sale_ratio": 6,
            "price_fair": 104.36,
            "eps_avg_yearly": 2.98,
            "eps_latest_yearly": 20.16,
            "eps_growth_yearly": 589.39
        },
        "20204": {
            "year_quarter": 20204,
            "year": 2020,
            "quarter": 4,
            "eps": 2.6,
            "eps_growth_year": 359.02,
            "eps_4q": 8.48,
            "eps_4q_growth_year": 975.24,
            "roe": 7.86,
            "roe_4q": 28.18,
            "gross_profit": 654877,
            "gross_margin": 51.47,
            "gross_margin_4q_avg": 52.48,
            "net_income": 241998,
            "revenue": 1272430,
            "common_shares": 929200,
            "book_valuer_per_share": 34.43,
            "book_valuer_per_share_4q_avg": 29.92,
            "equity": 3199475,
            "current_ratio": 240.8,
            "debt_ratio": 31.62,
            "inventory_turnover_ratio": 0.72,
            "account_receivable_turnover_ratio": 1.7,
            "reinvestment_rate": -11.55,
            "research_to_sale_ratio": 5.82,
            "price_fair": 134.4,
            "eps_avg_yearly": 3.84,
            "eps_latest_yearly": 10.4,
            "eps_growth_yearly": 594.93
        },
        "20211": {
            "year_quarter": 20211,
            "year": 2021,
            "quarter": 1,
            "eps": 2.19,
            "eps_growth_year": 2333.33,
            "eps_4q": 10.59,
            "eps_4q_growth_year": 605.22,
            "roe": 6.17,
            "roe_4q": 34.02,
            "gross_profit": 547168,
            "gross_margin": 54.71,
            "gross_margin_4q_avg": 53.12,
            "net_income": 203487,
            "revenue": 1000138,
            "common_shares": 929200,
            "book_valuer_per_share": 36.58,
            "book_valuer_per_share_4q_avg": 32.42,
            "equity": 3399111,
            "current_ratio": 223.65,
            "debt_ratio": 30.36,
            "inventory_turnover_ratio": 0.52,
            "account_receivable_turnover_ratio": 1.99,
            "reinvestment_rate": -4.11,
            "research_to_sale_ratio": 9.84,
            "price_fair": 161.76,
            "eps_avg_yearly": 4.62,
            "eps_latest_yearly": 8.76,
            "eps_growth_yearly": 619.5
        },
        "20212": {
            "year_quarter": 20212,
            "year": 2021,
            "quarter": 2,
            "eps": 2.11,
            "eps_growth_year": 181.33,
            "eps_4q": 11.94,
            "eps_4q_growth_year": 578.66,
            "roe": 5.7,
            "roe_4q": 36.92,
            "gross_profit": 532937,
            "gross_margin": 52.17,
            "gross_margin_4q_avg": 53.21,
            "net_income": 195708,
            "revenue": 1021561,
            "common_shares": 929200,
            "book_valuer_per_share": 37.27,
            "book_valuer_per_share_4q_avg": 35.03,
            "equity": 3463398,
            "current_ratio": 200.04,
            "debt_ratio": 27.56,
            "inventory_turnover_ratio": 0.52,
            "account_receivable_turnover_ratio": 2.2,
            "reinvestment_rate": -3.31,
            "research_to_sale_ratio": 9.72,
            "price_fair": 186.71,
            "eps_avg_yearly": 5.33,
            "eps_latest_yearly": 8.44,
            "eps_growth_yearly": 518.17
        },
        "20213": {
            "year_quarter": 20213,
            "year": 2021,
            "quarter": 3,
            "eps": 1.9,
            "eps_growth_year": -62.3,
            "eps_4q": 8.8,
            "eps_4q_growth_year": 36.55,
            "roe": 5.58,
            "roe_4q": 25.310000000000002,
            "gross_profit": 429103,
            "gross_margin": 46.49,
            "gross_margin_4q_avg": 51.21,
            "net_income": 176632,
            "revenue": 922903,
            "common_shares": 929200,
            "book_valuer_per_share": 30.82,
            "book_valuer_per_share_4q_avg": 34.78,
            "equity": 2863417,
            "current_ratio": 167.99,
            "debt_ratio": 33.96,
            "inventory_turnover_ratio": 0.56,
            "account_receivable_turnover_ratio": 1.96,
            "reinvestment_rate": -1.94,
            "research_to_sale_ratio": 10.89,
            "price_fair": 204.78,
            "eps_avg_yearly": 5.85,
            "eps_latest_yearly": 7.6,
            "eps_growth_yearly": 434.55
        },
        "20214": {
            "year_quarter": 20214,
            "year": 2021,
            "quarter": 4,
            "eps": 0.82,
            "eps_growth_year": -68.38,
            "eps_4q": 7.02,
            "eps_4q_growth_year": -17.24,
            "roe": 2.62,
            "roe_4q": 20.07,
            "gross_profit": 434503,
            "gross_margin": 58.53,
            "gross_margin_4q_avg": 52.98,
            "net_income": 76510,
            "revenue": 742394,
            "common_shares": 929200,
            "book_valuer_per_share": 32,
            "book_valuer_per_share_4q_avg": 34.17,
            "equity": 2973318,
            "current_ratio": 185.99,
            "debt_ratio": 30.18,
            "inventory_turnover_ratio": 0.39,
            "account_receivable_turnover_ratio": 1.89,
            "reinvestment_rate": -1.32,
            "research_to_sale_ratio": 11.43,
            "price_fair": 197.28,
            "eps_avg_yearly": 5.64,
            "eps_latest_yearly": 3.28,
            "eps_growth_yearly": 379.39
        },
        "20221": {
            "year_quarter": 20221,
            "year": 2022,
            "quarter": 1,
            "eps": 0.88,
            "eps_growth_year": -59.82,
            "eps_4q": 5.71,
            "eps_4q_growth_year": -46.08,
            "roe": 2.73,
            "roe_4q": 16.63,
            "gross_profit": 361124,
            "gross_margin": 53.5,
            "gross_margin_4q_avg": 52.67,
            "net_income": 81514,
            "revenue": 674977,
            "common_shares": 929200,
            "book_valuer_per_share": 32.21,
            "book_valuer_per_share_4q_avg": 33.08,
            "equity": 2992914,
            "current_ratio": 196.14,
            "debt_ratio": 29.46,
            "inventory_turnover_ratio": 0.44,
            "account_receivable_turnover_ratio": 2.04,
            "reinvestment_rate": -0.39,
            "research_to_sale_ratio": 14.79,
            "price_fair": 191.58,
            "eps_avg_yearly": 5.47,
            "eps_latest_yearly": 3.52,
            "eps_growth_yearly": 352.46
        },
        "20222": {
            "year_quarter": 20222,
            "year": 2022,
            "quarter": 2,
            "eps": 1.45,
            "eps_growth_year": -31.28,
            "eps_4q": 5.06,
            "eps_4q_growth_year": -57.66,
            "roe": 4.77,
            "roe_4q": 15.700000000000001,
            "gross_profit": 479251,
            "gross_margin": 52.74,
            "gross_margin_4q_avg": 52.82,
            "net_income": 135188,
            "revenue": 908744,
            "common_shares": 929200,
            "book_valuer_per_share": 28.79,
            "book_valuer_per_share_4q_avg": 30.96,
            "equity": 2674825,
            "current_ratio": 151.61,
            "debt_ratio": 40.83,
            "inventory_turnover_ratio": 0.6,
            "account_receivable_turnover_ratio": 2.04,
            "reinvestment_rate": 0.1,
            "research_to_sale_ratio": 12.62,
            "price_fair": 192.4,
            "eps_avg_yearly": 5.5,
            "eps_latest_yearly": 5.8,
            "eps_growth_yearly": 345.79
        },
        "20223": {
            "year_quarter": 20223,
            "year": 2022,
            "quarter": 3,
            "eps": 1.05,
            "eps_growth_year": -44.74,
            "eps_4q": 4.2,
            "eps_4q_growth_year": -52.26,
            "roe": 3.57,
            "roe_4q": 13.690000000000001,
            "gross_profit": 395502,
            "gross_margin": 49.76,
            "gross_margin_4q_avg": 53.63,
            "net_income": 97201,
            "revenue": 794852,
            "common_shares": 929200,
            "book_valuer_per_share": 29.74,
            "book_valuer_per_share_4q_avg": 30.69,
            "equity": 2763762,
            "current_ratio": 182.91,
            "debt_ratio": 32.44,
            "inventory_turnover_ratio": 0.55,
            "account_receivable_turnover_ratio": 1.36,
            "reinvestment_rate": -0.17,
            "research_to_sale_ratio": 13.58,
            "price_fair": 200.8,
            "eps_avg_yearly": 5.74,
            "eps_latest_yearly": 4.2,
            "eps_growth_yearly": 340.39
        },
        "20224": {
            "year_quarter": 20224,
            "year": 2022,
            "quarter": 4,
            "eps": 0.2,
            "eps_growth_year": -75.35,
            "eps_4q": 3.58,
            "eps_4q_growth_year": -48.99,
            "roe": 0.68,
            "roe_4q": 11.75,
            "gross_profit": 339628,
            "gross_margin": 53.82,
            "gross_margin_4q_avg": 52.46,
            "net_income": 18856,
            "revenue": 631098,
            "common_shares": 929200,
            "book_valuer_per_share": 30.33,
            "book_valuer_per_share_4q_avg": 30.27,
            "equity": 2818307,
            "current_ratio": 193,
            "debt_ratio": 30.72,
            "inventory_turnover_ratio": 0.43,
            "account_receivable_turnover_ratio": 1.39,
            "reinvestment_rate": 0.23,
            "research_to_sale_ratio": 15.51,
            "price_fair": 200.1,
            "eps_avg_yearly": 5.72,
            "eps_latest_yearly": 0.8,
            "eps_growth_yearly": 309.1
        },
        "20231": {
            "year_quarter": 20231,
            "year": 2023,
            "quarter": 1,
            "eps": -0.22,
            "eps_growth_year": -125,
            "eps_4q": 2.48,
            "eps_4q_growth_year": -56.55,
            "roe": -0.74,
            "roe_4q": 8.28,
            "gross_profit": 297567,
            "gross_margin": 54.9,
            "gross_margin_4q_avg": 52.81,
            "net_income": -20807,
            "revenue": 542046,
            "common_shares": 929200,
            "book_valuer_per_share": 30.31,
            "book_valuer_per_share_4q_avg": 29.79,
            "equity": 2815953,
            "current_ratio": 199.9,
            "debt_ratio": 29.5,
            "inventory_turnover_ratio": 0.42,
            "account_receivable_turnover_ratio": 1.88,
            "reinvestment_rate": -0.33,
            "research_to_sale_ratio": 19.43,
            "price_fair": 200.1,
            "eps_avg_yearly": 5.72,
            "eps_latest_yearly": 0.8,
            "eps_growth_yearly": 309.1
        }
    },
    "months": {
        "2009-07": {
            "month": "2009-07",
            "price": "114.23",
            "revenue": 273798
        },
        "2009-08": {
            "month": "2009-08",
            "price": "112.42",
            "revenue": 194462
        },
        "2009-09": {
            "month": "2009-09",
            "price": "110.57",
            "revenue": 139631
        },
        "2009-10": {
            "month": "2009-10",
            "price": "108.76",
            "revenue": 142838
        },
        "2009-11": {
            "month": "2009-11",
            "price": "102.62",
            "revenue": 128637
        },
        "2009-12": {
            "month": "2009-12",
            "price": "99.39",
            "revenue": 133530
        },
        "2010-01": {
            "month": "2010-01",
            "price": "107.85",
            "revenue": 241423
        },
        "2010-02": {
            "month": "2010-02",
            "price": "111.59",
            "revenue": 228334
        },
        "2010-03": {
            "month": "2010-03",
            "price": "119.42",
            "revenue": 305897
        },
        "2010-04": {
            "month": "2010-04",
            "price": "130.54",
            "revenue": 362192
        },
        "2010-05": {
            "month": "2010-05",
            "price": "142.51",
            "revenue": 250552
        },
        "2010-06": {
            "month": "2010-06",
            "price": "123.50",
            "revenue": 232888
        },
        "2010-07": {
            "month": "2010-07",
            "price": "102.59",
            "revenue": 138861
        },
        "2010-08": {
            "month": "2010-08",
            "price": "88.86",
            "revenue": 104380
        },
        "2010-09": {
            "month": "2010-09",
            "price": "76.38",
            "revenue": 90525
        },
        "2010-10": {
            "month": "2010-10",
            "price": "73.08",
            "revenue": 191916
        },
        "2010-11": {
            "month": "2010-11",
            "price": "67.62",
            "revenue": 194805
        },
        "2010-12": {
            "month": "2010-12",
            "price": "70.42",
            "revenue": 170610
        },
        "2011-01": {
            "month": "2011-01",
            "price": "79.15",
            "revenue": 156455
        },
        "2011-02": {
            "month": "2011-02",
            "price": "75.53",
            "revenue": 175179
        },
        "2011-03": {
            "month": "2011-03",
            "price": "72.52",
            "revenue": 232108
        },
        "2011-04": {
            "month": "2011-04",
            "price": "66.23",
            "revenue": 205052
        },
        "2011-05": {
            "month": "2011-05",
            "price": "70.45",
            "revenue": 164286
        },
        "2011-06": {
            "month": "2011-06",
            "price": "68.66",
            "revenue": 270407
        },
        "2011-07": {
            "month": "2011-07",
            "price": "65.39",
            "revenue": 153181
        },
        "2011-08": {
            "month": "2011-08",
            "price": "38.37",
            "revenue": 150664
        },
        "2011-09": {
            "month": "2011-09",
            "price": "38.35",
            "revenue": 197517
        },
        "2011-10": {
            "month": "2011-10",
            "price": "36.66",
            "revenue": 162524
        },
        "2011-11": {
            "month": "2011-11",
            "price": "31.87",
            "revenue": 148162
        },
        "2011-12": {
            "month": "2011-12",
            "price": "26.89",
            "revenue": 142725
        },
        "2012-01": {
            "month": "2012-01",
            "price": "26.68",
            "revenue": 124185
        },
        "2012-02": {
            "month": "2012-02",
            "price": "32.28",
            "revenue": 165802
        },
        "2012-03": {
            "month": "2012-03",
            "price": "32.03",
            "revenue": 160522
        },
        "2012-04": {
            "month": "2012-04",
            "price": "27.65",
            "revenue": 158186
        },
        "2012-05": {
            "month": "2012-05",
            "price": "25.99",
            "revenue": 171127
        },
        "2012-06": {
            "month": "2012-06",
            "price": "23.62",
            "revenue": 147090
        },
        "2012-07": {
            "month": "2012-07",
            "price": "21.22",
            "revenue": 174560
        },
        "2012-08": {
            "month": "2012-08",
            "price": "20.47",
            "revenue": 170871
        },
        "2012-09": {
            "month": "2012-09",
            "price": "20.32",
            "revenue": 174171
        },
        "2012-10": {
            "month": "2012-10",
            "price": "18.56",
            "revenue": 98074
        },
        "2012-11": {
            "month": "2012-11",
            "price": "17.98",
            "revenue": 165216
        },
        "2012-12": {
            "month": "2012-12",
            "price": "19.78",
            "revenue": 119640
        },
        "2013-01": {
            "month": "2013-01",
            "price": "20.78",
            "revenue": 146124
        },
        "2013-02": {
            "month": "2013-02",
            "price": "20.48",
            "revenue": 141688
        },
        "2013-03": {
            "month": "2013-03",
            "price": "21.13",
            "revenue": 138189
        },
        "2013-04": {
            "month": "2013-04",
            "price": "23.10",
            "revenue": 135424
        },
        "2013-05": {
            "month": "2013-05",
            "price": "22.23",
            "revenue": 143139
        },
        "2013-06": {
            "month": "2013-06",
            "price": "21.48",
            "revenue": 126481
        },
        "2013-07": {
            "month": "2013-07",
            "price": "19.49",
            "revenue": 138864
        },
        "2013-08": {
            "month": "2013-08",
            "price": "19.70",
            "revenue": 150398
        },
        "2013-09": {
            "month": "2013-09",
            "price": "22.55",
            "revenue": 138462
        },
        "2013-10": {
            "month": "2013-10",
            "price": "21.88",
            "revenue": 147697
        },
        "2013-11": {
            "month": "2013-11",
            "price": "19.96",
            "revenue": 130278
        },
        "2013-12": {
            "month": "2013-12",
            "price": "21.28",
            "revenue": 118732
        },
        "2014-01": {
            "month": "2014-01",
            "price": "24.04",
            "revenue": 133509
        },
        "2014-02": {
            "month": "2014-02",
            "price": "23.99",
            "revenue": 129842
        },
        "2014-03": {
            "month": "2014-03",
            "price": "26.44",
            "revenue": 150209
        },
        "2014-04": {
            "month": "2014-04",
            "price": "24.95",
            "revenue": 148013
        },
        "2014-05": {
            "month": "2014-05",
            "price": "24.90",
            "revenue": 157252
        },
        "2014-06": {
            "month": "2014-06",
            "price": "25.96",
            "revenue": 176415
        },
        "2014-07": {
            "month": "2014-07",
            "price": "27.54",
            "revenue": 177390
        },
        "2014-08": {
            "month": "2014-08",
            "price": "26.71",
            "revenue": 185331
        },
        "2014-09": {
            "month": "2014-09",
            "price": "27.27",
            "revenue": 165565
        },
        "2014-10": {
            "month": "2014-10",
            "price": "22.56",
            "revenue": 133130
        },
        "2014-11": {
            "month": "2014-11",
            "price": "19.28",
            "revenue": 133498
        },
        "2014-12": {
            "month": "2014-12",
            "price": "20.36",
            "revenue": 137352
        },
        "2015-01": {
            "month": "2015-01",
            "price": "21.24",
            "revenue": 130449
        },
        "2015-02": {
            "month": "2015-02",
            "price": "20.58",
            "revenue": 100228
        },
        "2015-03": {
            "month": "2015-03",
            "price": "20.20",
            "revenue": 128025
        },
        "2015-04": {
            "month": "2015-04",
            "price": "19.30",
            "revenue": 129691
        },
        "2015-05": {
            "month": "2015-05",
            "price": "16.84",
            "revenue": 104232
        },
        "2015-06": {
            "month": "2015-06",
            "price": "15.89",
            "revenue": 164848
        },
        "2015-07": {
            "month": "2015-07",
            "price": "16.88",
            "revenue": 173124
        },
        "2015-08": {
            "month": "2015-08",
            "price": "14.57",
            "revenue": 169693
        },
        "2015-09": {
            "month": "2015-09",
            "price": "13.66",
            "revenue": 136335
        },
        "2015-10": {
            "month": "2015-10",
            "price": "13.89",
            "revenue": 143292
        },
        "2015-11": {
            "month": "2015-11",
            "price": "14.25",
            "revenue": 99249
        },
        "2015-12": {
            "month": "2015-12",
            "price": "14.02",
            "revenue": 140440
        },
        "2016-01": {
            "month": "2016-01",
            "price": "14.22",
            "revenue": 117051
        },
        "2016-02": {
            "month": "2016-02",
            "price": "15.03",
            "revenue": 124951
        },
        "2016-03": {
            "month": "2016-03",
            "price": "15.79",
            "revenue": 137268
        },
        "2016-04": {
            "month": "2016-04",
            "price": "15.12",
            "revenue": 146873
        },
        "2016-05": {
            "month": "2016-05",
            "price": "15.41",
            "revenue": 165094
        },
        "2016-06": {
            "month": "2016-06",
            "price": "19.41",
            "revenue": 189054
        },
        "2016-07": {
            "month": "2016-07",
            "price": "21.64",
            "revenue": 196731
        },
        "2016-08": {
            "month": "2016-08",
            "price": "21.70",
            "revenue": 172041
        },
        "2016-09": {
            "month": "2016-09",
            "price": "20.13",
            "revenue": 196116
        },
        "2016-10": {
            "month": "2016-10",
            "price": "20.83",
            "revenue": 164045
        },
        "2016-11": {
            "month": "2016-11",
            "price": "20.55",
            "revenue": 137352
        },
        "2016-12": {
            "month": "2016-12",
            "price": "20.19",
            "revenue": 152966
        },
        "2017-01": {
            "month": "2017-01",
            "price": "20.88",
            "revenue": 134267
        },
        "2017-02": {
            "month": "2017-02",
            "price": "22.82",
            "revenue": 129336
        },
        "2017-03": {
            "month": "2017-03",
            "price": "22.33",
            "revenue": 157752
        },
        "2017-04": {
            "month": "2017-04",
            "price": "20.95",
            "revenue": 128707
        },
        "2017-05": {
            "month": "2017-05",
            "price": "20.82",
            "revenue": 172493
        },
        "2017-06": {
            "month": "2017-06",
            "price": "21.66",
            "revenue": 183911
        },
        "2017-07": {
            "month": "2017-07",
            "price": "20.25",
            "revenue": 176165
        },
        "2017-08": {
            "month": "2017-08",
            "price": "19.39",
            "revenue": 222058
        },
        "2017-09": {
            "month": "2017-09",
            "price": "20.72",
            "revenue": 181076
        },
        "2017-10": {
            "month": "2017-10",
            "price": "20.28",
            "revenue": 178483
        },
        "2017-11": {
            "month": "2017-11",
            "price": "20.11",
            "revenue": 156808
        },
        "2017-12": {
            "month": "2017-12",
            "price": "19.75",
            "revenue": 125598
        },
        "2018-01": {
            "month": "2018-01",
            "price": "20.08",
            "revenue": 126098
        },
        "2018-02": {
            "month": "2018-02",
            "price": "20.74",
            "revenue": 118623
        },
        "2018-03": {
            "month": "2018-03",
            "price": "20.25",
            "revenue": 160600
        },
        "2018-04": {
            "month": "2018-04",
            "price": "18.80",
            "revenue": 148363
        },
        "2018-05": {
            "month": "2018-05",
            "price": "18.43",
            "revenue": 210150
        },
        "2018-06": {
            "month": "2018-06",
            "price": "20.38",
            "revenue": 221698
        },
        "2018-07": {
            "month": "2018-07",
            "price": "20.47",
            "revenue": 206980
        },
        "2018-08": {
            "month": "2018-08",
            "price": "20.00",
            "revenue": 224318
        },
        "2018-09": {
            "month": "2018-09",
            "price": "19.41",
            "revenue": 178941
        },
        "2018-10": {
            "month": "2018-10",
            "price": "17.42",
            "revenue": 203580
        },
        "2018-11": {
            "month": "2018-11",
            "price": "16.93",
            "revenue": 179975
        },
        "2018-12": {
            "month": "2018-12",
            "price": "16.99",
            "revenue": 128517
        },
        "2019-01": {
            "month": "2019-01",
            "price": "16.34",
            "revenue": 162262
        },
        "2019-02": {
            "month": "2019-02",
            "price": "17.85",
            "revenue": 138351
        },
        "2019-03": {
            "month": "2019-03",
            "price": "18.00",
            "revenue": 163789
        },
        "2019-04": {
            "month": "2019-04",
            "price": "18.58",
            "revenue": 177863
        },
        "2019-05": {
            "month": "2019-05",
            "price": "17.33",
            "revenue": 190212
        },
        "2019-06": {
            "month": "2019-06",
            "price": "16.73",
            "revenue": 198856
        },
        "2019-07": {
            "month": "2019-07",
            "price": "16.60",
            "revenue": 203785
        },
        "2019-08": {
            "month": "2019-08",
            "price": "17.50",
            "revenue": 201439
        },
        "2019-09": {
            "month": "2019-09",
            "price": "17.82",
            "revenue": 159163
        },
        "2019-10": {
            "month": "2019-10",
            "price": "17.32",
            "revenue": 169537
        },
        "2019-11": {
            "month": "2019-11",
            "price": "16.57",
            "revenue": 180868
        },
        "2019-12": {
            "month": "2019-12",
            "price": "16.52",
            "revenue": 194982
        },
        "2020-01": {
            "month": "2020-01",
            "price": "16.88",
            "revenue": 130571
        },
        "2020-02": {
            "month": "2020-02",
            "price": "23.12",
            "revenue": 139729
        },
        "2020-03": {
            "month": "2020-03",
            "price": "26.65",
            "revenue": 203810
        },
        "2020-04": {
            "month": "2020-04",
            "price": "30.46",
            "revenue": 210877
        },
        "2020-05": {
            "month": "2020-05",
            "price": "31.11",
            "revenue": 168928
        },
        "2020-06": {
            "month": "2020-06",
            "price": "31.20",
            "revenue": 255498
        },
        "2020-07": {
            "month": "2020-07",
            "price": "44.04",
            "revenue": 468395
        },
        "2020-08": {
            "month": "2020-08",
            "price": "96.96",
            "revenue": 598101
        },
        "2020-09": {
            "month": "2020-09",
            "price": "122.39",
            "revenue": 618673
        },
        "2020-10": {
            "month": "2020-10",
            "price": "101.89",
            "revenue": 486553
        },
        "2020-11": {
            "month": "2020-11",
            "price": "92.05",
            "revenue": 442805
        },
        "2020-12": {
            "month": "2020-12",
            "price": "81.67",
            "revenue": 341985
        },
        "2021-01": {
            "month": "2021-01",
            "price": "73.71",
            "revenue": 360984
        },
        "2021-02": {
            "month": "2021-02",
            "price": "79.49",
            "revenue": 310901
        },
        "2021-03": {
            "month": "2021-03",
            "price": "80.35",
            "revenue": 326358
        },
        "2021-04": {
            "month": "2021-04",
            "price": "86.77",
            "revenue": 356337
        },
        "2021-05": {
            "month": "2021-05",
            "price": "84.74",
            "revenue": 306181
        },
        "2021-06": {
            "month": "2021-06",
            "price": "82.95",
            "revenue": 361154
        },
        "2021-07": {
            "month": "2021-07",
            "price": "78.38",
            "revenue": 333617
        },
        "2021-08": {
            "month": "2021-08",
            "price": "63.20",
            "revenue": 312103
        },
        "2021-09": {
            "month": "2021-09",
            "price": "56.90",
            "revenue": 275604
        },
        "2021-10": {
            "month": "2021-10",
            "price": "49.13",
            "revenue": 260410
        },
        "2021-11": {
            "month": "2021-11",
            "price": "51.71",
            "revenue": 245749
        },
        "2021-12": {
            "month": "2021-12",
            "price": "54.52",
            "revenue": 241401
        },
        "2022-01": {
            "month": "2022-01",
            "price": "64.21",
            "revenue": 214100
        },
        "2022-02": {
            "month": "2022-02",
            "price": "56.71",
            "revenue": 218294
        },
        "2022-03": {
            "month": "2022-03",
            "price": "53.33",
            "revenue": 241853
        },
        "2022-04": {
            "month": "2022-04",
            "price": "56.11",
            "revenue": 240550
        },
        "2022-05": {
            "month": "2022-05",
            "price": "51.12",
            "revenue": 314573
        },
        "2022-06": {
            "month": "2022-06",
            "price": "48.31",
            "revenue": 354384
        },
        "2022-07": {
            "month": "2022-07",
            "price": "40.49",
            "revenue": 312966
        },
        "2022-08": {
            "month": "2022-08",
            "price": "45.23",
            "revenue": 216418
        },
        "2022-09": {
            "month": "2022-09",
            "price": "43.83",
            "revenue": 260900
        },
        "2022-10": {
            "month": "2022-10",
            "price": "39.84",
            "revenue": 204144
        },
        "2022-11": {
            "month": "2022-11",
            "price": "42.07",
            "revenue": 224423
        },
        "2022-12": {
            "month": "2022-12",
            "price": "45.69",
            "revenue": 207068
        },
        "2023-01": {
            "month": "2023-01",
            "price": "46.25",
            "revenue": 130890
        },
        "2023-02": {
            "month": "2023-02",
            "price": "45.77",
            "revenue": 173530
        },
        "2023-03": {
            "month": "2023-03",
            "price": "45.68",
            "revenue": 237626
        },
        "2023-04": {
            "month": "2023-04",
            "price": "44.78",
            "revenue": 222066
        },
        "2023-05": {
            "month": "2023-05",
            "price": "42.43",
            "revenue": 227561
        }
    }
}
