{
    "summary": {
        "stock_name": "康聯訊",
        "stock_id": "3672",
        "category": "通信網路",
        "main_business": "光纖網路局端、用戶端設備及網管交換器之研發製造及買賣",
        "website_url": "https://www.ctsystem.com/en/",
        "ceo": "陳友信",
        "pe_ratio": -27,
        "report_year_from": 2009,
        "report_year_to": 2023,
        "age": 14,
        "eps_negative_percentage": 30,
        "eps_growth_avg": {
            "last_all": -52.28,
            "last_2y": -77.78,
            "last_4y": -77.1,
            "last_8y": null,
            "last_12y": null,
            "last_16y": null,
            "last_20y": null,
            "at_2006_last_3y": null,
            "at_2007_last_3y": null,
            "at_2008_last_3y": null,
            "at_2009_last_3y": null,
            "at_2010_last_3y": null,
            "at_2011_last_3y": null,
            "at_2012_last_3y": null,
            "at_2013_last_3y": null,
            "at_2014_last_3y": null,
            "at_2015_last_3y": null,
            "at_2016_last_3y": null,
            "at_2017_last_3y": null,
            "at_2018_last_3y": -27.59,
            "at_2019_last_3y": -63.31,
            "at_2020_last_3y": -74.01,
            "at_2021_last_3y": -69.47,
            "at_2022_last_3y": -85.19,
            "at_2023_last_3y": -85.19,
            "at_2006_last_all": null,
            "at_2007_last_all": null,
            "at_2008_last_all": null,
            "at_2009_last_all": null,
            "at_2010_last_all": null,
            "at_2011_last_all": null,
            "at_2012_last_all": null,
            "at_2013_last_all": null,
            "at_2014_last_all": null,
            "at_2015_last_all": null,
            "at_2016_last_all": 5.82,
            "at_2017_last_all": -19.17,
            "at_2018_last_all": -27.59,
            "at_2019_last_all": -42.08,
            "at_2020_last_all": -42.08,
            "at_2021_last_all": -44.32,
            "at_2022_last_all": -52.28,
            "at_2023_last_all": -52.28
        },
        "latest_eps": -1.01,
        "latest_price": 27.65,
        "latest_roe": -8.45,
        "latest_gross_margin": 32.64,
        "latest_equity": 357059,
        "latest_revenue": 104506,
        "latest_gross_profit": 34108,
        "latest_net_income": -15564,
        "latest_debt_ratio": 53.04,
        "latest_current_ratio": 151.07,
        "latest_account_receivable_turnover_ratio": 2.71,
        "latest_inventory_turnover_ratio": 0.32,
        "latest_reinvestment_rate": null,
        "latest_research_to_sale_ratio": 16.76
    },
    "eps_dividends": {
        "2001": {
            "cash": 0,
            "stock": 0,
            "eps": 0
        },
        "2002": {
            "cash": 0,
            "stock": 0,
            "eps": 0
        },
        "2003": {
            "cash": 0,
            "stock": 0,
            "eps": 0
        },
        "2004": {
            "cash": 0,
            "stock": 0,
            "eps": 0
        },
        "2005": {
            "cash": 0,
            "stock": 0,
            "eps": 0
        },
        "2006": {
            "cash": 0,
            "stock": 0,
            "eps": 0
        },
        "2007": {
            "cash": 0,
            "stock": 0,
            "eps": 0
        },
        "2008": {
            "cash": 0,
            "stock": 0,
            "eps": 0
        },
        "2009": {
            "cash": 0,
            "stock": 0,
            "eps": 0
        },
        "2010": {
            "cash": 0,
            "stock": 0,
            "eps": 0
        },
        "2011": {
            "cash": 0,
            "stock": 0,
            "eps": 0
        },
        "2012": {
            "cash": 0,
            "stock": 0,
            "eps": 0
        },
        "2013": {
            "cash": 0,
            "stock": 0,
            "eps": 0
        },
        "2014": {
            "cash": 0.1,
            "stock": 0.2,
            "eps": 2.31
        },
        "2015": {
            "cash": 2.24,
            "stock": 0.56,
            "eps": 3.3
        },
        "2016": {
            "cash": 1.8,
            "stock": 0.6,
            "eps": 2.27
        },
        "2017": {
            "cash": 1.2,
            "stock": 0.6,
            "eps": 0.7
        },
        "2018": {
            "cash": 0.6,
            "stock": 0,
            "eps": 0.33
        },
        "2019": {
            "cash": 0.3,
            "stock": 0,
            "eps": -1.2
        },
        "2020": {
            "cash": 0.2,
            "stock": 0,
            "eps": 0.54
        },
        "2021": {
            "cash": 0.25,
            "stock": 0,
            "eps": 0.24
        },
        "2022": {
            "cash": 0.1,
            "stock": 0,
            "eps": -0.35
        },
        "2023": {
            "cash": 0.1,
            "stock": 0,
            "eps": -0.51
        }
    },
    "dividends": {
        "2014-10-03": {
            "cash": 0.1,
            "stock": 0.2
        },
        "2015-08-07": {
            "cash": 2.24,
            "stock": 0.56
        },
        "2016-08-05": {
            "cash": 1.8,
            "stock": 0.6
        },
        "2017-08-04": {
            "cash": 1.2,
            "stock": 0.6
        },
        "2018-08-08": {
            "cash": 0.6,
            "stock": 0
        },
        "2019-08-16": {
            "cash": 0.3,
            "stock": 0
        },
        "2020-08-14": {
            "cash": 0.2,
            "stock": 0
        },
        "2021-09-29": {
            "cash": 0.25,
            "stock": 0
        },
        "2022-08-29": {
            "cash": 0.1,
            "stock": 0
        },
        "2023-03-24": {
            "cash": 0.1,
            "stock": 0
        }
    },
    "prices": {
        "200101": "無",
        "200102": "無",
        "200103": "無",
        "200104": "無",
        "200105": "無",
        "200106": "無",
        "200107": "無",
        "200108": "無",
        "200109": "無",
        "200110": "無",
        "200111": "無",
        "200112": "無",
        "200201": "無",
        "200202": "無",
        "200203": "無",
        "200204": "無",
        "200205": "無",
        "200206": "無",
        "200207": "無",
        "200208": "無",
        "200209": "無",
        "200210": "無",
        "200211": "無",
        "200212": "無",
        "200301": "無",
        "200302": "無",
        "200303": "無",
        "200304": "無",
        "200305": "無",
        "200306": "無",
        "200307": "無",
        "200308": "無",
        "200309": "無",
        "200310": "無",
        "200311": "無",
        "200312": "無",
        "200401": "無",
        "200402": "無",
        "200403": "無",
        "200404": "無",
        "200405": "無",
        "200406": "無",
        "200407": "無",
        "200408": "無",
        "200409": "無",
        "200410": "無",
        "200411": "無",
        "200412": "無",
        "200501": "無",
        "200502": "無",
        "200503": "無",
        "200504": "無",
        "200505": "無",
        "200506": "無",
        "200507": "無",
        "200508": "無",
        "200509": "無",
        "200510": "無",
        "200511": "無",
        "200512": "無",
        "200601": "無",
        "200602": "無",
        "200603": "無",
        "200604": "無",
        "200605": "無",
        "200606": "無",
        "200607": "無",
        "200608": "無",
        "200609": "無",
        "200610": "無",
        "200611": "無",
        "200612": "無",
        "200701": "無",
        "200702": "無",
        "200703": "無",
        "200704": "無",
        "200705": "無",
        "200706": "無",
        "200707": "無",
        "200708": "無",
        "200709": "無",
        "200710": "無",
        "200711": "無",
        "200712": "無",
        "200801": "無",
        "200802": "無",
        "200803": "無",
        "200804": "無",
        "200805": "無",
        "200806": "無",
        "200807": "無",
        "200808": "無",
        "200809": "無",
        "200810": "無",
        "200811": "無",
        "200812": "無",
        "200901": "無",
        "200902": "無",
        "200903": "無",
        "200904": "無",
        "200905": "無",
        "200906": "無",
        "200907": "無",
        "200908": "無",
        "200909": "無",
        "200910": "無",
        "200911": "無",
        "200912": "無",
        "201001": "無",
        "201002": "無",
        "201003": "無",
        "201004": "無",
        "201005": "無",
        "201006": "無",
        "201007": "無",
        "201008": "無",
        "201009": "無",
        "201010": "無",
        "201011": "無",
        "201012": "無",
        "201101": "無",
        "201102": "無",
        "201103": "無",
        "201104": "無",
        "201105": "無",
        "201106": "無",
        "201107": "無",
        "201108": "無",
        "201109": "無",
        "201110": "無",
        "201111": "無",
        "201112": "無",
        "201201": "無",
        "201202": "無",
        "201203": "無",
        "201204": "無",
        "201205": "無",
        "201206": "無",
        "201207": "無",
        "201208": "無",
        "201209": "無",
        "201210": "無",
        "201211": "無",
        "201212": "無",
        "201301": "無",
        "201302": "無",
        "201303": "無",
        "201304": "無",
        "201305": "無",
        "201306": "無",
        "201307": "無",
        "201308": "無",
        "201309": "無",
        "201310": "無",
        "201311": "無",
        "201312": "無",
        "201401": "26.37",
        "201402": "35.37",
        "201403": "48.15",
        "201404": "50.96",
        "201405": "57.26",
        "201406": "66.52",
        "201407": "64.77",
        "201408": "58.04",
        "201409": "54.21",
        "201410": "48.24",
        "201411": "42.15",
        "201412": "44.39",
        "201501": "48.46",
        "201502": "46.80",
        "201503": "50.36",
        "201504": "58.91",
        "201505": "52.56",
        "201506": "47.17",
        "201507": "44.20",
        "201508": "32.95",
        "201509": "37.31",
        "201510": "39.50",
        "201511": "39.25",
        "201512": "35.77",
        "201601": "33.62",
        "201602": "35.05",
        "201603": "35.56",
        "201604": "33.08",
        "201605": "30.97",
        "201606": "33.21",
        "201607": "33.00",
        "201608": "33.83",
        "201609": "32.64",
        "201610": "31.82",
        "201611": "30.26",
        "201612": "29.65",
        "201701": "29.88",
        "201702": "31.26",
        "201703": "33.62",
        "201704": "33.50",
        "201705": "32.99",
        "201706": "32.80",
        "201707": "29.51",
        "201708": "26.40",
        "201709": "25.60",
        "201710": "25.13",
        "201711": "22.97",
        "201712": "19.58",
        "201801": "21.48",
        "201802": "21.67",
        "201803": "24.03",
        "201804": "22.79",
        "201805": "21.36",
        "201806": "21.42",
        "201807": "21.13",
        "201808": "19.71",
        "201809": "18.42",
        "201810": "14.50",
        "201811": "14.63",
        "201812": "15.88",
        "201901": "16.96",
        "201902": "17.16",
        "201903": "17.49",
        "201904": "17.06",
        "201905": "16.44",
        "201906": "16.57",
        "201907": "17.03",
        "201908": "15.33",
        "201909": "14.73",
        "201910": "15.14",
        "201911": "14.75",
        "201912": "14.85",
        "202001": "15.78",
        "202002": "14.21",
        "202003": "11.97",
        "202004": "10.92",
        "202005": "11.97",
        "202006": "11.82",
        "202007": "15.77",
        "202008": "18.54",
        "202009": "18.34",
        "202010": "20.93",
        "202011": "21.84",
        "202012": "22.84",
        "202101": "20.66",
        "202102": "19.60",
        "202103": "18.56",
        "202104": "17.97",
        "202105": "15.44",
        "202106": "15.53",
        "202107": "15.46",
        "202108": "14.70",
        "202109": "15.55",
        "202110": "20.09",
        "202111": "27.75",
        "202112": "43.13",
        "202201": "40.05",
        "202202": "38.14",
        "202203": "38.90",
        "202204": "33.99",
        "202205": "35.41",
        "202206": "36.47",
        "202207": "36.45",
        "202208": "34.25",
        "202209": "31.10",
        "202210": "28.92",
        "202211": "29.85",
        "202212": "27.87",
        "202301": "27.11",
        "202302": "26.92",
        "202303": "27.03",
        "202304": "28.50",
        "202305": "27.97"
    },
    "quarters": {
        "20011": {
            "year_quarter": 20011,
            "year": 2001,
            "quarter": 1,
            "eps": null,
            "eps_growth_year": null,
            "eps_4q": null,
            "eps_4q_growth_year": null,
            "roe": null,
            "roe_4q": 0,
            "gross_profit": null,
            "gross_margin": null,
            "gross_margin_4q_avg": 0,
            "net_income": null,
            "revenue": null,
            "common_shares": null,
            "book_valuer_per_share": null,
            "book_valuer_per_share_4q_avg": 0,
            "equity": null,
            "current_ratio": null,
            "debt_ratio": null,
            "inventory_turnover_ratio": null,
            "account_receivable_turnover_ratio": null,
            "reinvestment_rate": null,
            "research_to_sale_ratio": null,
            "price_fair": 0,
            "eps_avg_yearly": 0,
            "eps_latest_yearly": 0,
            "eps_growth_yearly": 0
        },
        "20012": {
            "year_quarter": 20012,
            "year": 2001,
            "quarter": 2,
            "eps": null,
            "eps_growth_year": null,
            "eps_4q": null,
            "eps_4q_growth_year": null,
            "roe": null,
            "roe_4q": 0,
            "gross_profit": null,
            "gross_margin": null,
            "gross_margin_4q_avg": 0,
            "net_income": null,
            "revenue": null,
            "common_shares": null,
            "book_valuer_per_share": null,
            "book_valuer_per_share_4q_avg": 0,
            "equity": null,
            "current_ratio": null,
            "debt_ratio": null,
            "inventory_turnover_ratio": null,
            "account_receivable_turnover_ratio": null,
            "reinvestment_rate": null,
            "research_to_sale_ratio": null,
            "price_fair": 0,
            "eps_avg_yearly": 0,
            "eps_latest_yearly": 0,
            "eps_growth_yearly": 0
        },
        "20013": {
            "year_quarter": 20013,
            "year": 2001,
            "quarter": 3,
            "eps": null,
            "eps_growth_year": null,
            "eps_4q": null,
            "eps_4q_growth_year": null,
            "roe": null,
            "roe_4q": 0,
            "gross_profit": null,
            "gross_margin": null,
            "gross_margin_4q_avg": 0,
            "net_income": null,
            "revenue": null,
            "common_shares": null,
            "book_valuer_per_share": null,
            "book_valuer_per_share_4q_avg": 0,
            "equity": null,
            "current_ratio": null,
            "debt_ratio": null,
            "inventory_turnover_ratio": null,
            "account_receivable_turnover_ratio": null,
            "reinvestment_rate": null,
            "research_to_sale_ratio": null,
            "price_fair": 0,
            "eps_avg_yearly": 0,
            "eps_latest_yearly": 0,
            "eps_growth_yearly": 0
        },
        "20014": {
            "year_quarter": 20014,
            "year": 2001,
            "quarter": 4,
            "eps": null,
            "eps_growth_year": null,
            "eps_4q": null,
            "eps_4q_growth_year": null,
            "roe": null,
            "roe_4q": 0,
            "gross_profit": null,
            "gross_margin": null,
            "gross_margin_4q_avg": 0,
            "net_income": null,
            "revenue": null,
            "common_shares": null,
            "book_valuer_per_share": null,
            "book_valuer_per_share_4q_avg": 0,
            "equity": null,
            "current_ratio": null,
            "debt_ratio": null,
            "inventory_turnover_ratio": null,
            "account_receivable_turnover_ratio": null,
            "reinvestment_rate": null,
            "research_to_sale_ratio": null,
            "price_fair": 0,
            "eps_avg_yearly": 0,
            "eps_latest_yearly": 0,
            "eps_growth_yearly": 0
        },
        "20021": {
            "year_quarter": 20021,
            "year": 2002,
            "quarter": 1,
            "eps": null,
            "eps_growth_year": null,
            "eps_4q": null,
            "eps_4q_growth_year": null,
            "roe": null,
            "roe_4q": 0,
            "gross_profit": null,
            "gross_margin": null,
            "gross_margin_4q_avg": 0,
            "net_income": null,
            "revenue": null,
            "common_shares": null,
            "book_valuer_per_share": null,
            "book_valuer_per_share_4q_avg": 0,
            "equity": null,
            "current_ratio": null,
            "debt_ratio": null,
            "inventory_turnover_ratio": null,
            "account_receivable_turnover_ratio": null,
            "reinvestment_rate": null,
            "research_to_sale_ratio": null,
            "price_fair": 0,
            "eps_avg_yearly": 0,
            "eps_latest_yearly": 0,
            "eps_growth_yearly": 0
        },
        "20022": {
            "year_quarter": 20022,
            "year": 2002,
            "quarter": 2,
            "eps": null,
            "eps_growth_year": null,
            "eps_4q": null,
            "eps_4q_growth_year": null,
            "roe": null,
            "roe_4q": 0,
            "gross_profit": null,
            "gross_margin": null,
            "gross_margin_4q_avg": 0,
            "net_income": null,
            "revenue": null,
            "common_shares": null,
            "book_valuer_per_share": null,
            "book_valuer_per_share_4q_avg": 0,
            "equity": null,
            "current_ratio": null,
            "debt_ratio": null,
            "inventory_turnover_ratio": null,
            "account_receivable_turnover_ratio": null,
            "reinvestment_rate": null,
            "research_to_sale_ratio": null,
            "price_fair": 0,
            "eps_avg_yearly": 0,
            "eps_latest_yearly": 0,
            "eps_growth_yearly": 0
        },
        "20023": {
            "year_quarter": 20023,
            "year": 2002,
            "quarter": 3,
            "eps": null,
            "eps_growth_year": null,
            "eps_4q": null,
            "eps_4q_growth_year": null,
            "roe": null,
            "roe_4q": 0,
            "gross_profit": null,
            "gross_margin": null,
            "gross_margin_4q_avg": 0,
            "net_income": null,
            "revenue": null,
            "common_shares": null,
            "book_valuer_per_share": null,
            "book_valuer_per_share_4q_avg": 0,
            "equity": null,
            "current_ratio": null,
            "debt_ratio": null,
            "inventory_turnover_ratio": null,
            "account_receivable_turnover_ratio": null,
            "reinvestment_rate": null,
            "research_to_sale_ratio": null,
            "price_fair": 0,
            "eps_avg_yearly": 0,
            "eps_latest_yearly": 0,
            "eps_growth_yearly": 0
        },
        "20024": {
            "year_quarter": 20024,
            "year": 2002,
            "quarter": 4,
            "eps": null,
            "eps_growth_year": null,
            "eps_4q": null,
            "eps_4q_growth_year": null,
            "roe": null,
            "roe_4q": 0,
            "gross_profit": null,
            "gross_margin": null,
            "gross_margin_4q_avg": 0,
            "net_income": null,
            "revenue": null,
            "common_shares": null,
            "book_valuer_per_share": null,
            "book_valuer_per_share_4q_avg": 0,
            "equity": null,
            "current_ratio": null,
            "debt_ratio": null,
            "inventory_turnover_ratio": null,
            "account_receivable_turnover_ratio": null,
            "reinvestment_rate": null,
            "research_to_sale_ratio": null,
            "price_fair": 0,
            "eps_avg_yearly": 0,
            "eps_latest_yearly": 0,
            "eps_growth_yearly": 0
        },
        "20031": {
            "year_quarter": 20031,
            "year": 2003,
            "quarter": 1,
            "eps": null,
            "eps_growth_year": null,
            "eps_4q": null,
            "eps_4q_growth_year": null,
            "roe": null,
            "roe_4q": 0,
            "gross_profit": null,
            "gross_margin": null,
            "gross_margin_4q_avg": 0,
            "net_income": null,
            "revenue": null,
            "common_shares": null,
            "book_valuer_per_share": null,
            "book_valuer_per_share_4q_avg": 0,
            "equity": null,
            "current_ratio": null,
            "debt_ratio": null,
            "inventory_turnover_ratio": null,
            "account_receivable_turnover_ratio": null,
            "reinvestment_rate": null,
            "research_to_sale_ratio": null,
            "price_fair": 0,
            "eps_avg_yearly": 0,
            "eps_latest_yearly": 0,
            "eps_growth_yearly": 0
        },
        "20032": {
            "year_quarter": 20032,
            "year": 2003,
            "quarter": 2,
            "eps": null,
            "eps_growth_year": null,
            "eps_4q": null,
            "eps_4q_growth_year": null,
            "roe": null,
            "roe_4q": 0,
            "gross_profit": null,
            "gross_margin": null,
            "gross_margin_4q_avg": 0,
            "net_income": null,
            "revenue": null,
            "common_shares": null,
            "book_valuer_per_share": null,
            "book_valuer_per_share_4q_avg": 0,
            "equity": null,
            "current_ratio": null,
            "debt_ratio": null,
            "inventory_turnover_ratio": null,
            "account_receivable_turnover_ratio": null,
            "reinvestment_rate": null,
            "research_to_sale_ratio": null,
            "price_fair": 0,
            "eps_avg_yearly": 0,
            "eps_latest_yearly": 0,
            "eps_growth_yearly": 0
        },
        "20033": {
            "year_quarter": 20033,
            "year": 2003,
            "quarter": 3,
            "eps": null,
            "eps_growth_year": null,
            "eps_4q": null,
            "eps_4q_growth_year": null,
            "roe": null,
            "roe_4q": 0,
            "gross_profit": null,
            "gross_margin": null,
            "gross_margin_4q_avg": 0,
            "net_income": null,
            "revenue": null,
            "common_shares": null,
            "book_valuer_per_share": null,
            "book_valuer_per_share_4q_avg": 0,
            "equity": null,
            "current_ratio": null,
            "debt_ratio": null,
            "inventory_turnover_ratio": null,
            "account_receivable_turnover_ratio": null,
            "reinvestment_rate": null,
            "research_to_sale_ratio": null,
            "price_fair": 0,
            "eps_avg_yearly": 0,
            "eps_latest_yearly": 0,
            "eps_growth_yearly": 0
        },
        "20034": {
            "year_quarter": 20034,
            "year": 2003,
            "quarter": 4,
            "eps": null,
            "eps_growth_year": null,
            "eps_4q": null,
            "eps_4q_growth_year": null,
            "roe": null,
            "roe_4q": 0,
            "gross_profit": null,
            "gross_margin": null,
            "gross_margin_4q_avg": 0,
            "net_income": null,
            "revenue": null,
            "common_shares": null,
            "book_valuer_per_share": null,
            "book_valuer_per_share_4q_avg": 0,
            "equity": null,
            "current_ratio": null,
            "debt_ratio": null,
            "inventory_turnover_ratio": null,
            "account_receivable_turnover_ratio": null,
            "reinvestment_rate": null,
            "research_to_sale_ratio": null,
            "price_fair": 0,
            "eps_avg_yearly": 0,
            "eps_latest_yearly": 0,
            "eps_growth_yearly": 0
        },
        "20041": {
            "year_quarter": 20041,
            "year": 2004,
            "quarter": 1,
            "eps": null,
            "eps_growth_year": null,
            "eps_4q": null,
            "eps_4q_growth_year": null,
            "roe": null,
            "roe_4q": 0,
            "gross_profit": null,
            "gross_margin": null,
            "gross_margin_4q_avg": 0,
            "net_income": null,
            "revenue": null,
            "common_shares": null,
            "book_valuer_per_share": null,
            "book_valuer_per_share_4q_avg": 0,
            "equity": null,
            "current_ratio": null,
            "debt_ratio": null,
            "inventory_turnover_ratio": null,
            "account_receivable_turnover_ratio": null,
            "reinvestment_rate": null,
            "research_to_sale_ratio": null,
            "price_fair": 0,
            "eps_avg_yearly": 0,
            "eps_latest_yearly": 0,
            "eps_growth_yearly": 0
        },
        "20042": {
            "year_quarter": 20042,
            "year": 2004,
            "quarter": 2,
            "eps": null,
            "eps_growth_year": null,
            "eps_4q": null,
            "eps_4q_growth_year": null,
            "roe": null,
            "roe_4q": 0,
            "gross_profit": null,
            "gross_margin": null,
            "gross_margin_4q_avg": 0,
            "net_income": null,
            "revenue": null,
            "common_shares": null,
            "book_valuer_per_share": null,
            "book_valuer_per_share_4q_avg": 0,
            "equity": null,
            "current_ratio": null,
            "debt_ratio": null,
            "inventory_turnover_ratio": null,
            "account_receivable_turnover_ratio": null,
            "reinvestment_rate": null,
            "research_to_sale_ratio": null,
            "price_fair": 0,
            "eps_avg_yearly": 0,
            "eps_latest_yearly": 0,
            "eps_growth_yearly": 0
        },
        "20043": {
            "year_quarter": 20043,
            "year": 2004,
            "quarter": 3,
            "eps": null,
            "eps_growth_year": null,
            "eps_4q": null,
            "eps_4q_growth_year": null,
            "roe": null,
            "roe_4q": 0,
            "gross_profit": null,
            "gross_margin": null,
            "gross_margin_4q_avg": 0,
            "net_income": null,
            "revenue": null,
            "common_shares": null,
            "book_valuer_per_share": null,
            "book_valuer_per_share_4q_avg": 0,
            "equity": null,
            "current_ratio": null,
            "debt_ratio": null,
            "inventory_turnover_ratio": null,
            "account_receivable_turnover_ratio": null,
            "reinvestment_rate": null,
            "research_to_sale_ratio": null,
            "price_fair": 0,
            "eps_avg_yearly": 0,
            "eps_latest_yearly": 0,
            "eps_growth_yearly": 0
        },
        "20044": {
            "year_quarter": 20044,
            "year": 2004,
            "quarter": 4,
            "eps": null,
            "eps_growth_year": null,
            "eps_4q": null,
            "eps_4q_growth_year": null,
            "roe": null,
            "roe_4q": 0,
            "gross_profit": null,
            "gross_margin": null,
            "gross_margin_4q_avg": 0,
            "net_income": null,
            "revenue": null,
            "common_shares": 110000,
            "book_valuer_per_share": 7.15,
            "book_valuer_per_share_4q_avg": 1.79,
            "equity": 78696,
            "current_ratio": 244.85,
            "debt_ratio": 40.65,
            "inventory_turnover_ratio": null,
            "account_receivable_turnover_ratio": null,
            "reinvestment_rate": null,
            "research_to_sale_ratio": null,
            "price_fair": 0,
            "eps_avg_yearly": 0,
            "eps_latest_yearly": 0,
            "eps_growth_yearly": 0
        },
        "20051": {
            "year_quarter": 20051,
            "year": 2005,
            "quarter": 1,
            "eps": null,
            "eps_growth_year": null,
            "eps_4q": null,
            "eps_4q_growth_year": null,
            "roe": null,
            "roe_4q": 0,
            "gross_profit": null,
            "gross_margin": null,
            "gross_margin_4q_avg": 0,
            "net_income": null,
            "revenue": null,
            "common_shares": null,
            "book_valuer_per_share": null,
            "book_valuer_per_share_4q_avg": 1.79,
            "equity": null,
            "current_ratio": null,
            "debt_ratio": null,
            "inventory_turnover_ratio": null,
            "account_receivable_turnover_ratio": null,
            "reinvestment_rate": null,
            "research_to_sale_ratio": null,
            "price_fair": 0,
            "eps_avg_yearly": 0,
            "eps_latest_yearly": 0,
            "eps_growth_yearly": 0
        },
        "20052": {
            "year_quarter": 20052,
            "year": 2005,
            "quarter": 2,
            "eps": null,
            "eps_growth_year": null,
            "eps_4q": null,
            "eps_4q_growth_year": null,
            "roe": null,
            "roe_4q": 0,
            "gross_profit": null,
            "gross_margin": null,
            "gross_margin_4q_avg": 0,
            "net_income": null,
            "revenue": null,
            "common_shares": null,
            "book_valuer_per_share": null,
            "book_valuer_per_share_4q_avg": 1.79,
            "equity": null,
            "current_ratio": null,
            "debt_ratio": null,
            "inventory_turnover_ratio": null,
            "account_receivable_turnover_ratio": null,
            "reinvestment_rate": null,
            "research_to_sale_ratio": null,
            "price_fair": 0,
            "eps_avg_yearly": 0,
            "eps_latest_yearly": 0,
            "eps_growth_yearly": 0
        },
        "20053": {
            "year_quarter": 20053,
            "year": 2005,
            "quarter": 3,
            "eps": null,
            "eps_growth_year": null,
            "eps_4q": null,
            "eps_4q_growth_year": null,
            "roe": null,
            "roe_4q": 0,
            "gross_profit": null,
            "gross_margin": null,
            "gross_margin_4q_avg": 0,
            "net_income": null,
            "revenue": null,
            "common_shares": null,
            "book_valuer_per_share": null,
            "book_valuer_per_share_4q_avg": 1.79,
            "equity": null,
            "current_ratio": null,
            "debt_ratio": null,
            "inventory_turnover_ratio": null,
            "account_receivable_turnover_ratio": null,
            "reinvestment_rate": null,
            "research_to_sale_ratio": null,
            "price_fair": 0,
            "eps_avg_yearly": 0,
            "eps_latest_yearly": 0,
            "eps_growth_yearly": 0
        },
        "20054": {
            "year_quarter": 20054,
            "year": 2005,
            "quarter": 4,
            "eps": null,
            "eps_growth_year": null,
            "eps_4q": null,
            "eps_4q_growth_year": null,
            "roe": null,
            "roe_4q": 0,
            "gross_profit": null,
            "gross_margin": null,
            "gross_margin_4q_avg": 0,
            "net_income": null,
            "revenue": null,
            "common_shares": 110000,
            "book_valuer_per_share": 9.18,
            "book_valuer_per_share_4q_avg": 2.3,
            "equity": 100958,
            "current_ratio": 238.23,
            "debt_ratio": 44.12,
            "inventory_turnover_ratio": null,
            "account_receivable_turnover_ratio": null,
            "reinvestment_rate": null,
            "research_to_sale_ratio": null,
            "price_fair": 0,
            "eps_avg_yearly": 0,
            "eps_latest_yearly": 0,
            "eps_growth_yearly": 0
        },
        "20061": {
            "year_quarter": 20061,
            "year": 2006,
            "quarter": 1,
            "eps": null,
            "eps_growth_year": null,
            "eps_4q": null,
            "eps_4q_growth_year": null,
            "roe": null,
            "roe_4q": 0,
            "gross_profit": null,
            "gross_margin": null,
            "gross_margin_4q_avg": 0,
            "net_income": null,
            "revenue": null,
            "common_shares": null,
            "book_valuer_per_share": null,
            "book_valuer_per_share_4q_avg": 2.3,
            "equity": null,
            "current_ratio": null,
            "debt_ratio": null,
            "inventory_turnover_ratio": null,
            "account_receivable_turnover_ratio": null,
            "reinvestment_rate": null,
            "research_to_sale_ratio": null,
            "price_fair": 0,
            "eps_avg_yearly": 0,
            "eps_latest_yearly": 0,
            "eps_growth_yearly": 0
        },
        "20062": {
            "year_quarter": 20062,
            "year": 2006,
            "quarter": 2,
            "eps": null,
            "eps_growth_year": null,
            "eps_4q": null,
            "eps_4q_growth_year": null,
            "roe": null,
            "roe_4q": 0,
            "gross_profit": null,
            "gross_margin": null,
            "gross_margin_4q_avg": 0,
            "net_income": null,
            "revenue": null,
            "common_shares": null,
            "book_valuer_per_share": null,
            "book_valuer_per_share_4q_avg": 2.3,
            "equity": null,
            "current_ratio": null,
            "debt_ratio": null,
            "inventory_turnover_ratio": null,
            "account_receivable_turnover_ratio": null,
            "reinvestment_rate": null,
            "research_to_sale_ratio": null,
            "price_fair": 0,
            "eps_avg_yearly": 0,
            "eps_latest_yearly": 0,
            "eps_growth_yearly": 0
        },
        "20063": {
            "year_quarter": 20063,
            "year": 2006,
            "quarter": 3,
            "eps": null,
            "eps_growth_year": null,
            "eps_4q": null,
            "eps_4q_growth_year": null,
            "roe": null,
            "roe_4q": 0,
            "gross_profit": null,
            "gross_margin": null,
            "gross_margin_4q_avg": 0,
            "net_income": null,
            "revenue": null,
            "common_shares": null,
            "book_valuer_per_share": null,
            "book_valuer_per_share_4q_avg": 2.3,
            "equity": null,
            "current_ratio": null,
            "debt_ratio": null,
            "inventory_turnover_ratio": null,
            "account_receivable_turnover_ratio": null,
            "reinvestment_rate": null,
            "research_to_sale_ratio": null,
            "price_fair": 0,
            "eps_avg_yearly": 0,
            "eps_latest_yearly": 0,
            "eps_growth_yearly": 0
        },
        "20064": {
            "year_quarter": 20064,
            "year": 2006,
            "quarter": 4,
            "eps": null,
            "eps_growth_year": null,
            "eps_4q": null,
            "eps_4q_growth_year": null,
            "roe": null,
            "roe_4q": 0,
            "gross_profit": null,
            "gross_margin": null,
            "gross_margin_4q_avg": 0,
            "net_income": null,
            "revenue": null,
            "common_shares": 110000,
            "book_valuer_per_share": 11.36,
            "book_valuer_per_share_4q_avg": 2.84,
            "equity": 124922,
            "current_ratio": 215.95,
            "debt_ratio": 31.3,
            "inventory_turnover_ratio": null,
            "account_receivable_turnover_ratio": null,
            "reinvestment_rate": null,
            "research_to_sale_ratio": null,
            "price_fair": 0,
            "eps_avg_yearly": 0,
            "eps_latest_yearly": 0,
            "eps_growth_yearly": 0
        },
        "20071": {
            "year_quarter": 20071,
            "year": 2007,
            "quarter": 1,
            "eps": null,
            "eps_growth_year": null,
            "eps_4q": null,
            "eps_4q_growth_year": null,
            "roe": null,
            "roe_4q": 0,
            "gross_profit": null,
            "gross_margin": null,
            "gross_margin_4q_avg": 0,
            "net_income": null,
            "revenue": null,
            "common_shares": null,
            "book_valuer_per_share": null,
            "book_valuer_per_share_4q_avg": 2.84,
            "equity": null,
            "current_ratio": null,
            "debt_ratio": null,
            "inventory_turnover_ratio": null,
            "account_receivable_turnover_ratio": null,
            "reinvestment_rate": null,
            "research_to_sale_ratio": null,
            "price_fair": 0,
            "eps_avg_yearly": 0,
            "eps_latest_yearly": 0,
            "eps_growth_yearly": 0
        },
        "20072": {
            "year_quarter": 20072,
            "year": 2007,
            "quarter": 2,
            "eps": null,
            "eps_growth_year": null,
            "eps_4q": null,
            "eps_4q_growth_year": null,
            "roe": null,
            "roe_4q": 0,
            "gross_profit": null,
            "gross_margin": null,
            "gross_margin_4q_avg": 0,
            "net_income": null,
            "revenue": null,
            "common_shares": null,
            "book_valuer_per_share": null,
            "book_valuer_per_share_4q_avg": 2.84,
            "equity": null,
            "current_ratio": null,
            "debt_ratio": null,
            "inventory_turnover_ratio": null,
            "account_receivable_turnover_ratio": null,
            "reinvestment_rate": null,
            "research_to_sale_ratio": null,
            "price_fair": 0,
            "eps_avg_yearly": 0,
            "eps_latest_yearly": 0,
            "eps_growth_yearly": 0
        },
        "20073": {
            "year_quarter": 20073,
            "year": 2007,
            "quarter": 3,
            "eps": null,
            "eps_growth_year": null,
            "eps_4q": null,
            "eps_4q_growth_year": null,
            "roe": null,
            "roe_4q": 0,
            "gross_profit": null,
            "gross_margin": null,
            "gross_margin_4q_avg": 0,
            "net_income": null,
            "revenue": null,
            "common_shares": null,
            "book_valuer_per_share": null,
            "book_valuer_per_share_4q_avg": 2.84,
            "equity": null,
            "current_ratio": null,
            "debt_ratio": null,
            "inventory_turnover_ratio": null,
            "account_receivable_turnover_ratio": null,
            "reinvestment_rate": null,
            "research_to_sale_ratio": null,
            "price_fair": 0,
            "eps_avg_yearly": 0,
            "eps_latest_yearly": 0,
            "eps_growth_yearly": 0
        },
        "20074": {
            "year_quarter": 20074,
            "year": 2007,
            "quarter": 4,
            "eps": null,
            "eps_growth_year": null,
            "eps_4q": null,
            "eps_4q_growth_year": null,
            "roe": null,
            "roe_4q": 0,
            "gross_profit": null,
            "gross_margin": null,
            "gross_margin_4q_avg": 0,
            "net_income": null,
            "revenue": null,
            "common_shares": 150296,
            "book_valuer_per_share": 13.55,
            "book_valuer_per_share_4q_avg": 3.39,
            "equity": 203582,
            "current_ratio": 203.87,
            "debt_ratio": 35.19,
            "inventory_turnover_ratio": null,
            "account_receivable_turnover_ratio": null,
            "reinvestment_rate": null,
            "research_to_sale_ratio": null,
            "price_fair": 0,
            "eps_avg_yearly": 0,
            "eps_latest_yearly": 0,
            "eps_growth_yearly": 0
        },
        "20081": {
            "year_quarter": 20081,
            "year": 2008,
            "quarter": 1,
            "eps": null,
            "eps_growth_year": null,
            "eps_4q": null,
            "eps_4q_growth_year": null,
            "roe": null,
            "roe_4q": 0,
            "gross_profit": null,
            "gross_margin": null,
            "gross_margin_4q_avg": 0,
            "net_income": null,
            "revenue": null,
            "common_shares": null,
            "book_valuer_per_share": null,
            "book_valuer_per_share_4q_avg": 3.39,
            "equity": null,
            "current_ratio": null,
            "debt_ratio": null,
            "inventory_turnover_ratio": null,
            "account_receivable_turnover_ratio": null,
            "reinvestment_rate": null,
            "research_to_sale_ratio": null,
            "price_fair": 0,
            "eps_avg_yearly": 0,
            "eps_latest_yearly": 0,
            "eps_growth_yearly": 0
        },
        "20082": {
            "year_quarter": 20082,
            "year": 2008,
            "quarter": 2,
            "eps": null,
            "eps_growth_year": null,
            "eps_4q": null,
            "eps_4q_growth_year": null,
            "roe": null,
            "roe_4q": 0,
            "gross_profit": null,
            "gross_margin": null,
            "gross_margin_4q_avg": 0,
            "net_income": null,
            "revenue": null,
            "common_shares": null,
            "book_valuer_per_share": null,
            "book_valuer_per_share_4q_avg": 3.39,
            "equity": null,
            "current_ratio": null,
            "debt_ratio": null,
            "inventory_turnover_ratio": null,
            "account_receivable_turnover_ratio": null,
            "reinvestment_rate": null,
            "research_to_sale_ratio": null,
            "price_fair": 0,
            "eps_avg_yearly": 0,
            "eps_latest_yearly": 0,
            "eps_growth_yearly": 0
        },
        "20083": {
            "year_quarter": 20083,
            "year": 2008,
            "quarter": 3,
            "eps": null,
            "eps_growth_year": null,
            "eps_4q": null,
            "eps_4q_growth_year": null,
            "roe": null,
            "roe_4q": 0,
            "gross_profit": null,
            "gross_margin": null,
            "gross_margin_4q_avg": 0,
            "net_income": null,
            "revenue": null,
            "common_shares": null,
            "book_valuer_per_share": null,
            "book_valuer_per_share_4q_avg": 3.39,
            "equity": null,
            "current_ratio": null,
            "debt_ratio": null,
            "inventory_turnover_ratio": null,
            "account_receivable_turnover_ratio": null,
            "reinvestment_rate": null,
            "research_to_sale_ratio": null,
            "price_fair": 0,
            "eps_avg_yearly": 0,
            "eps_latest_yearly": 0,
            "eps_growth_yearly": 0
        },
        "20084": {
            "year_quarter": 20084,
            "year": 2008,
            "quarter": 4,
            "eps": null,
            "eps_growth_year": null,
            "eps_4q": null,
            "eps_4q_growth_year": null,
            "roe": null,
            "roe_4q": 0,
            "gross_profit": null,
            "gross_margin": null,
            "gross_margin_4q_avg": 0,
            "net_income": null,
            "revenue": null,
            "common_shares": 221253,
            "book_valuer_per_share": 12.62,
            "book_valuer_per_share_4q_avg": 3.16,
            "equity": 279244,
            "current_ratio": 521.4,
            "debt_ratio": 11.54,
            "inventory_turnover_ratio": null,
            "account_receivable_turnover_ratio": null,
            "reinvestment_rate": null,
            "research_to_sale_ratio": null,
            "price_fair": 0,
            "eps_avg_yearly": 0,
            "eps_latest_yearly": 0,
            "eps_growth_yearly": 0
        },
        "20091": {
            "year_quarter": 20091,
            "year": 2009,
            "quarter": 1,
            "eps": null,
            "eps_growth_year": null,
            "eps_4q": null,
            "eps_4q_growth_year": null,
            "roe": null,
            "roe_4q": 0,
            "gross_profit": null,
            "gross_margin": null,
            "gross_margin_4q_avg": 0,
            "net_income": null,
            "revenue": null,
            "common_shares": null,
            "book_valuer_per_share": null,
            "book_valuer_per_share_4q_avg": 3.16,
            "equity": null,
            "current_ratio": null,
            "debt_ratio": null,
            "inventory_turnover_ratio": null,
            "account_receivable_turnover_ratio": null,
            "reinvestment_rate": null,
            "research_to_sale_ratio": null,
            "price_fair": 0,
            "eps_avg_yearly": 0,
            "eps_latest_yearly": 0,
            "eps_growth_yearly": 0
        },
        "20092": {
            "year_quarter": 20092,
            "year": 2009,
            "quarter": 2,
            "eps": null,
            "eps_growth_year": null,
            "eps_4q": null,
            "eps_4q_growth_year": null,
            "roe": null,
            "roe_4q": 0,
            "gross_profit": null,
            "gross_margin": null,
            "gross_margin_4q_avg": 0,
            "net_income": null,
            "revenue": null,
            "common_shares": null,
            "book_valuer_per_share": null,
            "book_valuer_per_share_4q_avg": 3.16,
            "equity": null,
            "current_ratio": null,
            "debt_ratio": null,
            "inventory_turnover_ratio": null,
            "account_receivable_turnover_ratio": null,
            "reinvestment_rate": null,
            "research_to_sale_ratio": null,
            "price_fair": 0,
            "eps_avg_yearly": 0,
            "eps_latest_yearly": 0,
            "eps_growth_yearly": 0
        },
        "20093": {
            "year_quarter": 20093,
            "year": 2009,
            "quarter": 3,
            "eps": null,
            "eps_growth_year": null,
            "eps_4q": null,
            "eps_4q_growth_year": null,
            "roe": null,
            "roe_4q": 0,
            "gross_profit": null,
            "gross_margin": null,
            "gross_margin_4q_avg": 0,
            "net_income": null,
            "revenue": null,
            "common_shares": null,
            "book_valuer_per_share": null,
            "book_valuer_per_share_4q_avg": 3.16,
            "equity": null,
            "current_ratio": null,
            "debt_ratio": null,
            "inventory_turnover_ratio": null,
            "account_receivable_turnover_ratio": null,
            "reinvestment_rate": null,
            "research_to_sale_ratio": null,
            "price_fair": 0,
            "eps_avg_yearly": 0,
            "eps_latest_yearly": 0,
            "eps_growth_yearly": 0
        },
        "20094": {
            "year_quarter": 20094,
            "year": 2009,
            "quarter": 4,
            "eps": null,
            "eps_growth_year": null,
            "eps_4q": null,
            "eps_4q_growth_year": null,
            "roe": null,
            "roe_4q": 0,
            "gross_profit": null,
            "gross_margin": null,
            "gross_margin_4q_avg": 0,
            "net_income": null,
            "revenue": null,
            "common_shares": 241166,
            "book_valuer_per_share": 10.59,
            "book_valuer_per_share_4q_avg": 2.65,
            "equity": 255371,
            "current_ratio": 469.97,
            "debt_ratio": 14.91,
            "inventory_turnover_ratio": null,
            "account_receivable_turnover_ratio": null,
            "reinvestment_rate": null,
            "research_to_sale_ratio": null,
            "price_fair": 0,
            "eps_avg_yearly": 0,
            "eps_latest_yearly": 0,
            "eps_growth_yearly": 0
        },
        "20101": {
            "year_quarter": 20101,
            "year": 2010,
            "quarter": 1,
            "eps": null,
            "eps_growth_year": null,
            "eps_4q": null,
            "eps_4q_growth_year": null,
            "roe": null,
            "roe_4q": 0,
            "gross_profit": null,
            "gross_margin": null,
            "gross_margin_4q_avg": 0,
            "net_income": null,
            "revenue": null,
            "common_shares": null,
            "book_valuer_per_share": null,
            "book_valuer_per_share_4q_avg": 2.65,
            "equity": null,
            "current_ratio": null,
            "debt_ratio": null,
            "inventory_turnover_ratio": null,
            "account_receivable_turnover_ratio": null,
            "reinvestment_rate": null,
            "research_to_sale_ratio": null,
            "price_fair": 0,
            "eps_avg_yearly": 0,
            "eps_latest_yearly": 0,
            "eps_growth_yearly": 0
        },
        "20102": {
            "year_quarter": 20102,
            "year": 2010,
            "quarter": 2,
            "eps": null,
            "eps_growth_year": null,
            "eps_4q": null,
            "eps_4q_growth_year": null,
            "roe": null,
            "roe_4q": 0,
            "gross_profit": null,
            "gross_margin": null,
            "gross_margin_4q_avg": 0,
            "net_income": null,
            "revenue": null,
            "common_shares": null,
            "book_valuer_per_share": null,
            "book_valuer_per_share_4q_avg": 2.65,
            "equity": null,
            "current_ratio": null,
            "debt_ratio": null,
            "inventory_turnover_ratio": null,
            "account_receivable_turnover_ratio": null,
            "reinvestment_rate": null,
            "research_to_sale_ratio": null,
            "price_fair": 0,
            "eps_avg_yearly": 0,
            "eps_latest_yearly": 0,
            "eps_growth_yearly": 0
        },
        "20103": {
            "year_quarter": 20103,
            "year": 2010,
            "quarter": 3,
            "eps": null,
            "eps_growth_year": null,
            "eps_4q": null,
            "eps_4q_growth_year": null,
            "roe": null,
            "roe_4q": 0,
            "gross_profit": null,
            "gross_margin": null,
            "gross_margin_4q_avg": 0,
            "net_income": null,
            "revenue": null,
            "common_shares": null,
            "book_valuer_per_share": null,
            "book_valuer_per_share_4q_avg": 2.65,
            "equity": null,
            "current_ratio": null,
            "debt_ratio": null,
            "inventory_turnover_ratio": null,
            "account_receivable_turnover_ratio": null,
            "reinvestment_rate": null,
            "research_to_sale_ratio": null,
            "price_fair": 0,
            "eps_avg_yearly": 0,
            "eps_latest_yearly": 0,
            "eps_growth_yearly": 0
        },
        "20104": {
            "year_quarter": 20104,
            "year": 2010,
            "quarter": 4,
            "eps": null,
            "eps_growth_year": null,
            "eps_4q": null,
            "eps_4q_growth_year": null,
            "roe": null,
            "roe_4q": 0,
            "gross_profit": null,
            "gross_margin": null,
            "gross_margin_4q_avg": 0,
            "net_income": null,
            "revenue": null,
            "common_shares": 241166,
            "book_valuer_per_share": 9.42,
            "book_valuer_per_share_4q_avg": 2.36,
            "equity": 228041,
            "current_ratio": 468.31,
            "debt_ratio": 12.4,
            "inventory_turnover_ratio": null,
            "account_receivable_turnover_ratio": null,
            "reinvestment_rate": null,
            "research_to_sale_ratio": null,
            "price_fair": 0,
            "eps_avg_yearly": 0,
            "eps_latest_yearly": 0,
            "eps_growth_yearly": 0
        },
        "20111": {
            "year_quarter": 20111,
            "year": 2011,
            "quarter": 1,
            "eps": null,
            "eps_growth_year": null,
            "eps_4q": null,
            "eps_4q_growth_year": null,
            "roe": null,
            "roe_4q": 0,
            "gross_profit": null,
            "gross_margin": null,
            "gross_margin_4q_avg": 0,
            "net_income": null,
            "revenue": null,
            "common_shares": null,
            "book_valuer_per_share": null,
            "book_valuer_per_share_4q_avg": 2.36,
            "equity": null,
            "current_ratio": null,
            "debt_ratio": null,
            "inventory_turnover_ratio": null,
            "account_receivable_turnover_ratio": null,
            "reinvestment_rate": null,
            "research_to_sale_ratio": null,
            "price_fair": 0,
            "eps_avg_yearly": 0,
            "eps_latest_yearly": 0,
            "eps_growth_yearly": 0
        },
        "20112": {
            "year_quarter": 20112,
            "year": 2011,
            "quarter": 2,
            "eps": null,
            "eps_growth_year": null,
            "eps_4q": null,
            "eps_4q_growth_year": null,
            "roe": null,
            "roe_4q": 0,
            "gross_profit": null,
            "gross_margin": null,
            "gross_margin_4q_avg": 0,
            "net_income": null,
            "revenue": null,
            "common_shares": null,
            "book_valuer_per_share": null,
            "book_valuer_per_share_4q_avg": 2.36,
            "equity": null,
            "current_ratio": null,
            "debt_ratio": null,
            "inventory_turnover_ratio": null,
            "account_receivable_turnover_ratio": null,
            "reinvestment_rate": null,
            "research_to_sale_ratio": null,
            "price_fair": 0,
            "eps_avg_yearly": 0,
            "eps_latest_yearly": 0,
            "eps_growth_yearly": 0
        },
        "20113": {
            "year_quarter": 20113,
            "year": 2011,
            "quarter": 3,
            "eps": null,
            "eps_growth_year": null,
            "eps_4q": null,
            "eps_4q_growth_year": null,
            "roe": null,
            "roe_4q": 0,
            "gross_profit": null,
            "gross_margin": null,
            "gross_margin_4q_avg": 0,
            "net_income": null,
            "revenue": null,
            "common_shares": null,
            "book_valuer_per_share": null,
            "book_valuer_per_share_4q_avg": 2.36,
            "equity": null,
            "current_ratio": null,
            "debt_ratio": null,
            "inventory_turnover_ratio": null,
            "account_receivable_turnover_ratio": null,
            "reinvestment_rate": null,
            "research_to_sale_ratio": null,
            "price_fair": 0,
            "eps_avg_yearly": 0,
            "eps_latest_yearly": 0,
            "eps_growth_yearly": 0
        },
        "20114": {
            "year_quarter": 20114,
            "year": 2011,
            "quarter": 4,
            "eps": null,
            "eps_growth_year": null,
            "eps_4q": null,
            "eps_4q_growth_year": null,
            "roe": null,
            "roe_4q": 0,
            "gross_profit": null,
            "gross_margin": null,
            "gross_margin_4q_avg": 0,
            "net_income": null,
            "revenue": null,
            "common_shares": 241166,
            "book_valuer_per_share": 8.02,
            "book_valuer_per_share_4q_avg": 2.01,
            "equity": 194256,
            "current_ratio": 257.19,
            "debt_ratio": 33.29,
            "inventory_turnover_ratio": null,
            "account_receivable_turnover_ratio": null,
            "reinvestment_rate": null,
            "research_to_sale_ratio": null,
            "price_fair": 0,
            "eps_avg_yearly": 0,
            "eps_latest_yearly": 0,
            "eps_growth_yearly": 0
        },
        "20121": {
            "year_quarter": 20121,
            "year": 2012,
            "quarter": 1,
            "eps": null,
            "eps_growth_year": null,
            "eps_4q": null,
            "eps_4q_growth_year": null,
            "roe": null,
            "roe_4q": 0,
            "gross_profit": null,
            "gross_margin": null,
            "gross_margin_4q_avg": 0,
            "net_income": null,
            "revenue": null,
            "common_shares": null,
            "book_valuer_per_share": null,
            "book_valuer_per_share_4q_avg": 2.01,
            "equity": null,
            "current_ratio": null,
            "debt_ratio": null,
            "inventory_turnover_ratio": null,
            "account_receivable_turnover_ratio": null,
            "reinvestment_rate": null,
            "research_to_sale_ratio": null,
            "price_fair": 0,
            "eps_avg_yearly": 0,
            "eps_latest_yearly": 0,
            "eps_growth_yearly": 0
        },
        "20122": {
            "year_quarter": 20122,
            "year": 2012,
            "quarter": 2,
            "eps": null,
            "eps_growth_year": null,
            "eps_4q": null,
            "eps_4q_growth_year": null,
            "roe": null,
            "roe_4q": 0,
            "gross_profit": null,
            "gross_margin": null,
            "gross_margin_4q_avg": 0,
            "net_income": null,
            "revenue": null,
            "common_shares": null,
            "book_valuer_per_share": null,
            "book_valuer_per_share_4q_avg": 2.01,
            "equity": null,
            "current_ratio": null,
            "debt_ratio": null,
            "inventory_turnover_ratio": null,
            "account_receivable_turnover_ratio": null,
            "reinvestment_rate": null,
            "research_to_sale_ratio": null,
            "price_fair": 0,
            "eps_avg_yearly": 0,
            "eps_latest_yearly": 0,
            "eps_growth_yearly": 0
        },
        "20123": {
            "year_quarter": 20123,
            "year": 2012,
            "quarter": 3,
            "eps": null,
            "eps_growth_year": null,
            "eps_4q": null,
            "eps_4q_growth_year": null,
            "roe": null,
            "roe_4q": 0,
            "gross_profit": null,
            "gross_margin": null,
            "gross_margin_4q_avg": 0,
            "net_income": null,
            "revenue": null,
            "common_shares": null,
            "book_valuer_per_share": null,
            "book_valuer_per_share_4q_avg": 2.01,
            "equity": null,
            "current_ratio": null,
            "debt_ratio": null,
            "inventory_turnover_ratio": null,
            "account_receivable_turnover_ratio": null,
            "reinvestment_rate": null,
            "research_to_sale_ratio": null,
            "price_fair": 0,
            "eps_avg_yearly": 0,
            "eps_latest_yearly": 0,
            "eps_growth_yearly": 0
        },
        "20124": {
            "year_quarter": 20124,
            "year": 2012,
            "quarter": 4,
            "eps": null,
            "eps_growth_year": null,
            "eps_4q": null,
            "eps_4q_growth_year": null,
            "roe": null,
            "roe_4q": 0,
            "gross_profit": null,
            "gross_margin": null,
            "gross_margin_4q_avg": 0,
            "net_income": null,
            "revenue": null,
            "common_shares": 241166,
            "book_valuer_per_share": 8.4,
            "book_valuer_per_share_4q_avg": 2.1,
            "equity": 204222,
            "current_ratio": 299.73,
            "debt_ratio": 35.34,
            "inventory_turnover_ratio": null,
            "account_receivable_turnover_ratio": null,
            "reinvestment_rate": null,
            "research_to_sale_ratio": null,
            "price_fair": 0,
            "eps_avg_yearly": 0,
            "eps_latest_yearly": 0,
            "eps_growth_yearly": 0
        },
        "20131": {
            "year_quarter": 20131,
            "year": 2013,
            "quarter": 1,
            "eps": null,
            "eps_growth_year": null,
            "eps_4q": null,
            "eps_4q_growth_year": null,
            "roe": null,
            "roe_4q": 0,
            "gross_profit": null,
            "gross_margin": null,
            "gross_margin_4q_avg": 0,
            "net_income": null,
            "revenue": null,
            "common_shares": null,
            "book_valuer_per_share": null,
            "book_valuer_per_share_4q_avg": 2.1,
            "equity": null,
            "current_ratio": null,
            "debt_ratio": null,
            "inventory_turnover_ratio": null,
            "account_receivable_turnover_ratio": null,
            "reinvestment_rate": null,
            "research_to_sale_ratio": null,
            "price_fair": 0,
            "eps_avg_yearly": 0,
            "eps_latest_yearly": 0,
            "eps_growth_yearly": 0
        },
        "20132": {
            "year_quarter": 20132,
            "year": 2013,
            "quarter": 2,
            "eps": null,
            "eps_growth_year": null,
            "eps_4q": null,
            "eps_4q_growth_year": null,
            "roe": null,
            "roe_4q": 0,
            "gross_profit": null,
            "gross_margin": null,
            "gross_margin_4q_avg": 0,
            "net_income": null,
            "revenue": null,
            "common_shares": 241166,
            "book_valuer_per_share": null,
            "book_valuer_per_share_4q_avg": 2.1,
            "equity": 225945,
            "current_ratio": null,
            "debt_ratio": null,
            "inventory_turnover_ratio": null,
            "account_receivable_turnover_ratio": null,
            "reinvestment_rate": null,
            "research_to_sale_ratio": null,
            "price_fair": 0,
            "eps_avg_yearly": 0,
            "eps_latest_yearly": 0,
            "eps_growth_yearly": 0
        },
        "20133": {
            "year_quarter": 20133,
            "year": 2013,
            "quarter": 3,
            "eps": null,
            "eps_growth_year": null,
            "eps_4q": null,
            "eps_4q_growth_year": null,
            "roe": null,
            "roe_4q": 0,
            "gross_profit": 40264,
            "gross_margin": null,
            "gross_margin_4q_avg": 0,
            "net_income": 8912,
            "revenue": 154135,
            "common_shares": 241166,
            "book_valuer_per_share": null,
            "book_valuer_per_share_4q_avg": 2.1,
            "equity": 236156,
            "current_ratio": null,
            "debt_ratio": null,
            "inventory_turnover_ratio": null,
            "account_receivable_turnover_ratio": null,
            "reinvestment_rate": null,
            "research_to_sale_ratio": null,
            "price_fair": 0,
            "eps_avg_yearly": 0,
            "eps_latest_yearly": 0,
            "eps_growth_yearly": 0
        },
        "20134": {
            "year_quarter": 20134,
            "year": 2013,
            "quarter": 4,
            "eps": null,
            "eps_growth_year": null,
            "eps_4q": null,
            "eps_4q_growth_year": null,
            "roe": null,
            "roe_4q": 0,
            "gross_profit": 61319,
            "gross_margin": null,
            "gross_margin_4q_avg": 0,
            "net_income": 18585,
            "revenue": 147930,
            "common_shares": 245166,
            "book_valuer_per_share": 10.49,
            "book_valuer_per_share_4q_avg": 2.62,
            "equity": 260918,
            "current_ratio": 260.42,
            "debt_ratio": 36.38,
            "inventory_turnover_ratio": null,
            "account_receivable_turnover_ratio": null,
            "reinvestment_rate": null,
            "research_to_sale_ratio": null,
            "price_fair": 0,
            "eps_avg_yearly": 0,
            "eps_latest_yearly": 0,
            "eps_growth_yearly": 0
        },
        "20141": {
            "year_quarter": 20141,
            "year": 2014,
            "quarter": 1,
            "eps": null,
            "eps_growth_year": null,
            "eps_4q": null,
            "eps_4q_growth_year": null,
            "roe": null,
            "roe_4q": 0,
            "gross_profit": 79603,
            "gross_margin": null,
            "gross_margin_4q_avg": 0,
            "net_income": 35153,
            "revenue": 196831,
            "common_shares": 245166,
            "book_valuer_per_share": 11.87,
            "book_valuer_per_share_4q_avg": 5.59,
            "equity": 295823,
            "current_ratio": 257.97,
            "debt_ratio": 37.03,
            "inventory_turnover_ratio": null,
            "account_receivable_turnover_ratio": null,
            "reinvestment_rate": null,
            "research_to_sale_ratio": null,
            "price_fair": 0,
            "eps_avg_yearly": 0,
            "eps_latest_yearly": 0,
            "eps_growth_yearly": 0
        },
        "20142": {
            "year_quarter": 20142,
            "year": 2014,
            "quarter": 2,
            "eps": 0.97,
            "eps_growth_year": null,
            "eps_4q": 0.97,
            "eps_4q_growth_year": null,
            "roe": 8.6,
            "roe_4q": 8.6,
            "gross_profit": 72113,
            "gross_margin": 35.74,
            "gross_margin_4q_avg": 8.94,
            "net_income": 26379,
            "revenue": 201746,
            "common_shares": 245166,
            "book_valuer_per_share": 12.65,
            "book_valuer_per_share_4q_avg": 8.75,
            "equity": 317973,
            "current_ratio": 337.15,
            "debt_ratio": 26.72,
            "inventory_turnover_ratio": 1.44,
            "account_receivable_turnover_ratio": 6.33,
            "reinvestment_rate": null,
            "research_to_sale_ratio": null,
            "price_fair": 0,
            "eps_avg_yearly": 0,
            "eps_latest_yearly": 0,
            "eps_growth_yearly": 0
        },
        "20143": {
            "year_quarter": 20143,
            "year": 2014,
            "quarter": 3,
            "eps": 0.63,
            "eps_growth_year": null,
            "eps_4q": 1.59,
            "eps_4q_growth_year": null,
            "roe": 5.18,
            "roe_4q": 13.78,
            "gross_profit": 56054,
            "gross_margin": 34.01,
            "gross_margin_4q_avg": 17.44,
            "net_income": 16844,
            "revenue": 164818,
            "common_shares": 250069,
            "book_valuer_per_share": 12.96,
            "book_valuer_per_share_4q_avg": 11.99,
            "equity": 332015,
            "current_ratio": 287.21,
            "debt_ratio": 29.83,
            "inventory_turnover_ratio": 1.42,
            "account_receivable_turnover_ratio": 2.68,
            "reinvestment_rate": null,
            "research_to_sale_ratio": 6.88,
            "price_fair": 7.56,
            "eps_avg_yearly": 2.52,
            "eps_latest_yearly": 2.52,
            "eps_growth_yearly": -140.21
        },
        "20144": {
            "year_quarter": 20144,
            "year": 2014,
            "quarter": 4,
            "eps": 0.71,
            "eps_growth_year": null,
            "eps_4q": 2.3,
            "eps_4q_growth_year": null,
            "roe": 4.96,
            "roe_4q": 18.740000000000002,
            "gross_profit": 64639,
            "gross_margin": 34.81,
            "gross_margin_4q_avg": 26.14,
            "net_income": 16891,
            "revenue": 185706,
            "common_shares": 250069,
            "book_valuer_per_share": 13.66,
            "book_valuer_per_share_4q_avg": 12.79,
            "equity": 348564,
            "current_ratio": 249.21,
            "debt_ratio": 33.8,
            "inventory_turnover_ratio": 1.46,
            "account_receivable_turnover_ratio": 2.71,
            "reinvestment_rate": null,
            "research_to_sale_ratio": 7.23,
            "price_fair": 8.04,
            "eps_avg_yearly": 2.68,
            "eps_latest_yearly": 2.84,
            "eps_growth_yearly": -44.71
        },
        "20151": {
            "year_quarter": 20151,
            "year": 2015,
            "quarter": 1,
            "eps": 1.04,
            "eps_growth_year": null,
            "eps_4q": 3.33,
            "eps_4q_growth_year": null,
            "roe": 7.33,
            "roe_4q": 26.07,
            "gross_profit": 76753,
            "gross_margin": 35.8,
            "gross_margin_4q_avg": 35.09,
            "net_income": 26414,
            "revenue": 214424,
            "common_shares": 250069,
            "book_valuer_per_share": 14.58,
            "book_valuer_per_share_4q_avg": 13.46,
            "equity": 371940,
            "current_ratio": 268.64,
            "debt_ratio": 30.54,
            "inventory_turnover_ratio": 1.54,
            "account_receivable_turnover_ratio": 2.9,
            "reinvestment_rate": null,
            "research_to_sale_ratio": 5.51,
            "price_fair": 111.07,
            "eps_avg_yearly": 3.17,
            "eps_latest_yearly": 4.16,
            "eps_growth_yearly": 32.17
        },
        "20152": {
            "year_quarter": 20152,
            "year": 2015,
            "quarter": 2,
            "eps": 0.77,
            "eps_growth_year": -20.47,
            "eps_4q": 2.77,
            "eps_4q_growth_year": 185.67,
            "roe": 5.58,
            "roe_4q": 23.05,
            "gross_profit": 68847,
            "gross_margin": 31.84,
            "gross_margin_4q_avg": 34.12,
            "net_income": 23307,
            "revenue": 216225,
            "common_shares": 280069,
            "book_valuer_per_share": 16.33,
            "book_valuer_per_share_4q_avg": 14.38,
            "equity": 463827,
            "current_ratio": 222.56,
            "debt_ratio": 34.56,
            "inventory_turnover_ratio": 1.54,
            "account_receivable_turnover_ratio": 3.51,
            "reinvestment_rate": null,
            "research_to_sale_ratio": 4.52,
            "price_fair": 9.45,
            "eps_avg_yearly": 3.15,
            "eps_latest_yearly": 3.08,
            "eps_growth_yearly": -1.84
        },
        "20153": {
            "year_quarter": 20153,
            "year": 2015,
            "quarter": 3,
            "eps": 0.98,
            "eps_growth_year": 55.56,
            "eps_4q": 3.21,
            "eps_4q_growth_year": 101.67,
            "roe": 6.16,
            "roe_4q": 24.03,
            "gross_profit": 66892,
            "gross_margin": 32.26,
            "gross_margin_4q_avg": 33.68,
            "net_income": 29556,
            "revenue": 207371,
            "common_shares": 294072,
            "book_valuer_per_share": 16.59,
            "book_valuer_per_share_4q_avg": 15.29,
            "equity": 495284,
            "current_ratio": 304.52,
            "debt_ratio": 25.19,
            "inventory_turnover_ratio": 1.17,
            "account_receivable_turnover_ratio": 3.58,
            "reinvestment_rate": null,
            "research_to_sale_ratio": 5.33,
            "price_fair": 100.27,
            "eps_avg_yearly": 3.3,
            "eps_latest_yearly": 3.92,
            "eps_growth_yearly": 20.35
        },
        "20154": {
            "year_quarter": 20154,
            "year": 2015,
            "quarter": 4,
            "eps": 0.51,
            "eps_growth_year": -27.54,
            "eps_4q": 3.12,
            "eps_4q_growth_year": 35.95,
            "roe": 3,
            "roe_4q": 22.07,
            "gross_profit": 62775,
            "gross_margin": 31.41,
            "gross_margin_4q_avg": 32.83,
            "net_income": 15075,
            "revenue": 199867,
            "common_shares": 294072,
            "book_valuer_per_share": 17.09,
            "book_valuer_per_share_4q_avg": 16.15,
            "equity": 510003,
            "current_ratio": 332.83,
            "debt_ratio": 22.74,
            "inventory_turnover_ratio": 1.19,
            "account_receivable_turnover_ratio": 3.62,
            "reinvestment_rate": null,
            "research_to_sale_ratio": 6.49,
            "price_fair": 9.28,
            "eps_avg_yearly": 3.09,
            "eps_latest_yearly": 2.04,
            "eps_growth_yearly": -15.01
        },
        "20161": {
            "year_quarter": 20161,
            "year": 2016,
            "quarter": 1,
            "eps": 0.56,
            "eps_growth_year": -46.15,
            "eps_4q": 2.8,
            "eps_4q_growth_year": -15.97,
            "roe": 3.32,
            "roe_4q": 18.060000000000002,
            "gross_profit": 71043,
            "gross_margin": 36.59,
            "gross_margin_4q_avg": 33.03,
            "net_income": 17292,
            "revenue": 194138,
            "common_shares": 294072,
            "book_valuer_per_share": 17.67,
            "book_valuer_per_share_4q_avg": 16.92,
            "equity": 531735,
            "current_ratio": 344.6,
            "debt_ratio": 22.09,
            "inventory_turnover_ratio": 1.16,
            "account_receivable_turnover_ratio": 3.19,
            "reinvestment_rate": null,
            "research_to_sale_ratio": 8.16,
            "price_fair": 8.91,
            "eps_avg_yearly": 2.97,
            "eps_latest_yearly": 2.24,
            "eps_growth_yearly": -7.27
        },
        "20162": {
            "year_quarter": 20162,
            "year": 2016,
            "quarter": 2,
            "eps": 0.59,
            "eps_growth_year": -23.38,
            "eps_4q": 2.53,
            "eps_4q_growth_year": -8.66,
            "roe": 3.82,
            "roe_4q": 16.3,
            "gross_profit": 74167,
            "gross_margin": 33.76,
            "gross_margin_4q_avg": 33.51,
            "net_income": 19572,
            "revenue": 219707,
            "common_shares": 294072,
            "book_valuer_per_share": 16.42,
            "book_valuer_per_share_4q_avg": 16.94,
            "equity": 492280,
            "current_ratio": 231.06,
            "debt_ratio": 33.21,
            "inventory_turnover_ratio": 1.21,
            "account_receivable_turnover_ratio": 3.21,
            "reinvestment_rate": null,
            "research_to_sale_ratio": 7.33,
            "price_fair": 8.69,
            "eps_avg_yearly": 2.9,
            "eps_latest_yearly": 2.36,
            "eps_growth_yearly": -3.68
        },
        "20163": {
            "year_quarter": 20163,
            "year": 2016,
            "quarter": 3,
            "eps": 0.61,
            "eps_growth_year": -37.76,
            "eps_4q": 2.22,
            "eps_4q_growth_year": -31.02,
            "roe": 3.96,
            "roe_4q": 14.1,
            "gross_profit": 83510,
            "gross_margin": 32.58,
            "gross_margin_4q_avg": 33.59,
            "net_income": 19842,
            "revenue": 256293,
            "common_shares": 311716,
            "book_valuer_per_share": 16.06,
            "book_valuer_per_share_4q_avg": 16.81,
            "equity": 510080,
            "current_ratio": 331.05,
            "debt_ratio": 22.49,
            "inventory_turnover_ratio": 1.4,
            "account_receivable_turnover_ratio": 3.54,
            "reinvestment_rate": null,
            "research_to_sale_ratio": 6.34,
            "price_fair": 8.53,
            "eps_avg_yearly": 2.84,
            "eps_latest_yearly": 2.44,
            "eps_growth_yearly": -1.77
        },
        "20164": {
            "year_quarter": 20164,
            "year": 2016,
            "quarter": 4,
            "eps": 0.51,
            "eps_growth_year": -0.39,
            "eps_4q": 2.24,
            "eps_4q_growth_year": -28.2,
            "roe": 3.3,
            "roe_4q": 14.4,
            "gross_profit": 70743,
            "gross_margin": 37.53,
            "gross_margin_4q_avg": 35.12,
            "net_income": 17092,
            "revenue": 188477,
            "common_shares": 311716,
            "book_valuer_per_share": 16.56,
            "book_valuer_per_share_4q_avg": 16.68,
            "equity": 527214,
            "current_ratio": 368.9,
            "debt_ratio": 20.52,
            "inventory_turnover_ratio": 0.97,
            "account_receivable_turnover_ratio": 2.61,
            "reinvestment_rate": null,
            "research_to_sale_ratio": 8.95,
            "price_fair": 8.29,
            "eps_avg_yearly": 2.76,
            "eps_latest_yearly": 2.04,
            "eps_growth_yearly": -8.15
        },
        "20171": {
            "year_quarter": 20171,
            "year": 2017,
            "quarter": 1,
            "eps": 0.25,
            "eps_growth_year": -55.36,
            "eps_4q": 1.99,
            "eps_4q_growth_year": -28.88,
            "roe": 1.96,
            "roe_4q": 13.04,
            "gross_profit": 72891,
            "gross_margin": 41.32,
            "gross_margin_4q_avg": 36.3,
            "net_income": 10295,
            "revenue": 176407,
            "common_shares": 311716,
            "book_valuer_per_share": 16.52,
            "book_valuer_per_share_4q_avg": 16.39,
            "equity": 521093,
            "current_ratio": 351.87,
            "debt_ratio": 21.58,
            "inventory_turnover_ratio": 0.8,
            "account_receivable_turnover_ratio": 2.6,
            "reinvestment_rate": null,
            "research_to_sale_ratio": 8.34,
            "price_fair": 7.81,
            "eps_avg_yearly": 2.6,
            "eps_latest_yearly": 1,
            "eps_growth_yearly": -25.94
        },
        "20172": {
            "year_quarter": 20172,
            "year": 2017,
            "quarter": 2,
            "eps": 0.38,
            "eps_growth_year": -35.59,
            "eps_4q": 1.68,
            "eps_4q_growth_year": -33.59,
            "roe": 2.96,
            "roe_4q": 12.18,
            "gross_profit": 66064,
            "gross_margin": 38.59,
            "gross_margin_4q_avg": 37.51,
            "net_income": 15096,
            "revenue": 171209,
            "common_shares": 311716,
            "book_valuer_per_share": 15.81,
            "book_valuer_per_share_4q_avg": 16.24,
            "equity": 499617,
            "current_ratio": 374.51,
            "debt_ratio": 26.77,
            "inventory_turnover_ratio": 0.89,
            "account_receivable_turnover_ratio": 2.33,
            "reinvestment_rate": 19.57,
            "research_to_sale_ratio": 7.85,
            "price_fair": 7.54,
            "eps_avg_yearly": 2.51,
            "eps_latest_yearly": 1.52,
            "eps_growth_yearly": -6.45
        },
        "20173": {
            "year_quarter": 20173,
            "year": 2017,
            "quarter": 3,
            "eps": -0.04,
            "eps_growth_year": -106.56,
            "eps_4q": 1.07,
            "eps_4q_growth_year": -51.88,
            "roe": 0.09,
            "roe_4q": 8.309999999999999,
            "gross_profit": 49471,
            "gross_margin": 36.09,
            "gross_margin_4q_avg": 38.38,
            "net_income": 443,
            "revenue": 137073,
            "common_shares": 331683,
            "book_valuer_per_share": 14.91,
            "book_valuer_per_share_4q_avg": 15.95,
            "equity": 502240,
            "current_ratio": 410.05,
            "debt_ratio": 24.4,
            "inventory_turnover_ratio": 0.89,
            "account_receivable_turnover_ratio": 2.01,
            "reinvestment_rate": 21.08,
            "research_to_sale_ratio": 10.48,
            "price_fair": 7.54,
            "eps_avg_yearly": 2.51,
            "eps_latest_yearly": 1.52,
            "eps_growth_yearly": -6.45
        },
        "20174": {
            "year_quarter": 20174,
            "year": 2017,
            "quarter": 4,
            "eps": 0.11,
            "eps_growth_year": -77.61,
            "eps_4q": 0.7,
            "eps_4q_growth_year": -68.7,
            "roe": 1.02,
            "roe_4q": 6.03,
            "gross_profit": 64285,
            "gross_margin": 37.35,
            "gross_margin_4q_avg": 38.34,
            "net_income": 5092,
            "revenue": 172132,
            "common_shares": 331683,
            "book_valuer_per_share": 14.89,
            "book_valuer_per_share_4q_avg": 15.53,
            "equity": 496557,
            "current_ratio": 339.44,
            "debt_ratio": 27.71,
            "inventory_turnover_ratio": 1.1,
            "account_receivable_turnover_ratio": 2.49,
            "reinvestment_rate": 24.9,
            "research_to_sale_ratio": 9.41,
            "price_fair": 7.54,
            "eps_avg_yearly": 2.51,
            "eps_latest_yearly": 1.52,
            "eps_growth_yearly": -6.45
        },
        "20181": {
            "year_quarter": 20181,
            "year": 2018,
            "quarter": 1,
            "eps": 0.21,
            "eps_growth_year": -16,
            "eps_4q": 0.68,
            "eps_4q_growth_year": -66.05,
            "roe": 1.98,
            "roe_4q": 6.05,
            "gross_profit": 77536,
            "gross_margin": 36.78,
            "gross_margin_4q_avg": 37.2,
            "net_income": 9896,
            "revenue": 210791,
            "common_shares": 331683,
            "book_valuer_per_share": 15.01,
            "book_valuer_per_share_4q_avg": 15.16,
            "equity": 502537,
            "current_ratio": 323.74,
            "debt_ratio": 28.37,
            "inventory_turnover_ratio": 1.29,
            "account_receivable_turnover_ratio": 2.81,
            "reinvestment_rate": 27.97,
            "research_to_sale_ratio": 8.95,
            "price_fair": 76.35,
            "eps_avg_yearly": 2.38,
            "eps_latest_yearly": 0.84,
            "eps_growth_yearly": 22.02
        },
        "20182": {
            "year_quarter": 20182,
            "year": 2018,
            "quarter": 2,
            "eps": 0.08,
            "eps_growth_year": -78.95,
            "eps_4q": 0.36,
            "eps_4q_growth_year": -78.27,
            "roe": 0.8,
            "roe_4q": 3.89,
            "gross_profit": 59234,
            "gross_margin": 37.63,
            "gross_margin_4q_avg": 36.96,
            "net_income": 3937,
            "revenue": 157427,
            "common_shares": 331683,
            "book_valuer_per_share": 14.46,
            "book_valuer_per_share_4q_avg": 14.82,
            "equity": 479301,
            "current_ratio": 289.54,
            "debt_ratio": 30.27,
            "inventory_turnover_ratio": 0.89,
            "account_receivable_turnover_ratio": 2.11,
            "reinvestment_rate": 28.34,
            "research_to_sale_ratio": 11.24,
            "price_fair": 28.55,
            "eps_avg_yearly": 2.24,
            "eps_latest_yearly": 0.32,
            "eps_growth_yearly": 2.76
        },
        "20183": {
            "year_quarter": 20183,
            "year": 2018,
            "quarter": 3,
            "eps": -0.14,
            "eps_growth_year": null,
            "eps_4q": 0.26,
            "eps_4q_growth_year": -75.62,
            "roe": -0.56,
            "roe_4q": 3.2399999999999998,
            "gross_profit": 52621,
            "gross_margin": 34.3,
            "gross_margin_4q_avg": 36.52,
            "net_income": -2662,
            "revenue": 153413,
            "common_shares": 331683,
            "book_valuer_per_share": 14.35,
            "book_valuer_per_share_4q_avg": 14.68,
            "equity": 478036,
            "current_ratio": 269.16,
            "debt_ratio": 31.2,
            "inventory_turnover_ratio": 0.87,
            "account_receivable_turnover_ratio": 2.02,
            "reinvestment_rate": 29.69,
            "research_to_sale_ratio": 10.9,
            "price_fair": 52.63,
            "eps_avg_yearly": 2.22,
            "eps_latest_yearly": 0.32,
            "eps_growth_yearly": 13.76
        },
        "20184": {
            "year_quarter": 20184,
            "year": 2018,
            "quarter": 4,
            "eps": 0.18,
            "eps_growth_year": 61.07,
            "eps_4q": 0.33,
            "eps_4q_growth_year": -52.64,
            "roe": 1.52,
            "roe_4q": 3.74,
            "gross_profit": 59737,
            "gross_margin": 34.18,
            "gross_margin_4q_avg": 35.72,
            "net_income": 7234,
            "revenue": 174779,
            "common_shares": 331683,
            "book_valuer_per_share": 14.55,
            "book_valuer_per_share_4q_avg": 14.59,
            "equity": 476362,
            "current_ratio": 262.83,
            "debt_ratio": 31.53,
            "inventory_turnover_ratio": 1,
            "account_receivable_turnover_ratio": 2.09,
            "reinvestment_rate": 34.37,
            "research_to_sale_ratio": 8.76,
            "price_fair": 44.72,
            "eps_avg_yearly": 2.16,
            "eps_latest_yearly": 0.32,
            "eps_growth_yearly": 10.67
        },
        "20191": {
            "year_quarter": 20191,
            "year": 2019,
            "quarter": 1,
            "eps": 0.01,
            "eps_growth_year": -95.24,
            "eps_4q": 0.13,
            "eps_4q_growth_year": -81.5,
            "roe": 0.41,
            "roe_4q": 2.17,
            "gross_profit": 59837,
            "gross_margin": 34.19,
            "gross_margin_4q_avg": 35.08,
            "net_income": 1939,
            "revenue": 174993,
            "common_shares": 331683,
            "book_valuer_per_share": 14.42,
            "book_valuer_per_share_4q_avg": 14.45,
            "equity": 459577,
            "current_ratio": 256.33,
            "debt_ratio": 33.88,
            "inventory_turnover_ratio": 1.01,
            "account_receivable_turnover_ratio": 1.82,
            "reinvestment_rate": 39.01,
            "research_to_sale_ratio": 9.02,
            "price_fair": 5.46,
            "eps_avg_yearly": 1.82,
            "eps_latest_yearly": 0.04,
            "eps_growth_yearly": -36.3
        },
        "20192": {
            "year_quarter": 20192,
            "year": 2019,
            "quarter": 2,
            "eps": -0.15,
            "eps_growth_year": -287.5,
            "eps_4q": -0.11,
            "eps_4q_growth_year": -129.08,
            "roe": -1.01,
            "roe_4q": 0.3599999999999999,
            "gross_profit": 48474,
            "gross_margin": 29.8,
            "gross_margin_4q_avg": 33.12,
            "net_income": -4583,
            "revenue": 162679,
            "common_shares": 331683,
            "book_valuer_per_share": 13.96,
            "book_valuer_per_share_4q_avg": 14.32,
            "equity": 445235,
            "current_ratio": 253.23,
            "debt_ratio": 32.7,
            "inventory_turnover_ratio": 1.01,
            "account_receivable_turnover_ratio": 1.72,
            "reinvestment_rate": 2.44,
            "research_to_sale_ratio": 9.52,
            "price_fair": 5.12,
            "eps_avg_yearly": 1.71,
            "eps_latest_yearly": 0.04,
            "eps_growth_yearly": -30.16
        },
        "20193": {
            "year_quarter": 20193,
            "year": 2019,
            "quarter": 3,
            "eps": -0.46,
            "eps_growth_year": null,
            "eps_4q": -0.41,
            "eps_4q_growth_year": -259.56,
            "roe": -3.28,
            "roe_4q": -2.36,
            "gross_profit": 38805,
            "gross_margin": 29.48,
            "gross_margin_4q_avg": 31.91,
            "net_income": -13974,
            "revenue": 131627,
            "common_shares": 331683,
            "book_valuer_per_share": 12.99,
            "book_valuer_per_share_4q_avg": 13.98,
            "equity": 407568,
            "current_ratio": 229.73,
            "debt_ratio": 35.32,
            "inventory_turnover_ratio": 0.85,
            "account_receivable_turnover_ratio": 1.87,
            "reinvestment_rate": 1.11,
            "research_to_sale_ratio": 12.68,
            "price_fair": 4.45,
            "eps_avg_yearly": 1.48,
            "eps_latest_yearly": 0.04,
            "eps_growth_yearly": -44.09
        },
        "20194": {
            "year_quarter": 20194,
            "year": 2019,
            "quarter": 4,
            "eps": -0.6,
            "eps_growth_year": -425.93,
            "eps_4q": -1.2,
            "eps_4q_growth_year": -459.9,
            "roe": -4.84,
            "roe_4q": -8.719999999999999,
            "gross_profit": 44049,
            "gross_margin": 28,
            "gross_margin_4q_avg": 30.37,
            "net_income": -19291,
            "revenue": 157307,
            "common_shares": 331683,
            "book_valuer_per_share": 12.31,
            "book_valuer_per_share_4q_avg": 13.42,
            "equity": 389572,
            "current_ratio": 230.24,
            "debt_ratio": 34.87,
            "inventory_turnover_ratio": 1.06,
            "account_receivable_turnover_ratio": 2.46,
            "reinvestment_rate": -12.79,
            "research_to_sale_ratio": 10.77,
            "price_fair": 4.27,
            "eps_avg_yearly": 1.42,
            "eps_latest_yearly": 0.04,
            "eps_growth_yearly": -27.67
        },
        "20201": {
            "year_quarter": 20201,
            "year": 2020,
            "quarter": 1,
            "eps": -0.33,
            "eps_growth_year": -3400,
            "eps_4q": -1.54,
            "eps_4q_growth_year": -1334.15,
            "roe": -2.78,
            "roe_4q": -11.909999999999998,
            "gross_profit": 47022,
            "gross_margin": 31.2,
            "gross_margin_4q_avg": 29.62,
            "net_income": -10570,
            "revenue": 150698,
            "common_shares": 331683,
            "book_valuer_per_share": 11.8,
            "book_valuer_per_share_4q_avg": 12.77,
            "equity": 371348,
            "current_ratio": 195.58,
            "debt_ratio": 40.66,
            "inventory_turnover_ratio": 0.97,
            "account_receivable_turnover_ratio": 1.93,
            "reinvestment_rate": -22.62,
            "research_to_sale_ratio": 11.55,
            "price_fair": 3.96,
            "eps_avg_yearly": 1.32,
            "eps_latest_yearly": 0.04,
            "eps_growth_yearly": -36.03
        },
        "20202": {
            "year_quarter": 20202,
            "year": 2020,
            "quarter": 2,
            "eps": 0.09,
            "eps_growth_year": null,
            "eps_4q": -1.34,
            "eps_4q_growth_year": null,
            "roe": 0.76,
            "roe_4q": -10.139999999999999,
            "gross_profit": 49793,
            "gross_margin": 27.81,
            "gross_margin_4q_avg": 29.12,
            "net_income": 2784,
            "revenue": 179027,
            "common_shares": 326683,
            "book_valuer_per_share": 11.77,
            "book_valuer_per_share_4q_avg": 12.22,
            "equity": 361373,
            "current_ratio": 172.24,
            "debt_ratio": 46.18,
            "inventory_turnover_ratio": 0.99,
            "account_receivable_turnover_ratio": 2.01,
            "reinvestment_rate": -43.22,
            "research_to_sale_ratio": 9.45,
            "price_fair": 3.51,
            "eps_avg_yearly": 1.17,
            "eps_latest_yearly": 0.04,
            "eps_growth_yearly": -44.24
        },
        "20203": {
            "year_quarter": 20203,
            "year": 2020,
            "quarter": 3,
            "eps": 0.55,
            "eps_growth_year": null,
            "eps_4q": -0.32,
            "eps_4q_growth_year": null,
            "roe": 4.73,
            "roe_4q": -2.1299999999999994,
            "gross_profit": 67393,
            "gross_margin": 28.23,
            "gross_margin_4q_avg": 28.81,
            "net_income": 17540,
            "revenue": 238741,
            "common_shares": 326683,
            "book_valuer_per_share": 12.34,
            "book_valuer_per_share_4q_avg": 12.06,
            "equity": 379598,
            "current_ratio": 183.8,
            "debt_ratio": 44.12,
            "inventory_turnover_ratio": 1.07,
            "account_receivable_turnover_ratio": 2.5,
            "reinvestment_rate": -49.64,
            "research_to_sale_ratio": 6.89,
            "price_fair": 39.8,
            "eps_avg_yearly": 1.14,
            "eps_latest_yearly": 2.2,
            "eps_growth_yearly": 245.88
        },
        "20204": {
            "year_quarter": 20204,
            "year": 2020,
            "quarter": 4,
            "eps": 0.23,
            "eps_growth_year": null,
            "eps_4q": 0.52,
            "eps_4q_growth_year": null,
            "roe": 2.1,
            "roe_4q": 4.8100000000000005,
            "gross_profit": 72189,
            "gross_margin": 31.11,
            "gross_margin_4q_avg": 29.59,
            "net_income": 8106,
            "revenue": 232021,
            "common_shares": 322683,
            "book_valuer_per_share": 12.7,
            "book_valuer_per_share_4q_avg": 12.15,
            "equity": 391641,
            "current_ratio": 193.39,
            "debt_ratio": 48.21,
            "inventory_turnover_ratio": 0.93,
            "account_receivable_turnover_ratio": 2.57,
            "reinvestment_rate": -79.03,
            "research_to_sale_ratio": 7.88,
            "price_fair": 34.2,
            "eps_avg_yearly": 0.98,
            "eps_latest_yearly": 0.92,
            "eps_growth_yearly": 222.01
        },
        "20211": {
            "year_quarter": 20211,
            "year": 2021,
            "quarter": 1,
            "eps": -0.26,
            "eps_growth_year": null,
            "eps_4q": 0.61,
            "eps_4q_growth_year": null,
            "roe": -2.07,
            "roe_4q": 5.5200000000000005,
            "gross_profit": 49043,
            "gross_margin": 29.69,
            "gross_margin_4q_avg": 29.21,
            "net_income": -7992,
            "revenue": 165205,
            "common_shares": 322683,
            "book_valuer_per_share": 12.34,
            "book_valuer_per_share_4q_avg": 12.29,
            "equity": 380532,
            "current_ratio": 194.66,
            "debt_ratio": 48.31,
            "inventory_turnover_ratio": 0.63,
            "account_receivable_turnover_ratio": 1.92,
            "reinvestment_rate": null,
            "research_to_sale_ratio": 12.19,
            "price_fair": 34.07,
            "eps_avg_yearly": 0.97,
            "eps_latest_yearly": 0.92,
            "eps_growth_yearly": 292.99
        },
        "20212": {
            "year_quarter": 20212,
            "year": 2021,
            "quarter": 2,
            "eps": 0.05,
            "eps_growth_year": -44.44,
            "eps_4q": 0.57,
            "eps_4q_growth_year": null,
            "roe": 0.24,
            "roe_4q": 5.000000000000001,
            "gross_profit": 61912,
            "gross_margin": 31.1,
            "gross_margin_4q_avg": 30.03,
            "net_income": 909,
            "revenue": 199070,
            "common_shares": 322683,
            "book_valuer_per_share": 12.36,
            "book_valuer_per_share_4q_avg": 12.44,
            "equity": 380644,
            "current_ratio": 177.24,
            "debt_ratio": 51.08,
            "inventory_turnover_ratio": 0.69,
            "account_receivable_turnover_ratio": 2.24,
            "reinvestment_rate": null,
            "research_to_sale_ratio": 9.4,
            "price_fair": 30.24,
            "eps_avg_yearly": 0.86,
            "eps_latest_yearly": 0.92,
            "eps_growth_yearly": 309.99
        },
        "20213": {
            "year_quarter": 20213,
            "year": 2021,
            "quarter": 3,
            "eps": 0.62,
            "eps_growth_year": 12.73,
            "eps_4q": 0.64,
            "eps_4q_growth_year": null,
            "roe": 5,
            "roe_4q": 5.2700000000000005,
            "gross_profit": 83929,
            "gross_margin": 32.36,
            "gross_margin_4q_avg": 31.07,
            "net_income": 19264,
            "revenue": 259381,
            "common_shares": 322683,
            "book_valuer_per_share": 12.66,
            "book_valuer_per_share_4q_avg": 12.52,
            "equity": 389826,
            "current_ratio": 172.45,
            "debt_ratio": 52.19,
            "inventory_turnover_ratio": 0.85,
            "account_receivable_turnover_ratio": 2.36,
            "reinvestment_rate": -169.28,
            "research_to_sale_ratio": 7.43,
            "price_fair": 39.67,
            "eps_avg_yearly": 1.13,
            "eps_latest_yearly": 2.48,
            "eps_growth_yearly": 1018.33
        },
        "20214": {
            "year_quarter": 20214,
            "year": 2021,
            "quarter": 4,
            "eps": -0.17,
            "eps_growth_year": -174.97,
            "eps_4q": 0.24,
            "eps_4q_growth_year": -55.05,
            "roe": -1.43,
            "roe_4q": 1.7400000000000007,
            "gross_profit": 68035,
            "gross_margin": 29.59,
            "gross_margin_4q_avg": 30.69,
            "net_income": -5582,
            "revenue": 229921,
            "common_shares": 322683,
            "book_valuer_per_share": 12.64,
            "book_valuer_per_share_4q_avg": 12.5,
            "equity": 391859,
            "current_ratio": 170.62,
            "debt_ratio": 52.62,
            "inventory_turnover_ratio": 0.74,
            "account_receivable_turnover_ratio": 1.89,
            "reinvestment_rate": null,
            "research_to_sale_ratio": 10.15,
            "price_fair": 39.67,
            "eps_avg_yearly": 1.13,
            "eps_latest_yearly": 2.48,
            "eps_growth_yearly": 1018.33
        },
        "20221": {
            "year_quarter": 20221,
            "year": 2022,
            "quarter": 1,
            "eps": 0.15,
            "eps_growth_year": null,
            "eps_4q": 0.64,
            "eps_4q_growth_year": 5.73,
            "roe": 1.08,
            "roe_4q": 4.890000000000001,
            "gross_profit": 59679,
            "gross_margin": 31.11,
            "gross_margin_4q_avg": 31.04,
            "net_income": 4273,
            "revenue": 191809,
            "common_shares": 317903,
            "book_valuer_per_share": 12.83,
            "book_valuer_per_share_4q_avg": 12.62,
            "equity": 397323,
            "current_ratio": 172.88,
            "debt_ratio": 51.41,
            "inventory_turnover_ratio": 0.56,
            "account_receivable_turnover_ratio": 1.98,
            "reinvestment_rate": null,
            "research_to_sale_ratio": 11.23,
            "price_fair": 41.72,
            "eps_avg_yearly": 1.19,
            "eps_latest_yearly": 2.48,
            "eps_growth_yearly": 1149.26
        },
        "20222": {
            "year_quarter": 20222,
            "year": 2022,
            "quarter": 2,
            "eps": 0.02,
            "eps_growth_year": -60,
            "eps_4q": 0.62,
            "eps_4q_growth_year": 8.18,
            "roe": 0.03,
            "roe_4q": 4.68,
            "gross_profit": 62551,
            "gross_margin": 32.52,
            "gross_margin_4q_avg": 31.4,
            "net_income": 113,
            "revenue": 192358,
            "common_shares": 317903,
            "book_valuer_per_share": 12.68,
            "book_valuer_per_share_4q_avg": 12.7,
            "equity": 392010,
            "current_ratio": 174.28,
            "debt_ratio": 49.66,
            "inventory_turnover_ratio": 0.53,
            "account_receivable_turnover_ratio": 2.27,
            "reinvestment_rate": null,
            "research_to_sale_ratio": 11.81,
            "price_fair": 40.04,
            "eps_avg_yearly": 1.14,
            "eps_latest_yearly": 0.08,
            "eps_growth_yearly": 1129.45
        },
        "20223": {
            "year_quarter": 20223,
            "year": 2022,
            "quarter": 3,
            "eps": 0.25,
            "eps_growth_year": -59.68,
            "eps_4q": 0.25,
            "eps_4q_growth_year": -61.26,
            "roe": 1.87,
            "roe_4q": 1.5500000000000005,
            "gross_profit": 50899,
            "gross_margin": 28.32,
            "gross_margin_4q_avg": 30.39,
            "net_income": 7382,
            "revenue": 179729,
            "common_shares": 317903,
            "book_valuer_per_share": 12.94,
            "book_valuer_per_share_4q_avg": 12.77,
            "equity": 398308,
            "current_ratio": 168.03,
            "debt_ratio": 50.84,
            "inventory_turnover_ratio": 0.53,
            "account_receivable_turnover_ratio": 2.03,
            "reinvestment_rate": -286.42,
            "research_to_sale_ratio": 11.29,
            "price_fair": 39.2,
            "eps_avg_yearly": 1.12,
            "eps_latest_yearly": 1,
            "eps_growth_yearly": 1707.88
        },
        "20224": {
            "year_quarter": 20224,
            "year": 2022,
            "quarter": 4,
            "eps": -0.77,
            "eps_growth_year": null,
            "eps_4q": -0.35,
            "eps_4q_growth_year": -248.42,
            "roe": -6.18,
            "roe_4q": -3.1999999999999993,
            "gross_profit": 28721,
            "gross_margin": 23.42,
            "gross_margin_4q_avg": 28.84,
            "net_income": -23809,
            "revenue": 122635,
            "common_shares": 317903,
            "book_valuer_per_share": 12.09,
            "book_valuer_per_share_4q_avg": 12.64,
            "equity": 372420,
            "current_ratio": 164.26,
            "debt_ratio": 51.44,
            "inventory_turnover_ratio": 0.41,
            "account_receivable_turnover_ratio": 1.94,
            "reinvestment_rate": null,
            "research_to_sale_ratio": 15.18,
            "price_fair": 39.2,
            "eps_avg_yearly": 1.12,
            "eps_latest_yearly": 1,
            "eps_growth_yearly": 1707.88
        },
        "20231": {
            "year_quarter": 20231,
            "year": 2023,
            "quarter": 1,
            "eps": -0.51,
            "eps_growth_year": -440,
            "eps_4q": -1.01,
            "eps_4q_growth_year": -256.49,
            "roe": -4.27,
            "roe_4q": -8.549999999999999,
            "gross_profit": 34108,
            "gross_margin": 32.64,
            "gross_margin_4q_avg": 29.23,
            "net_income": -15564,
            "revenue": 104506,
            "common_shares": 317903,
            "book_valuer_per_share": 11.59,
            "book_valuer_per_share_4q_avg": 12.33,
            "equity": 357059,
            "current_ratio": 151.07,
            "debt_ratio": 53.04,
            "inventory_turnover_ratio": 0.32,
            "account_receivable_turnover_ratio": 2.71,
            "reinvestment_rate": null,
            "research_to_sale_ratio": 16.76,
            "price_fair": 46.76,
            "eps_avg_yearly": 1.34,
            "eps_latest_yearly": 1,
            "eps_growth_yearly": 2125.01
        }
    },
    "months": {
        "2014-01": {
            "month": "2014-01",
            "price": "26.37",
            "revenue": 67371
        },
        "2014-02": {
            "month": "2014-02",
            "price": "35.37",
            "revenue": 61497
        },
        "2014-03": {
            "month": "2014-03",
            "price": "48.15",
            "revenue": 68803
        },
        "2014-04": {
            "month": "2014-04",
            "price": "50.96",
            "revenue": 58874
        },
        "2014-05": {
            "month": "2014-05",
            "price": "57.26",
            "revenue": 71903
        },
        "2014-06": {
            "month": "2014-06",
            "price": "66.52",
            "revenue": 70128
        },
        "2014-07": {
            "month": "2014-07",
            "price": "64.77",
            "revenue": 45511
        },
        "2014-08": {
            "month": "2014-08",
            "price": "58.04",
            "revenue": 57371
        },
        "2014-09": {
            "month": "2014-09",
            "price": "54.21",
            "revenue": 61936
        },
        "2014-10": {
            "month": "2014-10",
            "price": "48.24",
            "revenue": 52639
        },
        "2014-11": {
            "month": "2014-11",
            "price": "42.15",
            "revenue": 70662
        },
        "2014-12": {
            "month": "2014-12",
            "price": "44.39",
            "revenue": 62404
        },
        "2015-01": {
            "month": "2015-01",
            "price": "48.46",
            "revenue": 64019
        },
        "2015-02": {
            "month": "2015-02",
            "price": "46.80",
            "revenue": 70702
        },
        "2015-03": {
            "month": "2015-03",
            "price": "50.36",
            "revenue": 79703
        },
        "2015-04": {
            "month": "2015-04",
            "price": "58.91",
            "revenue": 73704
        },
        "2015-05": {
            "month": "2015-05",
            "price": "52.56",
            "revenue": 70996
        },
        "2015-06": {
            "month": "2015-06",
            "price": "47.17",
            "revenue": 71524
        },
        "2015-07": {
            "month": "2015-07",
            "price": "44.20",
            "revenue": 50012
        },
        "2015-08": {
            "month": "2015-08",
            "price": "32.95",
            "revenue": 83454
        },
        "2015-09": {
            "month": "2015-09",
            "price": "37.31",
            "revenue": 73906
        },
        "2015-10": {
            "month": "2015-10",
            "price": "39.50",
            "revenue": 71420
        },
        "2015-11": {
            "month": "2015-11",
            "price": "39.25",
            "revenue": 65851
        },
        "2015-12": {
            "month": "2015-12",
            "price": "35.77",
            "revenue": 62596
        },
        "2016-01": {
            "month": "2016-01",
            "price": "33.62",
            "revenue": 59234
        },
        "2016-02": {
            "month": "2016-02",
            "price": "35.05",
            "revenue": 66317
        },
        "2016-03": {
            "month": "2016-03",
            "price": "35.56",
            "revenue": 68588
        },
        "2016-04": {
            "month": "2016-04",
            "price": "33.08",
            "revenue": 59221
        },
        "2016-05": {
            "month": "2016-05",
            "price": "30.97",
            "revenue": 77739
        },
        "2016-06": {
            "month": "2016-06",
            "price": "33.21",
            "revenue": 82747
        },
        "2016-07": {
            "month": "2016-07",
            "price": "33.00",
            "revenue": 96889
        },
        "2016-08": {
            "month": "2016-08",
            "price": "33.83",
            "revenue": 88480
        },
        "2016-09": {
            "month": "2016-09",
            "price": "32.64",
            "revenue": 70924
        },
        "2016-10": {
            "month": "2016-10",
            "price": "31.82",
            "revenue": 78254
        },
        "2016-11": {
            "month": "2016-11",
            "price": "30.26",
            "revenue": 51856
        },
        "2016-12": {
            "month": "2016-12",
            "price": "29.65",
            "revenue": 58367
        },
        "2017-01": {
            "month": "2017-01",
            "price": "29.88",
            "revenue": 63608
        },
        "2017-02": {
            "month": "2017-02",
            "price": "31.26",
            "revenue": 50619
        },
        "2017-03": {
            "month": "2017-03",
            "price": "33.62",
            "revenue": 62180
        },
        "2017-04": {
            "month": "2017-04",
            "price": "33.50",
            "revenue": 57889
        },
        "2017-05": {
            "month": "2017-05",
            "price": "32.99",
            "revenue": 50748
        },
        "2017-06": {
            "month": "2017-06",
            "price": "32.80",
            "revenue": 62571
        },
        "2017-07": {
            "month": "2017-07",
            "price": "29.51",
            "revenue": 29132
        },
        "2017-08": {
            "month": "2017-08",
            "price": "26.40",
            "revenue": 55658
        },
        "2017-09": {
            "month": "2017-09",
            "price": "25.60",
            "revenue": 52284
        },
        "2017-10": {
            "month": "2017-10",
            "price": "25.13",
            "revenue": 48560
        },
        "2017-11": {
            "month": "2017-11",
            "price": "22.97",
            "revenue": 56344
        },
        "2017-12": {
            "month": "2017-12",
            "price": "19.58",
            "revenue": 67229
        },
        "2018-01": {
            "month": "2018-01",
            "price": "21.48",
            "revenue": 77003
        },
        "2018-02": {
            "month": "2018-02",
            "price": "21.67",
            "revenue": 66269
        },
        "2018-03": {
            "month": "2018-03",
            "price": "24.03",
            "revenue": 67520
        },
        "2018-04": {
            "month": "2018-04",
            "price": "22.79",
            "revenue": 52507
        },
        "2018-05": {
            "month": "2018-05",
            "price": "21.36",
            "revenue": 56325
        },
        "2018-06": {
            "month": "2018-06",
            "price": "21.42",
            "revenue": 48595
        },
        "2018-07": {
            "month": "2018-07",
            "price": "21.13",
            "revenue": 49771
        },
        "2018-08": {
            "month": "2018-08",
            "price": "19.71",
            "revenue": 51478
        },
        "2018-09": {
            "month": "2018-09",
            "price": "18.42",
            "revenue": 52164
        },
        "2018-10": {
            "month": "2018-10",
            "price": "14.50",
            "revenue": 53802
        },
        "2018-11": {
            "month": "2018-11",
            "price": "14.63",
            "revenue": 55555
        },
        "2018-12": {
            "month": "2018-12",
            "price": "15.88",
            "revenue": 65423
        },
        "2019-01": {
            "month": "2019-01",
            "price": "16.96",
            "revenue": 60915
        },
        "2019-02": {
            "month": "2019-02",
            "price": "17.16",
            "revenue": 50803
        },
        "2019-03": {
            "month": "2019-03",
            "price": "17.49",
            "revenue": 63274
        },
        "2019-04": {
            "month": "2019-04",
            "price": "17.06",
            "revenue": 57895
        },
        "2019-05": {
            "month": "2019-05",
            "price": "16.44",
            "revenue": 49471
        },
        "2019-06": {
            "month": "2019-06",
            "price": "16.57",
            "revenue": 55313
        },
        "2019-07": {
            "month": "2019-07",
            "price": "17.03",
            "revenue": 31291
        },
        "2019-08": {
            "month": "2019-08",
            "price": "15.33",
            "revenue": 60873
        },
        "2019-09": {
            "month": "2019-09",
            "price": "14.73",
            "revenue": 39462
        },
        "2019-10": {
            "month": "2019-10",
            "price": "15.14",
            "revenue": 53075
        },
        "2019-11": {
            "month": "2019-11",
            "price": "14.75",
            "revenue": 57777
        },
        "2019-12": {
            "month": "2019-12",
            "price": "14.85",
            "revenue": 46455
        },
        "2020-01": {
            "month": "2020-01",
            "price": "15.78",
            "revenue": 51261
        },
        "2020-02": {
            "month": "2020-02",
            "price": "14.21",
            "revenue": 41850
        },
        "2020-03": {
            "month": "2020-03",
            "price": "11.97",
            "revenue": 57587
        },
        "2020-04": {
            "month": "2020-04",
            "price": "10.92",
            "revenue": 48688
        },
        "2020-05": {
            "month": "2020-05",
            "price": "11.97",
            "revenue": 52401
        },
        "2020-06": {
            "month": "2020-06",
            "price": "11.82",
            "revenue": 77938
        },
        "2020-07": {
            "month": "2020-07",
            "price": "15.77",
            "revenue": 73175
        },
        "2020-08": {
            "month": "2020-08",
            "price": "18.54",
            "revenue": 82586
        },
        "2020-09": {
            "month": "2020-09",
            "price": "18.34",
            "revenue": 82980
        },
        "2020-10": {
            "month": "2020-10",
            "price": "20.93",
            "revenue": 86201
        },
        "2020-11": {
            "month": "2020-11",
            "price": "21.84",
            "revenue": 87820
        },
        "2020-12": {
            "month": "2020-12",
            "price": "22.84",
            "revenue": 58000
        },
        "2021-01": {
            "month": "2021-01",
            "price": "20.66",
            "revenue": 64288
        },
        "2021-02": {
            "month": "2021-02",
            "price": "19.60",
            "revenue": 50520
        },
        "2021-03": {
            "month": "2021-03",
            "price": "18.56",
            "revenue": 50397
        },
        "2021-04": {
            "month": "2021-04",
            "price": "17.97",
            "revenue": 60666
        },
        "2021-05": {
            "month": "2021-05",
            "price": "15.44",
            "revenue": 75932
        },
        "2021-06": {
            "month": "2021-06",
            "price": "15.53",
            "revenue": 62471
        },
        "2021-07": {
            "month": "2021-07",
            "price": "15.46",
            "revenue": 71887
        },
        "2021-08": {
            "month": "2021-08",
            "price": "14.70",
            "revenue": 85940
        },
        "2021-09": {
            "month": "2021-09",
            "price": "15.55",
            "revenue": 101554
        },
        "2021-10": {
            "month": "2021-10",
            "price": "20.09",
            "revenue": 64524
        },
        "2021-11": {
            "month": "2021-11",
            "price": "27.75",
            "revenue": 78659
        },
        "2021-12": {
            "month": "2021-12",
            "price": "43.13",
            "revenue": 86738
        },
        "2022-01": {
            "month": "2022-01",
            "price": "40.05",
            "revenue": 82142
        },
        "2022-02": {
            "month": "2022-02",
            "price": "38.14",
            "revenue": 37268
        },
        "2022-03": {
            "month": "2022-03",
            "price": "38.90",
            "revenue": 72400
        },
        "2022-04": {
            "month": "2022-04",
            "price": "33.99",
            "revenue": 70868
        },
        "2022-05": {
            "month": "2022-05",
            "price": "35.41",
            "revenue": 63692
        },
        "2022-06": {
            "month": "2022-06",
            "price": "36.47",
            "revenue": 57797
        },
        "2022-07": {
            "month": "2022-07",
            "price": "36.45",
            "revenue": 53733
        },
        "2022-08": {
            "month": "2022-08",
            "price": "34.25",
            "revenue": 63805
        },
        "2022-09": {
            "month": "2022-09",
            "price": "31.10",
            "revenue": 62191
        },
        "2022-10": {
            "month": "2022-10",
            "price": "28.92",
            "revenue": 44159
        },
        "2022-11": {
            "month": "2022-11",
            "price": "29.85",
            "revenue": 48364
        },
        "2022-12": {
            "month": "2022-12",
            "price": "27.87",
            "revenue": 30112
        },
        "2023-01": {
            "month": "2023-01",
            "price": "27.11",
            "revenue": 35422
        },
        "2023-02": {
            "month": "2023-02",
            "price": "26.92",
            "revenue": 42079
        },
        "2023-03": {
            "month": "2023-03",
            "price": "27.03",
            "revenue": 27005
        },
        "2023-04": {
            "month": "2023-04",
            "price": "28.50",
            "revenue": 31564
        }
    }
}
