{
    "summary": {
        "stock_name": "TPK-KY",
        "stock_id": "3673",
        "category": "光電",
        "main_business": "觸控感應器、觸控模組、觸控螢幕、<br>ITO玻璃及保護玻璃相關產品之研發、生產及銷售。",
        "website_url": "http://www.tpk.com",
        "ceo": "謝立群",
        "pe_ratio": 34,
        "report_year_from": 2008,
        "report_year_to": 2023,
        "age": 15,
        "eps_negative_percentage": 13,
        "eps_growth_avg": {
            "last_all": -8.91,
            "last_2y": 18.16,
            "last_4y": -8.89,
            "last_8y": -34.38,
            "last_12y": -8.91,
            "last_16y": null,
            "last_20y": null,
            "at_2006_last_3y": null,
            "at_2007_last_3y": null,
            "at_2008_last_3y": null,
            "at_2009_last_3y": null,
            "at_2010_last_3y": null,
            "at_2011_last_3y": null,
            "at_2012_last_3y": null,
            "at_2013_last_3y": 35.65,
            "at_2014_last_3y": -13.4,
            "at_2015_last_3y": -63.4,
            "at_2016_last_3y": -82.94,
            "at_2017_last_3y": -98.09,
            "at_2018_last_3y": -95.85,
            "at_2019_last_3y": -49.48,
            "at_2020_last_3y": 0.35,
            "at_2021_last_3y": 1.14,
            "at_2022_last_3y": 11.81,
            "at_2023_last_3y": 11.81,
            "at_2006_last_all": null,
            "at_2007_last_all": null,
            "at_2008_last_all": null,
            "at_2009_last_all": null,
            "at_2010_last_all": null,
            "at_2011_last_all": 100,
            "at_2012_last_all": 65.08,
            "at_2013_last_all": 35.65,
            "at_2014_last_all": 9.28,
            "at_2015_last_all": -8.93,
            "at_2016_last_all": -8.93,
            "at_2017_last_all": -8.93,
            "at_2018_last_all": -20.75,
            "at_2019_last_all": -19.07,
            "at_2020_last_all": -5.84,
            "at_2021_last_all": -4.9,
            "at_2022_last_all": -8.91,
            "at_2023_last_all": -8.91
        },
        "latest_eps": 0.93,
        "latest_price": 31.95,
        "latest_roe": 1.02,
        "latest_gross_margin": 3.88,
        "latest_equity": 37459099,
        "latest_revenue": 16228625,
        "latest_gross_profit": 630439,
        "latest_net_income": 10578,
        "latest_debt_ratio": 60.02,
        "latest_current_ratio": 200.32,
        "latest_account_receivable_turnover_ratio": 1.74,
        "latest_inventory_turnover_ratio": 2.41,
        "latest_reinvestment_rate": -510.81,
        "latest_research_to_sale_ratio": 1.05
    },
    "eps_dividends": {
        "2001": {
            "cash": 0,
            "stock": 0,
            "eps": 0
        },
        "2002": {
            "cash": 0,
            "stock": 0,
            "eps": 0
        },
        "2003": {
            "cash": 0,
            "stock": 0,
            "eps": 0
        },
        "2004": {
            "cash": 0,
            "stock": 0,
            "eps": 0
        },
        "2005": {
            "cash": 0,
            "stock": 0,
            "eps": 0
        },
        "2006": {
            "cash": 0,
            "stock": 0,
            "eps": 0
        },
        "2007": {
            "cash": 0,
            "stock": 0,
            "eps": 0
        },
        "2008": {
            "cash": 0,
            "stock": 0,
            "eps": 0
        },
        "2009": {
            "cash": 0,
            "stock": 0,
            "eps": 8.3
        },
        "2010": {
            "cash": 0,
            "stock": 0,
            "eps": 21.19
        },
        "2011": {
            "cash": 20,
            "stock": 3.5,
            "eps": 48.74
        },
        "2012": {
            "cash": 0,
            "stock": 0,
            "eps": 46.42
        },
        "2013": {
            "cash": 21,
            "stock": 0,
            "eps": 21.98
        },
        "2014": {
            "cash": 5,
            "stock": 0,
            "eps": 0.84
        },
        "2015": {
            "cash": 0.5,
            "stock": 0,
            "eps": -57.05
        },
        "2016": {
            "cash": 0,
            "stock": 0,
            "eps": -4.28
        },
        "2017": {
            "cash": 0,
            "stock": 0,
            "eps": 6.62
        },
        "2018": {
            "cash": 3,
            "stock": 0,
            "eps": 0.55
        },
        "2019": {
            "cash": 0,
            "stock": 0,
            "eps": 0.51
        },
        "2020": {
            "cash": 0,
            "stock": 0,
            "eps": 2.54
        },
        "2021": {
            "cash": 1,
            "stock": 0,
            "eps": 2.63
        },
        "2022": {
            "cash": 1.5,
            "stock": 0,
            "eps": 1.34
        },
        "2023": {
            "cash": 0.5,
            "stock": 0,
            "eps": 0.33
        }
    },
    "dividends": {
        "2011-01-01": {
            "cash": 20,
            "stock": 3
        },
        "2011-04-01": {
            "cash": 0,
            "stock": 0.5
        },
        "2013-03-13": {
            "cash": 21,
            "stock": 0
        },
        "2014-05-29": {
            "cash": 5,
            "stock": 0
        },
        "2015-10-02": {
            "cash": 0.5,
            "stock": 0
        },
        "2018-07-26": {
            "cash": 3,
            "stock": 0
        },
        "2021-08-13": {
            "cash": 1,
            "stock": 0
        },
        "2022-08-15": {
            "cash": 1.5,
            "stock": 0
        },
        "2023-08-15": {
            "cash": 0.5,
            "stock": 0
        }
    },
    "prices": {
        "200101": "無",
        "200102": "無",
        "200103": "無",
        "200104": "無",
        "200105": "無",
        "200106": "無",
        "200107": "無",
        "200108": "無",
        "200109": "無",
        "200110": "無",
        "200111": "無",
        "200112": "無",
        "200201": "無",
        "200202": "無",
        "200203": "無",
        "200204": "無",
        "200205": "無",
        "200206": "無",
        "200207": "無",
        "200208": "無",
        "200209": "無",
        "200210": "無",
        "200211": "無",
        "200212": "無",
        "200301": "無",
        "200302": "無",
        "200303": "無",
        "200304": "無",
        "200305": "無",
        "200306": "無",
        "200307": "無",
        "200308": "無",
        "200309": "無",
        "200310": "無",
        "200311": "無",
        "200312": "無",
        "200401": "無",
        "200402": "無",
        "200403": "無",
        "200404": "無",
        "200405": "無",
        "200406": "無",
        "200407": "無",
        "200408": "無",
        "200409": "無",
        "200410": "無",
        "200411": "無",
        "200412": "無",
        "200501": "無",
        "200502": "無",
        "200503": "無",
        "200504": "無",
        "200505": "無",
        "200506": "無",
        "200507": "無",
        "200508": "無",
        "200509": "無",
        "200510": "無",
        "200511": "無",
        "200512": "無",
        "200601": "無",
        "200602": "無",
        "200603": "無",
        "200604": "無",
        "200605": "無",
        "200606": "無",
        "200607": "無",
        "200608": "無",
        "200609": "無",
        "200610": "無",
        "200611": "無",
        "200612": "無",
        "200701": "無",
        "200702": "無",
        "200703": "無",
        "200704": "無",
        "200705": "無",
        "200706": "無",
        "200707": "無",
        "200708": "無",
        "200709": "無",
        "200710": "無",
        "200711": "無",
        "200712": "無",
        "200801": "無",
        "200802": "無",
        "200803": "無",
        "200804": "無",
        "200805": "無",
        "200806": "無",
        "200807": "無",
        "200808": "無",
        "200809": "無",
        "200810": "無",
        "200811": "無",
        "200812": "無",
        "200901": "無",
        "200902": "無",
        "200903": "無",
        "200904": "無",
        "200905": "無",
        "200906": "無",
        "200907": "無",
        "200908": "無",
        "200909": "無",
        "200910": "無",
        "200911": "無",
        "200912": "無",
        "201001": "無",
        "201002": "無",
        "201003": "無",
        "201004": "無",
        "201005": "無",
        "201006": "無",
        "201007": "無",
        "201008": "無",
        "201009": "無",
        "201010": "505.00",
        "201011": "545.68",
        "201012": "706.48",
        "201101": "684.05",
        "201102": "731.00",
        "201103": "785.78",
        "201104": "851.47",
        "201105": "904.05",
        "201106": "896.24",
        "201107": "855.00",
        "201108": "683.04",
        "201109": "640.62",
        "201110": "558.80",
        "201111": "442.82",
        "201112": "372.61",
        "201201": "382.77",
        "201202": "470.68",
        "201203": "486.63",
        "201204": "418.62",
        "201205": "390.52",
        "201206": "440.60",
        "201207": "339.82",
        "201208": "376.70",
        "201209": "406.62",
        "201210": "378.05",
        "201211": "417.66",
        "201212": "500.14",
        "201301": "493.23",
        "201302": "541.62",
        "201303": "594.95",
        "201304": "608.90",
        "201305": "595.32",
        "201306": "552.97",
        "201307": "399.89",
        "201308": "317.88",
        "201309": "303.00",
        "201310": "243.91",
        "201311": "167.36",
        "201312": "169.68",
        "201401": "186.06",
        "201402": "184.24",
        "201403": "176.21",
        "201404": "212.48",
        "201405": "229.36",
        "201406": "276.68",
        "201407": "250.93",
        "201408": "188.88",
        "201409": "188.55",
        "201410": "173.43",
        "201411": "186.20",
        "201412": "206.42",
        "201501": "207.02",
        "201502": "215.04",
        "201503": "226.59",
        "201504": "201.38",
        "201505": "210.28",
        "201506": "189.12",
        "201507": "156.30",
        "201508": "92.85",
        "201509": "87.62",
        "201510": "83.93",
        "201511": "96.80",
        "201512": "86.83",
        "201601": "66.99",
        "201602": "71.94",
        "201603": "75.67",
        "201604": "71.68",
        "201605": "62.23",
        "201606": "63.38",
        "201607": "63.59",
        "201608": "61.11",
        "201609": "54.71",
        "201610": "48.80",
        "201611": "52.76",
        "201612": "58.17",
        "201701": "57.64",
        "201702": "78.56",
        "201703": "93.68",
        "201704": "101.83",
        "201705": "102.28",
        "201706": "93.45",
        "201707": "99.38",
        "201708": "120.61",
        "201709": "112.07",
        "201710": "100.46",
        "201711": "91.34",
        "201712": "86.17",
        "201801": "89.54",
        "201802": "77.26",
        "201803": "72.15",
        "201804": "69.49",
        "201805": "64.44",
        "201806": "64.98",
        "201807": "62.39",
        "201808": "58.17",
        "201809": "51.82",
        "201810": "50.38",
        "201811": "50.35",
        "201812": "49.51",
        "201901": "50.06",
        "201902": "53.06",
        "201903": "56.38",
        "201904": "59.07",
        "201905": "51.69",
        "201906": "49.60",
        "201907": "52.87",
        "201908": "55.66",
        "201909": "57.41",
        "201910": "61.33",
        "201911": "58.48",
        "201912": "56.30",
        "202001": "53.39",
        "202002": "46.77",
        "202003": "39.18",
        "202004": "40.13",
        "202005": "41.62",
        "202006": "45.50",
        "202007": "46.48",
        "202008": "53.22",
        "202009": "51.00",
        "202010": "50.76",
        "202011": "47.01",
        "202012": "46.30",
        "202101": "44.57",
        "202102": "44.45",
        "202103": "49.89",
        "202104": "51.10",
        "202105": "47.64",
        "202106": "46.20",
        "202107": "44.81",
        "202108": "40.36",
        "202109": "38.20",
        "202110": "38.92",
        "202111": "41.17",
        "202112": "42.11",
        "202201": "41.61",
        "202202": "39.83",
        "202203": "37.36",
        "202204": "35.67",
        "202205": "32.95",
        "202206": "34.36",
        "202207": "33.78",
        "202208": "35.08",
        "202209": "34.18",
        "202210": "30.64",
        "202211": "30.65",
        "202212": "30.36",
        "202301": "29.88",
        "202302": "31.64",
        "202303": "34.88",
        "202304": "37.24",
        "202305": "39.84",
        "202306": "43.16",
        "202307": "41.68",
        "202308": "35.69",
        "202309": "34.53",
        "202310": "33.44"
    },
    "quarters": {
        "20011": {
            "year_quarter": 20011,
            "year": 2001,
            "quarter": 1,
            "eps": null,
            "eps_growth_year": null,
            "eps_4q": null,
            "eps_4q_growth_year": null,
            "roe": null,
            "roe_4q": 0,
            "gross_profit": null,
            "gross_margin": null,
            "gross_margin_4q_avg": 0,
            "net_income": null,
            "net_income_4q": null,
            "revenue": null,
            "revenue_4q": null,
            "common_shares": null,
            "book_valuer_per_share": null,
            "book_valuer_per_share_4q_avg": 0,
            "equity": null,
            "current_ratio": null,
            "debt_ratio": null,
            "inventory_turnover_ratio": null,
            "account_receivable_turnover_ratio": null,
            "reinvestment_rate": null,
            "research_to_sale_ratio": null,
            "price_fair": 0,
            "eps_avg_yearly": 0,
            "eps_latest_yearly": 0,
            "eps_growth_yearly": 0
        },
        "20012": {
            "year_quarter": 20012,
            "year": 2001,
            "quarter": 2,
            "eps": null,
            "eps_growth_year": null,
            "eps_4q": null,
            "eps_4q_growth_year": null,
            "roe": null,
            "roe_4q": 0,
            "gross_profit": null,
            "gross_margin": null,
            "gross_margin_4q_avg": 0,
            "net_income": null,
            "net_income_4q": null,
            "revenue": null,
            "revenue_4q": null,
            "common_shares": null,
            "book_valuer_per_share": null,
            "book_valuer_per_share_4q_avg": 0,
            "equity": null,
            "current_ratio": null,
            "debt_ratio": null,
            "inventory_turnover_ratio": null,
            "account_receivable_turnover_ratio": null,
            "reinvestment_rate": null,
            "research_to_sale_ratio": null,
            "price_fair": 0,
            "eps_avg_yearly": 0,
            "eps_latest_yearly": 0,
            "eps_growth_yearly": 0
        },
        "20013": {
            "year_quarter": 20013,
            "year": 2001,
            "quarter": 3,
            "eps": null,
            "eps_growth_year": null,
            "eps_4q": null,
            "eps_4q_growth_year": null,
            "roe": null,
            "roe_4q": 0,
            "gross_profit": null,
            "gross_margin": null,
            "gross_margin_4q_avg": 0,
            "net_income": null,
            "net_income_4q": null,
            "revenue": null,
            "revenue_4q": null,
            "common_shares": null,
            "book_valuer_per_share": null,
            "book_valuer_per_share_4q_avg": 0,
            "equity": null,
            "current_ratio": null,
            "debt_ratio": null,
            "inventory_turnover_ratio": null,
            "account_receivable_turnover_ratio": null,
            "reinvestment_rate": null,
            "research_to_sale_ratio": null,
            "price_fair": 0,
            "eps_avg_yearly": 0,
            "eps_latest_yearly": 0,
            "eps_growth_yearly": 0
        },
        "20014": {
            "year_quarter": 20014,
            "year": 2001,
            "quarter": 4,
            "eps": null,
            "eps_growth_year": null,
            "eps_4q": null,
            "eps_4q_growth_year": null,
            "roe": null,
            "roe_4q": 0,
            "gross_profit": null,
            "gross_margin": null,
            "gross_margin_4q_avg": 0,
            "net_income": null,
            "net_income_4q": null,
            "revenue": null,
            "revenue_4q": null,
            "common_shares": null,
            "book_valuer_per_share": null,
            "book_valuer_per_share_4q_avg": 0,
            "equity": null,
            "current_ratio": null,
            "debt_ratio": null,
            "inventory_turnover_ratio": null,
            "account_receivable_turnover_ratio": null,
            "reinvestment_rate": null,
            "research_to_sale_ratio": null,
            "price_fair": 0,
            "eps_avg_yearly": 0,
            "eps_latest_yearly": 0,
            "eps_growth_yearly": 0
        },
        "20021": {
            "year_quarter": 20021,
            "year": 2002,
            "quarter": 1,
            "eps": null,
            "eps_growth_year": null,
            "eps_4q": null,
            "eps_4q_growth_year": null,
            "roe": null,
            "roe_4q": 0,
            "gross_profit": null,
            "gross_margin": null,
            "gross_margin_4q_avg": 0,
            "net_income": null,
            "net_income_4q": null,
            "revenue": null,
            "revenue_4q": null,
            "common_shares": null,
            "book_valuer_per_share": null,
            "book_valuer_per_share_4q_avg": 0,
            "equity": null,
            "current_ratio": null,
            "debt_ratio": null,
            "inventory_turnover_ratio": null,
            "account_receivable_turnover_ratio": null,
            "reinvestment_rate": null,
            "research_to_sale_ratio": null,
            "price_fair": 0,
            "eps_avg_yearly": 0,
            "eps_latest_yearly": 0,
            "eps_growth_yearly": 0
        },
        "20022": {
            "year_quarter": 20022,
            "year": 2002,
            "quarter": 2,
            "eps": null,
            "eps_growth_year": null,
            "eps_4q": null,
            "eps_4q_growth_year": null,
            "roe": null,
            "roe_4q": 0,
            "gross_profit": null,
            "gross_margin": null,
            "gross_margin_4q_avg": 0,
            "net_income": null,
            "net_income_4q": null,
            "revenue": null,
            "revenue_4q": null,
            "common_shares": null,
            "book_valuer_per_share": null,
            "book_valuer_per_share_4q_avg": 0,
            "equity": null,
            "current_ratio": null,
            "debt_ratio": null,
            "inventory_turnover_ratio": null,
            "account_receivable_turnover_ratio": null,
            "reinvestment_rate": null,
            "research_to_sale_ratio": null,
            "price_fair": 0,
            "eps_avg_yearly": 0,
            "eps_latest_yearly": 0,
            "eps_growth_yearly": 0
        },
        "20023": {
            "year_quarter": 20023,
            "year": 2002,
            "quarter": 3,
            "eps": null,
            "eps_growth_year": null,
            "eps_4q": null,
            "eps_4q_growth_year": null,
            "roe": null,
            "roe_4q": 0,
            "gross_profit": null,
            "gross_margin": null,
            "gross_margin_4q_avg": 0,
            "net_income": null,
            "net_income_4q": null,
            "revenue": null,
            "revenue_4q": null,
            "common_shares": null,
            "book_valuer_per_share": null,
            "book_valuer_per_share_4q_avg": 0,
            "equity": null,
            "current_ratio": null,
            "debt_ratio": null,
            "inventory_turnover_ratio": null,
            "account_receivable_turnover_ratio": null,
            "reinvestment_rate": null,
            "research_to_sale_ratio": null,
            "price_fair": 0,
            "eps_avg_yearly": 0,
            "eps_latest_yearly": 0,
            "eps_growth_yearly": 0
        },
        "20024": {
            "year_quarter": 20024,
            "year": 2002,
            "quarter": 4,
            "eps": null,
            "eps_growth_year": null,
            "eps_4q": null,
            "eps_4q_growth_year": null,
            "roe": null,
            "roe_4q": 0,
            "gross_profit": null,
            "gross_margin": null,
            "gross_margin_4q_avg": 0,
            "net_income": null,
            "net_income_4q": null,
            "revenue": null,
            "revenue_4q": null,
            "common_shares": null,
            "book_valuer_per_share": null,
            "book_valuer_per_share_4q_avg": 0,
            "equity": null,
            "current_ratio": null,
            "debt_ratio": null,
            "inventory_turnover_ratio": null,
            "account_receivable_turnover_ratio": null,
            "reinvestment_rate": null,
            "research_to_sale_ratio": null,
            "price_fair": 0,
            "eps_avg_yearly": 0,
            "eps_latest_yearly": 0,
            "eps_growth_yearly": 0
        },
        "20031": {
            "year_quarter": 20031,
            "year": 2003,
            "quarter": 1,
            "eps": null,
            "eps_growth_year": null,
            "eps_4q": null,
            "eps_4q_growth_year": null,
            "roe": null,
            "roe_4q": 0,
            "gross_profit": null,
            "gross_margin": null,
            "gross_margin_4q_avg": 0,
            "net_income": null,
            "net_income_4q": null,
            "revenue": null,
            "revenue_4q": null,
            "common_shares": null,
            "book_valuer_per_share": null,
            "book_valuer_per_share_4q_avg": 0,
            "equity": null,
            "current_ratio": null,
            "debt_ratio": null,
            "inventory_turnover_ratio": null,
            "account_receivable_turnover_ratio": null,
            "reinvestment_rate": null,
            "research_to_sale_ratio": null,
            "price_fair": 0,
            "eps_avg_yearly": 0,
            "eps_latest_yearly": 0,
            "eps_growth_yearly": 0
        },
        "20032": {
            "year_quarter": 20032,
            "year": 2003,
            "quarter": 2,
            "eps": null,
            "eps_growth_year": null,
            "eps_4q": null,
            "eps_4q_growth_year": null,
            "roe": null,
            "roe_4q": 0,
            "gross_profit": null,
            "gross_margin": null,
            "gross_margin_4q_avg": 0,
            "net_income": null,
            "net_income_4q": null,
            "revenue": null,
            "revenue_4q": null,
            "common_shares": null,
            "book_valuer_per_share": null,
            "book_valuer_per_share_4q_avg": 0,
            "equity": null,
            "current_ratio": null,
            "debt_ratio": null,
            "inventory_turnover_ratio": null,
            "account_receivable_turnover_ratio": null,
            "reinvestment_rate": null,
            "research_to_sale_ratio": null,
            "price_fair": 0,
            "eps_avg_yearly": 0,
            "eps_latest_yearly": 0,
            "eps_growth_yearly": 0
        },
        "20033": {
            "year_quarter": 20033,
            "year": 2003,
            "quarter": 3,
            "eps": null,
            "eps_growth_year": null,
            "eps_4q": null,
            "eps_4q_growth_year": null,
            "roe": null,
            "roe_4q": 0,
            "gross_profit": null,
            "gross_margin": null,
            "gross_margin_4q_avg": 0,
            "net_income": null,
            "net_income_4q": null,
            "revenue": null,
            "revenue_4q": null,
            "common_shares": null,
            "book_valuer_per_share": null,
            "book_valuer_per_share_4q_avg": 0,
            "equity": null,
            "current_ratio": null,
            "debt_ratio": null,
            "inventory_turnover_ratio": null,
            "account_receivable_turnover_ratio": null,
            "reinvestment_rate": null,
            "research_to_sale_ratio": null,
            "price_fair": 0,
            "eps_avg_yearly": 0,
            "eps_latest_yearly": 0,
            "eps_growth_yearly": 0
        },
        "20034": {
            "year_quarter": 20034,
            "year": 2003,
            "quarter": 4,
            "eps": null,
            "eps_growth_year": null,
            "eps_4q": null,
            "eps_4q_growth_year": null,
            "roe": null,
            "roe_4q": 0,
            "gross_profit": null,
            "gross_margin": null,
            "gross_margin_4q_avg": 0,
            "net_income": null,
            "net_income_4q": null,
            "revenue": null,
            "revenue_4q": null,
            "common_shares": null,
            "book_valuer_per_share": null,
            "book_valuer_per_share_4q_avg": 0,
            "equity": null,
            "current_ratio": null,
            "debt_ratio": null,
            "inventory_turnover_ratio": null,
            "account_receivable_turnover_ratio": null,
            "reinvestment_rate": null,
            "research_to_sale_ratio": null,
            "price_fair": 0,
            "eps_avg_yearly": 0,
            "eps_latest_yearly": 0,
            "eps_growth_yearly": 0
        },
        "20041": {
            "year_quarter": 20041,
            "year": 2004,
            "quarter": 1,
            "eps": null,
            "eps_growth_year": null,
            "eps_4q": null,
            "eps_4q_growth_year": null,
            "roe": null,
            "roe_4q": 0,
            "gross_profit": null,
            "gross_margin": null,
            "gross_margin_4q_avg": 0,
            "net_income": null,
            "net_income_4q": null,
            "revenue": null,
            "revenue_4q": null,
            "common_shares": null,
            "book_valuer_per_share": null,
            "book_valuer_per_share_4q_avg": 0,
            "equity": null,
            "current_ratio": null,
            "debt_ratio": null,
            "inventory_turnover_ratio": null,
            "account_receivable_turnover_ratio": null,
            "reinvestment_rate": null,
            "research_to_sale_ratio": null,
            "price_fair": 0,
            "eps_avg_yearly": 0,
            "eps_latest_yearly": 0,
            "eps_growth_yearly": 0
        },
        "20042": {
            "year_quarter": 20042,
            "year": 2004,
            "quarter": 2,
            "eps": null,
            "eps_growth_year": null,
            "eps_4q": null,
            "eps_4q_growth_year": null,
            "roe": null,
            "roe_4q": 0,
            "gross_profit": null,
            "gross_margin": null,
            "gross_margin_4q_avg": 0,
            "net_income": null,
            "net_income_4q": null,
            "revenue": null,
            "revenue_4q": null,
            "common_shares": null,
            "book_valuer_per_share": null,
            "book_valuer_per_share_4q_avg": 0,
            "equity": null,
            "current_ratio": null,
            "debt_ratio": null,
            "inventory_turnover_ratio": null,
            "account_receivable_turnover_ratio": null,
            "reinvestment_rate": null,
            "research_to_sale_ratio": null,
            "price_fair": 0,
            "eps_avg_yearly": 0,
            "eps_latest_yearly": 0,
            "eps_growth_yearly": 0
        },
        "20043": {
            "year_quarter": 20043,
            "year": 2004,
            "quarter": 3,
            "eps": null,
            "eps_growth_year": null,
            "eps_4q": null,
            "eps_4q_growth_year": null,
            "roe": null,
            "roe_4q": 0,
            "gross_profit": null,
            "gross_margin": null,
            "gross_margin_4q_avg": 0,
            "net_income": null,
            "net_income_4q": null,
            "revenue": null,
            "revenue_4q": null,
            "common_shares": null,
            "book_valuer_per_share": null,
            "book_valuer_per_share_4q_avg": 0,
            "equity": null,
            "current_ratio": null,
            "debt_ratio": null,
            "inventory_turnover_ratio": null,
            "account_receivable_turnover_ratio": null,
            "reinvestment_rate": null,
            "research_to_sale_ratio": null,
            "price_fair": 0,
            "eps_avg_yearly": 0,
            "eps_latest_yearly": 0,
            "eps_growth_yearly": 0
        },
        "20044": {
            "year_quarter": 20044,
            "year": 2004,
            "quarter": 4,
            "eps": null,
            "eps_growth_year": null,
            "eps_4q": null,
            "eps_4q_growth_year": null,
            "roe": null,
            "roe_4q": 0,
            "gross_profit": null,
            "gross_margin": null,
            "gross_margin_4q_avg": 0,
            "net_income": null,
            "net_income_4q": null,
            "revenue": null,
            "revenue_4q": null,
            "common_shares": null,
            "book_valuer_per_share": null,
            "book_valuer_per_share_4q_avg": 0,
            "equity": null,
            "current_ratio": null,
            "debt_ratio": null,
            "inventory_turnover_ratio": null,
            "account_receivable_turnover_ratio": null,
            "reinvestment_rate": null,
            "research_to_sale_ratio": null,
            "price_fair": 0,
            "eps_avg_yearly": 0,
            "eps_latest_yearly": 0,
            "eps_growth_yearly": 0
        },
        "20051": {
            "year_quarter": 20051,
            "year": 2005,
            "quarter": 1,
            "eps": null,
            "eps_growth_year": null,
            "eps_4q": null,
            "eps_4q_growth_year": null,
            "roe": null,
            "roe_4q": 0,
            "gross_profit": null,
            "gross_margin": null,
            "gross_margin_4q_avg": 0,
            "net_income": null,
            "net_income_4q": null,
            "revenue": null,
            "revenue_4q": null,
            "common_shares": null,
            "book_valuer_per_share": null,
            "book_valuer_per_share_4q_avg": 0,
            "equity": null,
            "current_ratio": null,
            "debt_ratio": null,
            "inventory_turnover_ratio": null,
            "account_receivable_turnover_ratio": null,
            "reinvestment_rate": null,
            "research_to_sale_ratio": null,
            "price_fair": 0,
            "eps_avg_yearly": 0,
            "eps_latest_yearly": 0,
            "eps_growth_yearly": 0
        },
        "20052": {
            "year_quarter": 20052,
            "year": 2005,
            "quarter": 2,
            "eps": null,
            "eps_growth_year": null,
            "eps_4q": null,
            "eps_4q_growth_year": null,
            "roe": null,
            "roe_4q": 0,
            "gross_profit": null,
            "gross_margin": null,
            "gross_margin_4q_avg": 0,
            "net_income": null,
            "net_income_4q": null,
            "revenue": null,
            "revenue_4q": null,
            "common_shares": null,
            "book_valuer_per_share": null,
            "book_valuer_per_share_4q_avg": 0,
            "equity": null,
            "current_ratio": null,
            "debt_ratio": null,
            "inventory_turnover_ratio": null,
            "account_receivable_turnover_ratio": null,
            "reinvestment_rate": null,
            "research_to_sale_ratio": null,
            "price_fair": 0,
            "eps_avg_yearly": 0,
            "eps_latest_yearly": 0,
            "eps_growth_yearly": 0
        },
        "20053": {
            "year_quarter": 20053,
            "year": 2005,
            "quarter": 3,
            "eps": null,
            "eps_growth_year": null,
            "eps_4q": null,
            "eps_4q_growth_year": null,
            "roe": null,
            "roe_4q": 0,
            "gross_profit": null,
            "gross_margin": null,
            "gross_margin_4q_avg": 0,
            "net_income": null,
            "net_income_4q": null,
            "revenue": null,
            "revenue_4q": null,
            "common_shares": null,
            "book_valuer_per_share": null,
            "book_valuer_per_share_4q_avg": 0,
            "equity": null,
            "current_ratio": null,
            "debt_ratio": null,
            "inventory_turnover_ratio": null,
            "account_receivable_turnover_ratio": null,
            "reinvestment_rate": null,
            "research_to_sale_ratio": null,
            "price_fair": 0,
            "eps_avg_yearly": 0,
            "eps_latest_yearly": 0,
            "eps_growth_yearly": 0
        },
        "20054": {
            "year_quarter": 20054,
            "year": 2005,
            "quarter": 4,
            "eps": null,
            "eps_growth_year": null,
            "eps_4q": null,
            "eps_4q_growth_year": null,
            "roe": null,
            "roe_4q": 0,
            "gross_profit": null,
            "gross_margin": null,
            "gross_margin_4q_avg": 0,
            "net_income": null,
            "net_income_4q": null,
            "revenue": null,
            "revenue_4q": null,
            "common_shares": null,
            "book_valuer_per_share": null,
            "book_valuer_per_share_4q_avg": 0,
            "equity": null,
            "current_ratio": null,
            "debt_ratio": null,
            "inventory_turnover_ratio": null,
            "account_receivable_turnover_ratio": null,
            "reinvestment_rate": null,
            "research_to_sale_ratio": null,
            "price_fair": 0,
            "eps_avg_yearly": 0,
            "eps_latest_yearly": 0,
            "eps_growth_yearly": 0
        },
        "20061": {
            "year_quarter": 20061,
            "year": 2006,
            "quarter": 1,
            "eps": null,
            "eps_growth_year": null,
            "eps_4q": null,
            "eps_4q_growth_year": null,
            "roe": null,
            "roe_4q": 0,
            "gross_profit": null,
            "gross_margin": null,
            "gross_margin_4q_avg": 0,
            "net_income": null,
            "net_income_4q": null,
            "revenue": null,
            "revenue_4q": null,
            "common_shares": null,
            "book_valuer_per_share": null,
            "book_valuer_per_share_4q_avg": 0,
            "equity": null,
            "current_ratio": null,
            "debt_ratio": null,
            "inventory_turnover_ratio": null,
            "account_receivable_turnover_ratio": null,
            "reinvestment_rate": null,
            "research_to_sale_ratio": null,
            "price_fair": 0,
            "eps_avg_yearly": 0,
            "eps_latest_yearly": 0,
            "eps_growth_yearly": 0
        },
        "20062": {
            "year_quarter": 20062,
            "year": 2006,
            "quarter": 2,
            "eps": null,
            "eps_growth_year": null,
            "eps_4q": null,
            "eps_4q_growth_year": null,
            "roe": null,
            "roe_4q": 0,
            "gross_profit": null,
            "gross_margin": null,
            "gross_margin_4q_avg": 0,
            "net_income": null,
            "net_income_4q": null,
            "revenue": null,
            "revenue_4q": null,
            "common_shares": null,
            "book_valuer_per_share": null,
            "book_valuer_per_share_4q_avg": 0,
            "equity": null,
            "current_ratio": null,
            "debt_ratio": null,
            "inventory_turnover_ratio": null,
            "account_receivable_turnover_ratio": null,
            "reinvestment_rate": null,
            "research_to_sale_ratio": null,
            "price_fair": 0,
            "eps_avg_yearly": 0,
            "eps_latest_yearly": 0,
            "eps_growth_yearly": 0
        },
        "20063": {
            "year_quarter": 20063,
            "year": 2006,
            "quarter": 3,
            "eps": null,
            "eps_growth_year": null,
            "eps_4q": null,
            "eps_4q_growth_year": null,
            "roe": null,
            "roe_4q": 0,
            "gross_profit": null,
            "gross_margin": null,
            "gross_margin_4q_avg": 0,
            "net_income": null,
            "net_income_4q": null,
            "revenue": null,
            "revenue_4q": null,
            "common_shares": null,
            "book_valuer_per_share": null,
            "book_valuer_per_share_4q_avg": 0,
            "equity": null,
            "current_ratio": null,
            "debt_ratio": null,
            "inventory_turnover_ratio": null,
            "account_receivable_turnover_ratio": null,
            "reinvestment_rate": null,
            "research_to_sale_ratio": null,
            "price_fair": 0,
            "eps_avg_yearly": 0,
            "eps_latest_yearly": 0,
            "eps_growth_yearly": 0
        },
        "20064": {
            "year_quarter": 20064,
            "year": 2006,
            "quarter": 4,
            "eps": null,
            "eps_growth_year": null,
            "eps_4q": null,
            "eps_4q_growth_year": null,
            "roe": null,
            "roe_4q": 0,
            "gross_profit": null,
            "gross_margin": null,
            "gross_margin_4q_avg": 0,
            "net_income": null,
            "net_income_4q": null,
            "revenue": null,
            "revenue_4q": null,
            "common_shares": 1003848,
            "book_valuer_per_share": 24.24,
            "book_valuer_per_share_4q_avg": 6.06,
            "equity": 2443027,
            "current_ratio": 294.39,
            "debt_ratio": 28.2,
            "inventory_turnover_ratio": null,
            "account_receivable_turnover_ratio": null,
            "reinvestment_rate": null,
            "research_to_sale_ratio": null,
            "price_fair": 0,
            "eps_avg_yearly": 0,
            "eps_latest_yearly": 0,
            "eps_growth_yearly": 0
        },
        "20071": {
            "year_quarter": 20071,
            "year": 2007,
            "quarter": 1,
            "eps": null,
            "eps_growth_year": null,
            "eps_4q": null,
            "eps_4q_growth_year": null,
            "roe": null,
            "roe_4q": 0,
            "gross_profit": null,
            "gross_margin": null,
            "gross_margin_4q_avg": 0,
            "net_income": null,
            "net_income_4q": null,
            "revenue": null,
            "revenue_4q": null,
            "common_shares": null,
            "book_valuer_per_share": null,
            "book_valuer_per_share_4q_avg": 6.06,
            "equity": null,
            "current_ratio": null,
            "debt_ratio": null,
            "inventory_turnover_ratio": null,
            "account_receivable_turnover_ratio": null,
            "reinvestment_rate": null,
            "research_to_sale_ratio": null,
            "price_fair": 0,
            "eps_avg_yearly": 0,
            "eps_latest_yearly": 0,
            "eps_growth_yearly": 0
        },
        "20072": {
            "year_quarter": 20072,
            "year": 2007,
            "quarter": 2,
            "eps": null,
            "eps_growth_year": null,
            "eps_4q": null,
            "eps_4q_growth_year": null,
            "roe": null,
            "roe_4q": 0,
            "gross_profit": null,
            "gross_margin": null,
            "gross_margin_4q_avg": 0,
            "net_income": null,
            "net_income_4q": null,
            "revenue": null,
            "revenue_4q": null,
            "common_shares": null,
            "book_valuer_per_share": null,
            "book_valuer_per_share_4q_avg": 6.06,
            "equity": null,
            "current_ratio": null,
            "debt_ratio": null,
            "inventory_turnover_ratio": null,
            "account_receivable_turnover_ratio": null,
            "reinvestment_rate": null,
            "research_to_sale_ratio": null,
            "price_fair": 0,
            "eps_avg_yearly": 0,
            "eps_latest_yearly": 0,
            "eps_growth_yearly": 0
        },
        "20073": {
            "year_quarter": 20073,
            "year": 2007,
            "quarter": 3,
            "eps": null,
            "eps_growth_year": null,
            "eps_4q": null,
            "eps_4q_growth_year": null,
            "roe": null,
            "roe_4q": 0,
            "gross_profit": null,
            "gross_margin": null,
            "gross_margin_4q_avg": 0,
            "net_income": null,
            "net_income_4q": null,
            "revenue": null,
            "revenue_4q": null,
            "common_shares": null,
            "book_valuer_per_share": null,
            "book_valuer_per_share_4q_avg": 6.06,
            "equity": null,
            "current_ratio": null,
            "debt_ratio": null,
            "inventory_turnover_ratio": null,
            "account_receivable_turnover_ratio": null,
            "reinvestment_rate": null,
            "research_to_sale_ratio": null,
            "price_fair": 0,
            "eps_avg_yearly": 0,
            "eps_latest_yearly": 0,
            "eps_growth_yearly": 0
        },
        "20074": {
            "year_quarter": 20074,
            "year": 2007,
            "quarter": 4,
            "eps": null,
            "eps_growth_year": null,
            "eps_4q": null,
            "eps_4q_growth_year": null,
            "roe": null,
            "roe_4q": 0,
            "gross_profit": null,
            "gross_margin": null,
            "gross_margin_4q_avg": 0,
            "net_income": null,
            "net_income_4q": null,
            "revenue": null,
            "revenue_4q": null,
            "common_shares": 1001695,
            "book_valuer_per_share": 26.8,
            "book_valuer_per_share_4q_avg": 6.7,
            "equity": 2684889,
            "current_ratio": 70.63,
            "debt_ratio": 64.11,
            "inventory_turnover_ratio": null,
            "account_receivable_turnover_ratio": null,
            "reinvestment_rate": null,
            "research_to_sale_ratio": null,
            "price_fair": 0,
            "eps_avg_yearly": 0,
            "eps_latest_yearly": 0,
            "eps_growth_yearly": 0
        },
        "20081": {
            "year_quarter": 20081,
            "year": 2008,
            "quarter": 1,
            "eps": null,
            "eps_growth_year": null,
            "eps_4q": null,
            "eps_4q_growth_year": null,
            "roe": null,
            "roe_4q": 0,
            "gross_profit": null,
            "gross_margin": null,
            "gross_margin_4q_avg": 0,
            "net_income": null,
            "net_income_4q": null,
            "revenue": null,
            "revenue_4q": null,
            "common_shares": null,
            "book_valuer_per_share": null,
            "book_valuer_per_share_4q_avg": 6.7,
            "equity": null,
            "current_ratio": null,
            "debt_ratio": null,
            "inventory_turnover_ratio": null,
            "account_receivable_turnover_ratio": null,
            "reinvestment_rate": null,
            "research_to_sale_ratio": null,
            "price_fair": 0,
            "eps_avg_yearly": 0,
            "eps_latest_yearly": 0,
            "eps_growth_yearly": 0
        },
        "20082": {
            "year_quarter": 20082,
            "year": 2008,
            "quarter": 2,
            "eps": null,
            "eps_growth_year": null,
            "eps_4q": null,
            "eps_4q_growth_year": null,
            "roe": null,
            "roe_4q": 0,
            "gross_profit": null,
            "gross_margin": null,
            "gross_margin_4q_avg": 0,
            "net_income": null,
            "net_income_4q": null,
            "revenue": null,
            "revenue_4q": null,
            "common_shares": null,
            "book_valuer_per_share": null,
            "book_valuer_per_share_4q_avg": 6.7,
            "equity": null,
            "current_ratio": null,
            "debt_ratio": null,
            "inventory_turnover_ratio": null,
            "account_receivable_turnover_ratio": null,
            "reinvestment_rate": null,
            "research_to_sale_ratio": null,
            "price_fair": 0,
            "eps_avg_yearly": 0,
            "eps_latest_yearly": 0,
            "eps_growth_yearly": 0
        },
        "20083": {
            "year_quarter": 20083,
            "year": 2008,
            "quarter": 3,
            "eps": null,
            "eps_growth_year": null,
            "eps_4q": null,
            "eps_4q_growth_year": null,
            "roe": null,
            "roe_4q": 0,
            "gross_profit": null,
            "gross_margin": null,
            "gross_margin_4q_avg": 0,
            "net_income": null,
            "net_income_4q": null,
            "revenue": null,
            "revenue_4q": null,
            "common_shares": null,
            "book_valuer_per_share": null,
            "book_valuer_per_share_4q_avg": 6.7,
            "equity": null,
            "current_ratio": null,
            "debt_ratio": null,
            "inventory_turnover_ratio": null,
            "account_receivable_turnover_ratio": null,
            "reinvestment_rate": null,
            "research_to_sale_ratio": null,
            "price_fair": 0,
            "eps_avg_yearly": 0,
            "eps_latest_yearly": 0,
            "eps_growth_yearly": 0
        },
        "20084": {
            "year_quarter": 20084,
            "year": 2008,
            "quarter": 4,
            "eps": null,
            "eps_growth_year": null,
            "eps_4q": null,
            "eps_4q_growth_year": null,
            "roe": null,
            "roe_4q": 0,
            "gross_profit": null,
            "gross_margin": null,
            "gross_margin_4q_avg": 0,
            "net_income": null,
            "net_income_4q": null,
            "revenue": null,
            "revenue_4q": null,
            "common_shares": 1011097,
            "book_valuer_per_share": 32.07,
            "book_valuer_per_share_4q_avg": 8.02,
            "equity": 3242206,
            "current_ratio": 47.88,
            "debt_ratio": 62.15,
            "inventory_turnover_ratio": null,
            "account_receivable_turnover_ratio": null,
            "reinvestment_rate": null,
            "research_to_sale_ratio": null,
            "price_fair": 0,
            "eps_avg_yearly": 0,
            "eps_latest_yearly": 0,
            "eps_growth_yearly": 0
        },
        "20091": {
            "year_quarter": 20091,
            "year": 2009,
            "quarter": 1,
            "eps": null,
            "eps_growth_year": null,
            "eps_4q": null,
            "eps_4q_growth_year": null,
            "roe": null,
            "roe_4q": 0,
            "gross_profit": null,
            "gross_margin": null,
            "gross_margin_4q_avg": 0,
            "net_income": null,
            "net_income_4q": null,
            "revenue": null,
            "revenue_4q": null,
            "common_shares": null,
            "book_valuer_per_share": null,
            "book_valuer_per_share_4q_avg": 8.02,
            "equity": null,
            "current_ratio": null,
            "debt_ratio": null,
            "inventory_turnover_ratio": null,
            "account_receivable_turnover_ratio": null,
            "reinvestment_rate": null,
            "research_to_sale_ratio": null,
            "price_fair": 0,
            "eps_avg_yearly": 0,
            "eps_latest_yearly": 0,
            "eps_growth_yearly": 0
        },
        "20092": {
            "year_quarter": 20092,
            "year": 2009,
            "quarter": 2,
            "eps": null,
            "eps_growth_year": null,
            "eps_4q": null,
            "eps_4q_growth_year": null,
            "roe": null,
            "roe_4q": 0,
            "gross_profit": null,
            "gross_margin": null,
            "gross_margin_4q_avg": 0,
            "net_income": null,
            "net_income_4q": null,
            "revenue": null,
            "revenue_4q": null,
            "common_shares": 1011406,
            "book_valuer_per_share": null,
            "book_valuer_per_share_4q_avg": 8.02,
            "equity": 3899993,
            "current_ratio": null,
            "debt_ratio": null,
            "inventory_turnover_ratio": null,
            "account_receivable_turnover_ratio": null,
            "reinvestment_rate": null,
            "research_to_sale_ratio": null,
            "price_fair": 0,
            "eps_avg_yearly": 0,
            "eps_latest_yearly": 0,
            "eps_growth_yearly": 0
        },
        "20093": {
            "year_quarter": 20093,
            "year": 2009,
            "quarter": 3,
            "eps": 3.99,
            "eps_growth_year": null,
            "eps_4q": null,
            "eps_4q_growth_year": null,
            "roe": 16.88,
            "roe_4q": 16.88,
            "gross_profit": 1231308,
            "gross_margin": 23.66,
            "gross_margin_4q_avg": 5.92,
            "net_income": 714168,
            "net_income_4q": null,
            "revenue": 5204159,
            "revenue_4q": null,
            "common_shares": 992602,
            "book_valuer_per_share": 45.72,
            "book_valuer_per_share_4q_avg": 19.45,
            "equity": 4562542,
            "current_ratio": 91.79,
            "debt_ratio": 55.09,
            "inventory_turnover_ratio": 4.43,
            "account_receivable_turnover_ratio": 6.43,
            "reinvestment_rate": null,
            "research_to_sale_ratio": null,
            "price_fair": 0,
            "eps_avg_yearly": 0,
            "eps_latest_yearly": 0,
            "eps_growth_yearly": 0
        },
        "20094": {
            "year_quarter": 20094,
            "year": 2009,
            "quarter": 4,
            "eps": 4.31,
            "eps_growth_year": null,
            "eps_4q": null,
            "eps_4q_growth_year": null,
            "roe": 15.56,
            "roe_4q": 32.44,
            "gross_profit": 1350557,
            "gross_margin": 25.51,
            "gross_margin_4q_avg": 12.29,
            "net_income": 768730,
            "net_income_4q": null,
            "revenue": 5295245,
            "revenue_4q": null,
            "common_shares": 987361,
            "book_valuer_per_share": 53.7,
            "book_valuer_per_share_4q_avg": 24.86,
            "equity": 5319834,
            "current_ratio": 84.67,
            "debt_ratio": 51.59,
            "inventory_turnover_ratio": 4.01,
            "account_receivable_turnover_ratio": 7.05,
            "reinvestment_rate": null,
            "research_to_sale_ratio": null,
            "price_fair": 603.4,
            "eps_avg_yearly": 17.24,
            "eps_latest_yearly": 17.24,
            "eps_growth_yearly": 32.08
        },
        "20101": {
            "year_quarter": 20101,
            "year": 2010,
            "quarter": 1,
            "eps": null,
            "eps_growth_year": null,
            "eps_4q": null,
            "eps_4q_growth_year": null,
            "roe": null,
            "roe_4q": 32.44,
            "gross_profit": 931728,
            "gross_margin": null,
            "gross_margin_4q_avg": 12.29,
            "net_income": 325814,
            "net_income_4q": null,
            "revenue": 5082216,
            "revenue_4q": null,
            "common_shares": 1800000,
            "book_valuer_per_share": 31.13,
            "book_valuer_per_share_4q_avg": 32.64,
            "equity": 5615264,
            "current_ratio": 61.24,
            "debt_ratio": 60.78,
            "inventory_turnover_ratio": null,
            "account_receivable_turnover_ratio": null,
            "reinvestment_rate": null,
            "research_to_sale_ratio": null,
            "price_fair": 603.4,
            "eps_avg_yearly": 17.24,
            "eps_latest_yearly": 17.24,
            "eps_growth_yearly": 32.08
        },
        "20102": {
            "year_quarter": 20102,
            "year": 2010,
            "quarter": 2,
            "eps": 5.77,
            "eps_growth_year": null,
            "eps_4q": 13.39,
            "eps_4q_growth_year": null,
            "roe": 20.2,
            "roe_4q": 52.64,
            "gross_profit": 2228117,
            "gross_margin": 21.2,
            "gross_margin_4q_avg": 17.59,
            "net_income": 1131149,
            "net_income_4q": null,
            "revenue": 10507861,
            "revenue_4q": null,
            "common_shares": 1800000,
            "book_valuer_per_share": 30.88,
            "book_valuer_per_share_4q_avg": 40.36,
            "equity": 5586486,
            "current_ratio": 54.18,
            "debt_ratio": 72.79,
            "inventory_turnover_ratio": 5.09,
            "account_receivable_turnover_ratio": 6.48,
            "reinvestment_rate": null,
            "research_to_sale_ratio": null,
            "price_fair": 603.4,
            "eps_avg_yearly": 17.24,
            "eps_latest_yearly": 17.24,
            "eps_growth_yearly": 32.08
        },
        "20103": {
            "year_quarter": 20103,
            "year": 2010,
            "quarter": 3,
            "eps": 5.76,
            "eps_growth_year": 44.48,
            "eps_4q": 15.49,
            "eps_4q_growth_year": null,
            "roe": 18.17,
            "roe_4q": 53.93000000000001,
            "gross_profit": 2457318,
            "gross_margin": 14.28,
            "gross_margin_4q_avg": 15.25,
            "net_income": 1126398,
            "net_income_4q": null,
            "revenue": 17212509,
            "revenue_4q": null,
            "common_shares": 1960675,
            "book_valuer_per_share": 34.75,
            "book_valuer_per_share_4q_avg": 37.62,
            "equity": 6814315,
            "current_ratio": 63.7,
            "debt_ratio": 76.26,
            "inventory_turnover_ratio": 5.77,
            "account_receivable_turnover_ratio": 3.92,
            "reinvestment_rate": null,
            "research_to_sale_ratio": 2.42,
            "price_fair": 517.47,
            "eps_avg_yearly": 20.14,
            "eps_latest_yearly": 23.04,
            "eps_growth_yearly": 15.69
        },
        "20104": {
            "year_quarter": 20104,
            "year": 2010,
            "quarter": 4,
            "eps": 9.66,
            "eps_growth_year": 124.18,
            "eps_4q": 19.75,
            "eps_4q_growth_year": null,
            "roe": 20.04,
            "roe_4q": 58.41,
            "gross_profit": 4399864,
            "gross_margin": 16.42,
            "gross_margin_4q_avg": 12.98,
            "net_income": 2164518,
            "net_income_4q": null,
            "revenue": 26796167,
            "revenue_4q": null,
            "common_shares": 2240675,
            "book_valuer_per_share": 66.02,
            "book_valuer_per_share_4q_avg": 40.7,
            "equity": 14792958,
            "current_ratio": 95.08,
            "debt_ratio": 64.72,
            "inventory_turnover_ratio": 7.4,
            "account_receivable_turnover_ratio": 3.06,
            "reinvestment_rate": null,
            "research_to_sale_ratio": 1.93,
            "price_fair": 920.73,
            "eps_avg_yearly": 26.31,
            "eps_latest_yearly": 38.64,
            "eps_growth_yearly": 100.74
        },
        "20111": {
            "year_quarter": 20111,
            "year": 2011,
            "quarter": 1,
            "eps": 11.02,
            "eps_growth_year": null,
            "eps_4q": 30.78,
            "eps_4q_growth_year": null,
            "roe": 15.25,
            "roe_4q": 73.66,
            "gross_profit": 4778739,
            "gross_margin": 18.87,
            "gross_margin_4q_avg": 17.69,
            "net_income": 2469624,
            "net_income_4q": null,
            "revenue": 25323621,
            "revenue_4q": null,
            "common_shares": 2240675,
            "book_valuer_per_share": 78.56,
            "book_valuer_per_share_4q_avg": 52.55,
            "equity": 17603525,
            "current_ratio": 90.99,
            "debt_ratio": 65.12,
            "inventory_turnover_ratio": 4.48,
            "account_receivable_turnover_ratio": 2.05,
            "reinvestment_rate": null,
            "research_to_sale_ratio": 2.66,
            "price_fair": 1076.25,
            "eps_avg_yearly": 30.75,
            "eps_latest_yearly": 44.08,
            "eps_growth_yearly": 89.63
        },
        "20112": {
            "year_quarter": 20112,
            "year": 2011,
            "quarter": 2,
            "eps": 15.79,
            "eps_growth_year": 173.69,
            "eps_4q": 40.29,
            "eps_4q_growth_year": 200.89,
            "roe": 18.37,
            "roe_4q": 71.83000000000001,
            "gross_profit": 6189667,
            "gross_margin": 19.03,
            "gross_margin_4q_avg": 17.15,
            "net_income": 3694884,
            "net_income_4q": null,
            "revenue": 32525288,
            "revenue_4q": null,
            "common_shares": 2240675,
            "book_valuer_per_share": 99.99,
            "book_valuer_per_share_4q_avg": 69.83,
            "equity": 22629916,
            "current_ratio": 115.09,
            "debt_ratio": 71.33,
            "inventory_turnover_ratio": 3.81,
            "account_receivable_turnover_ratio": 3.7,
            "reinvestment_rate": null,
            "research_to_sale_ratio": 2.27,
            "price_fair": 1303.12,
            "eps_avg_yearly": 37.23,
            "eps_latest_yearly": 63.16,
            "eps_growth_yearly": 106.33
        },
        "20113": {
            "year_quarter": 20113,
            "year": 2011,
            "quarter": 3,
            "eps": 15.41,
            "eps_growth_year": 167.34,
            "eps_4q": 50.9,
            "eps_4q_growth_year": 228.52,
            "roe": 14.27,
            "roe_4q": 67.93,
            "gross_profit": 6921191,
            "gross_margin": 17.28,
            "gross_margin_4q_avg": 17.9,
            "net_income": 3587349,
            "net_income_4q": null,
            "revenue": 40044968,
            "revenue_4q": null,
            "common_shares": 2352709,
            "book_valuer_per_share": 116.63,
            "book_valuer_per_share_4q_avg": 90.3,
            "equity": 27635537,
            "current_ratio": 100.88,
            "debt_ratio": 69.55,
            "inventory_turnover_ratio": 3.43,
            "account_receivable_turnover_ratio": 8.39,
            "reinvestment_rate": null,
            "research_to_sale_ratio": 2.61,
            "price_fair": 1445.5,
            "eps_avg_yearly": 41.3,
            "eps_latest_yearly": 61.64,
            "eps_growth_yearly": 87.01
        },
        "20114": {
            "year_quarter": 20114,
            "year": 2011,
            "quarter": 4,
            "eps": 6.52,
            "eps_growth_year": -32.53,
            "eps_4q": 48.22,
            "eps_4q_growth_year": 144.08,
            "roe": 5.18,
            "roe_4q": 53.07,
            "gross_profit": 6303097,
            "gross_margin": 13.86,
            "gross_margin_4q_avg": 17.26,
            "net_income": 1475522,
            "net_income_4q": null,
            "revenue": 45477740,
            "revenue_4q": null,
            "common_shares": 2352709,
            "book_valuer_per_share": 124.21,
            "book_valuer_per_share_4q_avg": 104.85,
            "equity": 29362561,
            "current_ratio": 95.71,
            "debt_ratio": 68.41,
            "inventory_turnover_ratio": 3.33,
            "account_receivable_turnover_ratio": 7.25,
            "reinvestment_rate": null,
            "research_to_sale_ratio": 2.27,
            "price_fair": 1369.4,
            "eps_avg_yearly": 39.13,
            "eps_latest_yearly": 26.08,
            "eps_growth_yearly": 41.61
        },
        "20121": {
            "year_quarter": 20121,
            "year": 2012,
            "quarter": 1,
            "eps": 11.15,
            "eps_growth_year": 1.18,
            "eps_4q": 48.87,
            "eps_4q_growth_year": 58.8,
            "roe": 8.55,
            "roe_4q": 46.370000000000005,
            "gross_profit": 5711784,
            "gross_margin": 14.11,
            "gross_margin_4q_avg": 16.07,
            "net_income": 2596957,
            "net_income_4q": null,
            "revenue": 40476013,
            "revenue_4q": null,
            "common_shares": 2352709,
            "book_valuer_per_share": 133.07,
            "book_valuer_per_share_4q_avg": 118.48,
            "equity": 31419630,
            "current_ratio": 98.93,
            "debt_ratio": 65.05,
            "inventory_turnover_ratio": 2.9,
            "account_receivable_turnover_ratio": 5.94,
            "reinvestment_rate": null,
            "research_to_sale_ratio": 2.46,
            "price_fair": 1393.35,
            "eps_avg_yearly": 39.81,
            "eps_latest_yearly": 44.6,
            "eps_growth_yearly": 71.92
        },
        "20122": {
            "year_quarter": 20122,
            "year": 2012,
            "quarter": 2,
            "eps": 9.52,
            "eps_growth_year": -39.71,
            "eps_4q": 34.7,
            "eps_4q_growth_year": -13.88,
            "roe": 9.58,
            "roe_4q": 37.58,
            "gross_profit": 6022004,
            "gross_margin": 16.69,
            "gross_margin_4q_avg": 15.49,
            "net_income": 2958217,
            "net_income_4q": null,
            "revenue": 36081478,
            "revenue_4q": null,
            "common_shares": 2385499,
            "book_valuer_per_share": 126.19,
            "book_valuer_per_share_4q_avg": 125.03,
            "equity": 30323397,
            "current_ratio": 91.55,
            "debt_ratio": 66.17,
            "inventory_turnover_ratio": 2.91,
            "account_receivable_turnover_ratio": 6.47,
            "reinvestment_rate": null,
            "research_to_sale_ratio": 2.88,
            "price_fair": 1386.62,
            "eps_avg_yearly": 39.62,
            "eps_latest_yearly": 38.08,
            "eps_growth_yearly": 57.43
        },
        "20123": {
            "year_quarter": 20123,
            "year": 2012,
            "quarter": 3,
            "eps": 9.81,
            "eps_growth_year": -36.35,
            "eps_4q": 32.76,
            "eps_4q_growth_year": -35.64,
            "roe": 10.06,
            "roe_4q": 33.370000000000005,
            "gross_profit": 6384151,
            "gross_margin": 17.92,
            "gross_margin_4q_avg": 15.65,
            "net_income": 3204856,
            "net_income_4q": null,
            "revenue": 35625534,
            "revenue_4q": null,
            "common_shares": 3093572,
            "book_valuer_per_share": 105.78,
            "book_valuer_per_share_4q_avg": 122.31,
            "equity": 33386811,
            "current_ratio": 97.79,
            "debt_ratio": 66.82,
            "inventory_turnover_ratio": 2.51,
            "account_receivable_turnover_ratio": 4.07,
            "reinvestment_rate": null,
            "research_to_sale_ratio": 3.54,
            "price_fair": 1385.3,
            "eps_avg_yearly": 39.58,
            "eps_latest_yearly": 39.24,
            "eps_growth_yearly": 52.9
        },
        "20124": {
            "year_quarter": 20124,
            "year": 2012,
            "quarter": 4,
            "eps": 15.94,
            "eps_growth_year": 144.53,
            "eps_4q": 42.23,
            "eps_4q_growth_year": -12.41,
            "roe": 14.07,
            "roe_4q": 42.260000000000005,
            "gross_profit": 11499217,
            "gross_margin": 18.71,
            "gross_margin_4q_avg": 16.86,
            "net_income": 5598679,
            "net_income_4q": null,
            "revenue": 61476361,
            "revenue_4q": null,
            "common_shares": 3271352,
            "book_valuer_per_share": 139.32,
            "book_valuer_per_share_4q_avg": 126.09,
            "equity": 46215167,
            "current_ratio": 121.6,
            "debt_ratio": 64.82,
            "inventory_turnover_ratio": 3.47,
            "account_receivable_turnover_ratio": 3.07,
            "reinvestment_rate": null,
            "research_to_sale_ratio": 2.19,
            "price_fair": 1462.24,
            "eps_avg_yearly": 41.78,
            "eps_latest_yearly": 63.76,
            "eps_growth_yearly": 70.82
        },
        "20131": {
            "year_quarter": 20131,
            "year": 2013,
            "quarter": 1,
            "eps": 14.19,
            "eps_growth_year": 27.26,
            "eps_4q": 48.4,
            "eps_4q_growth_year": -0.98,
            "roe": 10.04,
            "roe_4q": 43.75,
            "gross_profit": 8777879,
            "gross_margin": 17.76,
            "gross_margin_4q_avg": 17.77,
            "net_income": 4769579,
            "net_income_4q": null,
            "revenue": 49433013,
            "revenue_4q": null,
            "common_shares": 3271802,
            "book_valuer_per_share": 146.93,
            "book_valuer_per_share_4q_avg": 129.56,
            "equity": 48776482,
            "current_ratio": 119.17,
            "debt_ratio": 62.01,
            "inventory_turnover_ratio": 2.89,
            "account_receivable_turnover_ratio": 2.1,
            "reinvestment_rate": null,
            "research_to_sale_ratio": 2.4,
            "price_fair": 1505.93,
            "eps_avg_yearly": 43.03,
            "eps_latest_yearly": 56.76,
            "eps_growth_yearly": 61.26
        },
        "20132": {
            "year_quarter": 20132,
            "year": 2013,
            "quarter": 2,
            "eps": 9.59,
            "eps_growth_year": 0.75,
            "eps_4q": 48.79,
            "eps_4q_growth_year": 40.61,
            "roe": 6.86,
            "roe_4q": 41.03,
            "gross_profit": 5463262,
            "gross_margin": 14.27,
            "gross_margin_4q_avg": 17.17,
            "net_income": 3224174,
            "net_income_4q": null,
            "revenue": 38284651,
            "revenue_4q": null,
            "common_shares": 3286008,
            "book_valuer_per_share": 135.98,
            "book_valuer_per_share_4q_avg": 132,
            "equity": 45290802,
            "current_ratio": 91.18,
            "debt_ratio": 66.31,
            "inventory_turnover_ratio": 2.82,
            "account_receivable_turnover_ratio": 2.14,
            "reinvestment_rate": 126.46,
            "research_to_sale_ratio": 3.87,
            "price_fair": 1493.37,
            "eps_avg_yearly": 42.67,
            "eps_latest_yearly": 38.36,
            "eps_growth_yearly": 46.57
        },
        "20133": {
            "year_quarter": 20133,
            "year": 2013,
            "quarter": 3,
            "eps": 3.08,
            "eps_growth_year": -68.6,
            "eps_4q": 42.57,
            "eps_4q_growth_year": 29.95,
            "roe": 2.41,
            "roe_4q": 33.379999999999995,
            "gross_profit": 3664199,
            "gross_margin": 12.44,
            "gross_margin_4q_avg": 15.8,
            "net_income": 1098347,
            "net_income_4q": null,
            "revenue": 29466587,
            "revenue_4q": null,
            "common_shares": 3291017,
            "book_valuer_per_share": 137.53,
            "book_valuer_per_share_4q_avg": 139.94,
            "equity": 45946644,
            "current_ratio": 93.16,
            "debt_ratio": 68.32,
            "inventory_turnover_ratio": 2.36,
            "account_receivable_turnover_ratio": 2.19,
            "reinvestment_rate": 129.8,
            "research_to_sale_ratio": 4.75,
            "price_fair": 1370.87,
            "eps_avg_yearly": 40.5,
            "eps_latest_yearly": 12.32,
            "eps_growth_yearly": 23.85
        },
        "20134": {
            "year_quarter": 20134,
            "year": 2013,
            "quarter": 4,
            "eps": -4.88,
            "eps_growth_year": -130.62,
            "eps_4q": 21.83,
            "eps_4q_growth_year": -48.31,
            "roe": -3.25,
            "roe_4q": 16.06,
            "gross_profit": 3025193,
            "gross_margin": 7.22,
            "gross_margin_4q_avg": 12.92,
            "net_income": -1477533,
            "net_income_4q": null,
            "revenue": 41883188,
            "revenue_4q": null,
            "common_shares": 3292887,
            "book_valuer_per_share": 133.53,
            "book_valuer_per_share_4q_avg": 138.49,
            "equity": 44876844,
            "current_ratio": 91.42,
            "debt_ratio": 70.32,
            "inventory_turnover_ratio": 3.69,
            "account_receivable_turnover_ratio": 3.34,
            "reinvestment_rate": 136.32,
            "research_to_sale_ratio": 3.22,
            "price_fair": 1404.65,
            "eps_avg_yearly": 42.29,
            "eps_latest_yearly": 12.32,
            "eps_growth_yearly": 23.22
        },
        "20141": {
            "year_quarter": 20141,
            "year": 2014,
            "quarter": 1,
            "eps": 0.39,
            "eps_growth_year": -97.25,
            "eps_4q": 8.12,
            "eps_4q_growth_year": -83.23,
            "roe": 0.37,
            "roe_4q": 6.390000000000001,
            "gross_profit": 2668775,
            "gross_margin": 10.03,
            "gross_margin_4q_avg": 10.99,
            "net_income": 169322,
            "net_income_4q": null,
            "revenue": 26618446,
            "revenue_4q": null,
            "common_shares": 3295347,
            "book_valuer_per_share": 136.6,
            "book_valuer_per_share_4q_avg": 135.91,
            "equity": 45975062,
            "current_ratio": 86.77,
            "debt_ratio": 69.11,
            "inventory_turnover_ratio": 3.07,
            "account_receivable_turnover_ratio": 2.26,
            "reinvestment_rate": 135.57,
            "research_to_sale_ratio": 4.23,
            "price_fair": 1404.65,
            "eps_avg_yearly": 42.29,
            "eps_latest_yearly": 12.32,
            "eps_growth_yearly": 23.22
        },
        "20142": {
            "year_quarter": 20142,
            "year": 2014,
            "quarter": 2,
            "eps": 0.98,
            "eps_growth_year": -89.78,
            "eps_4q": -0.43,
            "eps_4q_growth_year": -100.88,
            "roe": 0.85,
            "roe_4q": 0.3799999999999999,
            "gross_profit": 2738144,
            "gross_margin": 8.92,
            "gross_margin_4q_avg": 9.65,
            "net_income": 382715,
            "net_income_4q": null,
            "revenue": 30704099,
            "revenue_4q": null,
            "common_shares": 3307358,
            "book_valuer_per_share": 130.3,
            "book_valuer_per_share_4q_avg": 134.49,
            "equity": 43683629,
            "current_ratio": 81.25,
            "debt_ratio": 68.79,
            "inventory_turnover_ratio": 3.79,
            "account_receivable_turnover_ratio": 2.84,
            "reinvestment_rate": 128.33,
            "research_to_sale_ratio": 4.49,
            "price_fair": 1384.2,
            "eps_avg_yearly": 39.55,
            "eps_latest_yearly": 3.92,
            "eps_growth_yearly": 64.78
        },
        "20143": {
            "year_quarter": 20143,
            "year": 2014,
            "quarter": 3,
            "eps": -0.73,
            "eps_growth_year": -123.7,
            "eps_4q": -4.22,
            "eps_4q_growth_year": -109.91,
            "roe": -0.38,
            "roe_4q": -2.41,
            "gross_profit": 2167955,
            "gross_margin": 6.65,
            "gross_margin_4q_avg": 8.21,
            "net_income": -166847,
            "net_income_4q": null,
            "revenue": 32613450,
            "revenue_4q": null,
            "common_shares": 3311358,
            "book_valuer_per_share": 131.78,
            "book_valuer_per_share_4q_avg": 133.05,
            "equity": 44314060,
            "current_ratio": 79.82,
            "debt_ratio": 69.42,
            "inventory_turnover_ratio": 3.9,
            "account_receivable_turnover_ratio": 2.31,
            "reinvestment_rate": 132.56,
            "research_to_sale_ratio": 3.59,
            "price_fair": 1428.65,
            "eps_avg_yearly": 40.82,
            "eps_latest_yearly": 3.92,
            "eps_growth_yearly": 69.82
        },
        "20144": {
            "year_quarter": 20144,
            "year": 2014,
            "quarter": 4,
            "eps": 0.2,
            "eps_growth_year": null,
            "eps_4q": 0.84,
            "eps_4q_growth_year": -96.17,
            "roe": 0.4,
            "roe_4q": 1.24,
            "gross_profit": 2906859,
            "gross_margin": 7.34,
            "gross_margin_4q_avg": 8.24,
            "net_income": 181792,
            "net_income_4q": null,
            "revenue": 39580924,
            "revenue_4q": null,
            "common_shares": 3312948,
            "book_valuer_per_share": 136.84,
            "book_valuer_per_share_4q_avg": 133.88,
            "equity": 46151384,
            "current_ratio": 78.32,
            "debt_ratio": 69.78,
            "inventory_turnover_ratio": 4.84,
            "account_receivable_turnover_ratio": 2.72,
            "reinvestment_rate": 143.44,
            "research_to_sale_ratio": 3.31,
            "price_fair": 1435,
            "eps_avg_yearly": 41,
            "eps_latest_yearly": 3.92,
            "eps_growth_yearly": 53.07
        },
        "20151": {
            "year_quarter": 20151,
            "year": 2015,
            "quarter": 1,
            "eps": -3.06,
            "eps_growth_year": -884.62,
            "eps_4q": -2.61,
            "eps_4q_growth_year": -132.19,
            "roe": -2.22,
            "roe_4q": -1.35,
            "gross_profit": 1895300,
            "gross_margin": 6.55,
            "gross_margin_4q_avg": 7.37,
            "net_income": -1007408,
            "net_income_4q": null,
            "revenue": 28949360,
            "revenue_4q": null,
            "common_shares": 3313868,
            "book_valuer_per_share": 132.76,
            "book_valuer_per_share_4q_avg": 132.92,
            "equity": 44812559,
            "current_ratio": 76.73,
            "debt_ratio": 68.39,
            "inventory_turnover_ratio": 3.37,
            "account_receivable_turnover_ratio": 2.32,
            "reinvestment_rate": 138.47,
            "research_to_sale_ratio": 1.06,
            "price_fair": 1425.2,
            "eps_avg_yearly": 40.72,
            "eps_latest_yearly": 3.92,
            "eps_growth_yearly": 52.77
        },
        "20152": {
            "year_quarter": 20152,
            "year": 2015,
            "quarter": 2,
            "eps": -1.77,
            "eps_growth_year": -280.61,
            "eps_4q": -5.14,
            "eps_4q_growth_year": null,
            "roe": -1.33,
            "roe_4q": -3.5300000000000002,
            "gross_profit": 501340,
            "gross_margin": 2.11,
            "gross_margin_4q_avg": 5.66,
            "net_income": -615005,
            "net_income_4q": null,
            "revenue": 23741148,
            "revenue_4q": null,
            "common_shares": 3516038,
            "book_valuer_per_share": 134.25,
            "book_valuer_per_share_4q_avg": 133.91,
            "equity": 47634528,
            "current_ratio": 87.51,
            "debt_ratio": 65.95,
            "inventory_turnover_ratio": 2.63,
            "account_receivable_turnover_ratio": 2.1,
            "reinvestment_rate": 110.09,
            "research_to_sale_ratio": 1.04,
            "price_fair": 1346.66,
            "eps_avg_yearly": 38.48,
            "eps_latest_yearly": 3.92,
            "eps_growth_yearly": 40.73
        },
        "20153": {
            "year_quarter": 20153,
            "year": 2015,
            "quarter": 3,
            "eps": -55.15,
            "eps_growth_year": null,
            "eps_4q": -59.6,
            "eps_4q_growth_year": null,
            "roe": -49.66,
            "roe_4q": -52.809999999999995,
            "gross_profit": -11272265,
            "gross_margin": -32.93,
            "gross_margin_4q_avg": -4.23,
            "net_income": -19456972,
            "net_income_4q": null,
            "revenue": 34235346,
            "revenue_4q": null,
            "common_shares": 3516318,
            "book_valuer_per_share": 86.27,
            "book_valuer_per_share_4q_avg": 122.53,
            "equity": 30718525,
            "current_ratio": 88.65,
            "debt_ratio": 76.57,
            "inventory_turnover_ratio": 4.52,
            "account_receivable_turnover_ratio": 2.62,
            "reinvestment_rate": 252.13,
            "research_to_sale_ratio": 1.62,
            "price_fair": 1256.58,
            "eps_avg_yearly": 35.9,
            "eps_latest_yearly": 3.92,
            "eps_growth_yearly": 46.33
        },
        "20154": {
            "year_quarter": 20154,
            "year": 2015,
            "quarter": 4,
            "eps": 2.93,
            "eps_growth_year": 1365.38,
            "eps_4q": -57.69,
            "eps_4q_growth_year": -6998.44,
            "roe": 3.22,
            "roe_4q": -49.989999999999995,
            "gross_profit": 2314410,
            "gross_margin": 6.72,
            "gross_margin_4q_avg": -4.39,
            "net_income": 1003700,
            "net_income_4q": null,
            "revenue": 34437758,
            "revenue_4q": null,
            "common_shares": 3516318,
            "book_valuer_per_share": 89.69,
            "book_valuer_per_share_4q_avg": 110.74,
            "equity": 31526578,
            "current_ratio": 89.21,
            "debt_ratio": 72.64,
            "inventory_turnover_ratio": 3.2,
            "account_receivable_turnover_ratio": 2.56,
            "reinvestment_rate": 37.37,
            "research_to_sale_ratio": 0.63,
            "price_fair": 1299.55,
            "eps_avg_yearly": 37.13,
            "eps_latest_yearly": 3.92,
            "eps_growth_yearly": 80.96
        },
        "20161": {
            "year_quarter": 20161,
            "year": 2016,
            "quarter": 1,
            "eps": 0.15,
            "eps_growth_year": null,
            "eps_4q": -55.2,
            "eps_4q_growth_year": null,
            "roe": 0.05,
            "roe_4q": -47.71999999999999,
            "gross_profit": 990868,
            "gross_margin": 4.67,
            "gross_margin_4q_avg": -4.86,
            "net_income": 15168,
            "net_income_4q": null,
            "revenue": 21239117,
            "revenue_4q": null,
            "common_shares": 3466338,
            "book_valuer_per_share": 88.8,
            "book_valuer_per_share_4q_avg": 99.75,
            "equity": 30883615,
            "current_ratio": 79.6,
            "debt_ratio": 66.29,
            "inventory_turnover_ratio": 2.41,
            "account_receivable_turnover_ratio": 2.23,
            "reinvestment_rate": null,
            "research_to_sale_ratio": 1.03,
            "price_fair": 94.89,
            "eps_avg_yearly": 31.63,
            "eps_latest_yearly": 0.6,
            "eps_growth_yearly": -1.98
        },
        "20162": {
            "year_quarter": 20162,
            "year": 2016,
            "quarter": 2,
            "eps": -7.28,
            "eps_growth_year": null,
            "eps_4q": -60.68,
            "eps_4q_growth_year": null,
            "roe": -8.45,
            "roe_4q": -54.839999999999996,
            "gross_profit": -1588169,
            "gross_margin": -9.3,
            "gross_margin_4q_avg": -7.71,
            "net_income": -2514176,
            "net_income_4q": null,
            "revenue": 17084665,
            "revenue_4q": null,
            "common_shares": 3466338,
            "book_valuer_per_share": 81.86,
            "book_valuer_per_share_4q_avg": 86.66,
            "equity": 28605008,
            "current_ratio": 75.89,
            "debt_ratio": 67.31,
            "inventory_turnover_ratio": 2.55,
            "account_receivable_turnover_ratio": 2.48,
            "reinvestment_rate": null,
            "research_to_sale_ratio": 1.24,
            "price_fair": 494.07,
            "eps_avg_yearly": 30.71,
            "eps_latest_yearly": 0.6,
            "eps_growth_yearly": 6.09
        },
        "20163": {
            "year_quarter": 20163,
            "year": 2016,
            "quarter": 3,
            "eps": 1.99,
            "eps_growth_year": null,
            "eps_4q": -2.18,
            "eps_4q_growth_year": null,
            "roe": 2.42,
            "roe_4q": -2.7599999999999993,
            "gross_profit": 2513894,
            "gross_margin": 9.61,
            "gross_margin_4q_avg": 2.93,
            "net_income": 690319,
            "net_income_4q": null,
            "revenue": 26168554,
            "revenue_4q": null,
            "common_shares": 3466338,
            "book_valuer_per_share": 81.88,
            "book_valuer_per_share_4q_avg": 85.56,
            "equity": 28330809,
            "current_ratio": 81.17,
            "debt_ratio": 68.51,
            "inventory_turnover_ratio": 3.28,
            "account_receivable_turnover_ratio": 3.2,
            "reinvestment_rate": null,
            "research_to_sale_ratio": 0.86,
            "price_fair": 441.44,
            "eps_avg_yearly": 29.29,
            "eps_latest_yearly": 0.6,
            "eps_growth_yearly": 5.07
        },
        "20164": {
            "year_quarter": 20164,
            "year": 2016,
            "quarter": 4,
            "eps": 0.86,
            "eps_growth_year": -70.56,
            "eps_4q": -4.28,
            "eps_4q_growth_year": null,
            "roe": 1.06,
            "roe_4q": -4.919999999999999,
            "gross_profit": 1349687,
            "gross_margin": 5.46,
            "gross_margin_4q_avg": 2.61,
            "net_income": 304722,
            "net_income_4q": null,
            "revenue": 24723948,
            "revenue_4q": null,
            "common_shares": 3466338,
            "book_valuer_per_share": 85.01,
            "book_valuer_per_share_4q_avg": 84.39,
            "equity": 29412199,
            "current_ratio": 84.34,
            "debt_ratio": 66.46,
            "inventory_turnover_ratio": 2.99,
            "account_receivable_turnover_ratio": 2.91,
            "reinvestment_rate": null,
            "research_to_sale_ratio": 1.02,
            "price_fair": 57.7,
            "eps_avg_yearly": 19.23,
            "eps_latest_yearly": 3.44,
            "eps_growth_yearly": -74.44
        },
        "20171": {
            "year_quarter": 20171,
            "year": 2017,
            "quarter": 1,
            "eps": 1.79,
            "eps_growth_year": 1093.33,
            "eps_4q": -2.63,
            "eps_4q_growth_year": null,
            "roe": 2.13,
            "roe_4q": -2.84,
            "gross_profit": 1200321,
            "gross_margin": 5.6,
            "gross_margin_4q_avg": 2.84,
            "net_income": 619261,
            "net_income_4q": null,
            "revenue": 21415430,
            "revenue_4q": null,
            "common_shares": 3466338,
            "book_valuer_per_share": 82.77,
            "book_valuer_per_share_4q_avg": 82.88,
            "equity": 28636936,
            "current_ratio": 88.05,
            "debt_ratio": 64.5,
            "inventory_turnover_ratio": 2.81,
            "account_receivable_turnover_ratio": 3.32,
            "reinvestment_rate": null,
            "research_to_sale_ratio": 0.95,
            "price_fair": 164.18,
            "eps_avg_yearly": 10.97,
            "eps_latest_yearly": 7.16,
            "eps_growth_yearly": 4.97
        },
        "20172": {
            "year_quarter": 20172,
            "year": 2017,
            "quarter": 2,
            "eps": 0.95,
            "eps_growth_year": null,
            "eps_4q": 5.6,
            "eps_4q_growth_year": null,
            "roe": 1.18,
            "roe_4q": 6.789999999999999,
            "gross_profit": 1510149,
            "gross_margin": 6.74,
            "gross_margin_4q_avg": 6.85,
            "net_income": 339961,
            "net_income_4q": null,
            "revenue": 22407087,
            "revenue_4q": null,
            "common_shares": 3466338,
            "book_valuer_per_share": 84.1,
            "book_valuer_per_share_4q_avg": 83.44,
            "equity": 29112360,
            "current_ratio": 98.07,
            "debt_ratio": 62.69,
            "inventory_turnover_ratio": 3.43,
            "account_receivable_turnover_ratio": 3.56,
            "reinvestment_rate": null,
            "research_to_sale_ratio": 0.92,
            "price_fair": 15.62,
            "eps_avg_yearly": 5.21,
            "eps_latest_yearly": 3.8,
            "eps_growth_yearly": -4.7
        },
        "20173": {
            "year_quarter": 20173,
            "year": 2017,
            "quarter": 3,
            "eps": 2.43,
            "eps_growth_year": 22.11,
            "eps_4q": 5.23,
            "eps_4q_growth_year": null,
            "roe": 2.47,
            "roe_4q": 6.84,
            "gross_profit": 2615349,
            "gross_margin": 8.57,
            "gross_margin_4q_avg": 6.59,
            "net_income": 812947,
            "net_income_4q": null,
            "revenue": 30513175,
            "revenue_4q": null,
            "common_shares": 4066338,
            "book_valuer_per_share": 90.73,
            "book_valuer_per_share_4q_avg": 85.65,
            "equity": 36778321,
            "current_ratio": 123.9,
            "debt_ratio": 58.06,
            "inventory_turnover_ratio": 4.27,
            "account_receivable_turnover_ratio": 4.24,
            "reinvestment_rate": null,
            "research_to_sale_ratio": 0.92,
            "price_fair": 167.07,
            "eps_avg_yearly": 4.77,
            "eps_latest_yearly": 9.72,
            "eps_growth_yearly": 144.41
        },
        "20174": {
            "year_quarter": 20174,
            "year": 2017,
            "quarter": 4,
            "eps": 1.45,
            "eps_growth_year": 68.64,
            "eps_4q": 5.91,
            "eps_4q_growth_year": null,
            "roe": 1.66,
            "roe_4q": 7.4399999999999995,
            "gross_profit": 2208728,
            "gross_margin": 6.72,
            "gross_margin_4q_avg": 6.91,
            "net_income": 613867,
            "net_income_4q": null,
            "revenue": 32872790,
            "revenue_4q": null,
            "common_shares": 4066638,
            "book_valuer_per_share": 90.86,
            "book_valuer_per_share_4q_avg": 87.12,
            "equity": 37170619,
            "current_ratio": 132.7,
            "debt_ratio": 55.2,
            "inventory_turnover_ratio": 4.16,
            "account_receivable_turnover_ratio": 5.32,
            "reinvestment_rate": null,
            "research_to_sale_ratio": 0.9,
            "price_fair": 172.2,
            "eps_avg_yearly": 4.92,
            "eps_latest_yearly": 5.8,
            "eps_growth_yearly": 100.74
        },
        "20181": {
            "year_quarter": 20181,
            "year": 2018,
            "quarter": 1,
            "eps": 0.17,
            "eps_growth_year": -90.5,
            "eps_4q": 4.57,
            "eps_4q_growth_year": null,
            "roe": 0.18,
            "roe_4q": 5.49,
            "gross_profit": 1231103,
            "gross_margin": 5.9,
            "gross_margin_4q_avg": 6.98,
            "net_income": 65513,
            "net_income_4q": null,
            "revenue": 20853508,
            "revenue_4q": null,
            "common_shares": 4066638,
            "book_valuer_per_share": 88.83,
            "book_valuer_per_share_4q_avg": 88.63,
            "equity": 36442187,
            "current_ratio": 119.73,
            "debt_ratio": 51.44,
            "inventory_turnover_ratio": 3.04,
            "account_receivable_turnover_ratio": 3.89,
            "reinvestment_rate": null,
            "research_to_sale_ratio": 1.19,
            "price_fair": 153.65,
            "eps_avg_yearly": 4.39,
            "eps_latest_yearly": 0.68,
            "eps_growth_yearly": 44.01
        },
        "20182": {
            "year_quarter": 20182,
            "year": 2018,
            "quarter": 2,
            "eps": -0.56,
            "eps_growth_year": -158.95,
            "eps_4q": 3.2,
            "eps_4q_growth_year": -42.83,
            "roe": -0.53,
            "roe_4q": 3.7800000000000002,
            "gross_profit": 171821,
            "gross_margin": 0.97,
            "gross_margin_4q_avg": 5.54,
            "net_income": -194131,
            "net_income_4q": null,
            "revenue": 17790999,
            "revenue_4q": null,
            "common_shares": 4066638,
            "book_valuer_per_share": 88.99,
            "book_valuer_per_share_4q_avg": 89.85,
            "equity": 36537369,
            "current_ratio": 122.1,
            "debt_ratio": 53.17,
            "inventory_turnover_ratio": 2.88,
            "account_receivable_turnover_ratio": 2.93,
            "reinvestment_rate": null,
            "research_to_sale_ratio": 1.24,
            "price_fair": 13.37,
            "eps_avg_yearly": 4.46,
            "eps_latest_yearly": 0.68,
            "eps_growth_yearly": -36.15
        },
        "20183": {
            "year_quarter": 20183,
            "year": 2018,
            "quarter": 3,
            "eps": 0.47,
            "eps_growth_year": -80.66,
            "eps_4q": 1.53,
            "eps_4q_growth_year": -70.71,
            "roe": 0.63,
            "roe_4q": 1.94,
            "gross_profit": 1237400,
            "gross_margin": 3.84,
            "gross_margin_4q_avg": 4.36,
            "net_income": 229839,
            "net_income_4q": null,
            "revenue": 32192177,
            "revenue_4q": null,
            "common_shares": 4066638,
            "book_valuer_per_share": 89.65,
            "book_valuer_per_share_4q_avg": 89.58,
            "equity": 36745738,
            "current_ratio": 115.72,
            "debt_ratio": 58.61,
            "inventory_turnover_ratio": 3.43,
            "account_receivable_turnover_ratio": 3.98,
            "reinvestment_rate": null,
            "research_to_sale_ratio": 0.8,
            "price_fair": 13.37,
            "eps_avg_yearly": 4.46,
            "eps_latest_yearly": 0.68,
            "eps_growth_yearly": -36.15
        },
        "20184": {
            "year_quarter": 20184,
            "year": 2018,
            "quarter": 4,
            "eps": 0.47,
            "eps_growth_year": -67.49,
            "eps_4q": 0.55,
            "eps_4q_growth_year": -90.69,
            "roe": 0.71,
            "roe_4q": 0.9899999999999998,
            "gross_profit": 1572229,
            "gross_margin": 3.69,
            "gross_margin_4q_avg": 3.6,
            "net_income": 263513,
            "net_income_4q": null,
            "revenue": 42644824,
            "revenue_4q": null,
            "common_shares": 4066638,
            "book_valuer_per_share": 90.72,
            "book_valuer_per_share_4q_avg": 89.55,
            "equity": 37241709,
            "current_ratio": 132.5,
            "debt_ratio": 55.65,
            "inventory_turnover_ratio": 3.69,
            "account_receivable_turnover_ratio": 4.29,
            "reinvestment_rate": null,
            "research_to_sale_ratio": 0.59,
            "price_fair": 12.41,
            "eps_avg_yearly": 4.14,
            "eps_latest_yearly": 1.88,
            "eps_growth_yearly": -31.63
        },
        "20191": {
            "year_quarter": 20191,
            "year": 2019,
            "quarter": 1,
            "eps": 0.06,
            "eps_growth_year": -64.71,
            "eps_4q": 0.44,
            "eps_4q_growth_year": -90.32,
            "roe": 0.18,
            "roe_4q": 0.99,
            "gross_profit": 1212441,
            "gross_margin": 3.89,
            "gross_margin_4q_avg": 3.1,
            "net_income": 67516,
            "net_income_4q": null,
            "revenue": 31156143,
            "revenue_4q": null,
            "common_shares": 4066638,
            "book_valuer_per_share": 91.1,
            "book_valuer_per_share_4q_avg": 90.12,
            "equity": 37449139,
            "current_ratio": 149.41,
            "debt_ratio": 56.62,
            "inventory_turnover_ratio": 3.14,
            "account_receivable_turnover_ratio": 2.75,
            "reinvestment_rate": null,
            "research_to_sale_ratio": 0.88,
            "price_fair": 11.11,
            "eps_avg_yearly": 3.7,
            "eps_latest_yearly": 0.24,
            "eps_growth_yearly": -66.89
        },
        "20192": {
            "year_quarter": 20192,
            "year": 2019,
            "quarter": 2,
            "eps": 0.13,
            "eps_growth_year": null,
            "eps_4q": 1.13,
            "eps_4q_growth_year": -64.57,
            "roe": 0.28,
            "roe_4q": 1.7999999999999998,
            "gross_profit": 1196794,
            "gross_margin": 4.21,
            "gross_margin_4q_avg": 3.91,
            "net_income": 104925,
            "net_income_4q": null,
            "revenue": 28452065,
            "revenue_4q": null,
            "common_shares": 4066638,
            "book_valuer_per_share": 91.72,
            "book_valuer_per_share_4q_avg": 90.8,
            "equity": 37298978,
            "current_ratio": 146.94,
            "debt_ratio": 55.99,
            "inventory_turnover_ratio": 3.56,
            "account_receivable_turnover_ratio": 2.28,
            "reinvestment_rate": null,
            "research_to_sale_ratio": 1.1,
            "price_fair": 10.15,
            "eps_avg_yearly": 3.38,
            "eps_latest_yearly": 0.52,
            "eps_growth_yearly": -13.53
        },
        "20193": {
            "year_quarter": 20193,
            "year": 2019,
            "quarter": 3,
            "eps": 0.56,
            "eps_growth_year": 19.15,
            "eps_4q": 1.23,
            "eps_4q_growth_year": -19.86,
            "roe": 0.61,
            "roe_4q": 1.78,
            "gross_profit": 1682456,
            "gross_margin": 4.2,
            "gross_margin_4q_avg": 4,
            "net_income": 228480,
            "net_income_4q": null,
            "revenue": 40053948,
            "revenue_4q": null,
            "common_shares": 4066638,
            "book_valuer_per_share": 92.09,
            "book_valuer_per_share_4q_avg": 91.41,
            "equity": 37450352,
            "current_ratio": 135.64,
            "debt_ratio": 61.99,
            "inventory_turnover_ratio": 4.87,
            "account_receivable_turnover_ratio": 3.08,
            "reinvestment_rate": -838.09,
            "research_to_sale_ratio": 0.63,
            "price_fair": 114.8,
            "eps_avg_yearly": 3.28,
            "eps_latest_yearly": 2.24,
            "eps_growth_yearly": 107.98
        },
        "20194": {
            "year_quarter": 20194,
            "year": 2019,
            "quarter": 4,
            "eps": -0.24,
            "eps_growth_year": -151.07,
            "eps_4q": 0.51,
            "eps_4q_growth_year": -6.68,
            "roe": -0.27,
            "roe_4q": 0.8,
            "gross_profit": 648188,
            "gross_margin": 1.75,
            "gross_margin_4q_avg": 3.51,
            "net_income": -98182,
            "net_income_4q": null,
            "revenue": 36944539,
            "revenue_4q": null,
            "common_shares": 4066638,
            "book_valuer_per_share": 88.94,
            "book_valuer_per_share_4q_avg": 90.96,
            "equity": 36168710,
            "current_ratio": 154.05,
            "debt_ratio": 57.69,
            "inventory_turnover_ratio": 4.29,
            "account_receivable_turnover_ratio": 2.83,
            "reinvestment_rate": -1669.08,
            "research_to_sale_ratio": 0.78,
            "price_fair": 114.8,
            "eps_avg_yearly": 3.28,
            "eps_latest_yearly": 2.24,
            "eps_growth_yearly": 107.98
        },
        "20201": {
            "year_quarter": 20201,
            "year": 2020,
            "quarter": 1,
            "eps": 0.1,
            "eps_growth_year": 66.67,
            "eps_4q": 0.55,
            "eps_4q_growth_year": 24.78,
            "roe": 0.11,
            "roe_4q": 0.73,
            "gross_profit": 1011479,
            "gross_margin": 3.59,
            "gross_margin_4q_avg": 3.44,
            "net_income": 39667,
            "net_income_4q": null,
            "revenue": 28191732,
            "revenue_4q": null,
            "common_shares": 4066638,
            "book_valuer_per_share": 89.65,
            "book_valuer_per_share_4q_avg": 90.6,
            "equity": 36458548,
            "current_ratio": 141.73,
            "debt_ratio": 61.3,
            "inventory_turnover_ratio": 3.49,
            "account_receivable_turnover_ratio": 2.51,
            "reinvestment_rate": -1597.8,
            "research_to_sale_ratio": 0.7,
            "price_fair": 124.18,
            "eps_avg_yearly": 3.55,
            "eps_latest_yearly": 2.24,
            "eps_growth_yearly": 156.73
        },
        "20202": {
            "year_quarter": 20202,
            "year": 2020,
            "quarter": 2,
            "eps": 0.76,
            "eps_growth_year": 484.62,
            "eps_4q": 1.18,
            "eps_4q_growth_year": 3.54,
            "roe": 0.85,
            "roe_4q": 1.2999999999999998,
            "gross_profit": 1397003,
            "gross_margin": 4.98,
            "gross_margin_4q_avg": 3.63,
            "net_income": 307876,
            "net_income_4q": null,
            "revenue": 28049006,
            "revenue_4q": null,
            "common_shares": 4066638,
            "book_valuer_per_share": 88.76,
            "book_valuer_per_share_4q_avg": 89.86,
            "equity": 36094173,
            "current_ratio": 148.04,
            "debt_ratio": 59.11,
            "inventory_turnover_ratio": 3.42,
            "account_receivable_turnover_ratio": 2.78,
            "reinvestment_rate": -521.84,
            "research_to_sale_ratio": 0.71,
            "price_fair": 122.56,
            "eps_avg_yearly": 3.5,
            "eps_latest_yearly": 3.04,
            "eps_growth_yearly": 382.48
        },
        "20203": {
            "year_quarter": 20203,
            "year": 2020,
            "quarter": 3,
            "eps": 1.09,
            "eps_growth_year": 94.64,
            "eps_4q": 1.7,
            "eps_4q_growth_year": 38.6,
            "roe": 1.22,
            "roe_4q": 1.9099999999999997,
            "gross_profit": 1293523,
            "gross_margin": 3.94,
            "gross_margin_4q_avg": 3.57,
            "net_income": 441366,
            "net_income_4q": null,
            "revenue": 32852392,
            "revenue_4q": null,
            "common_shares": 4066638,
            "book_valuer_per_share": 88.57,
            "book_valuer_per_share_4q_avg": 88.98,
            "equity": 36143890,
            "current_ratio": 152.88,
            "debt_ratio": 60.15,
            "inventory_turnover_ratio": 4.22,
            "account_receivable_turnover_ratio": 2.88,
            "reinvestment_rate": -510.44,
            "research_to_sale_ratio": 0.59,
            "price_fair": 125.07,
            "eps_avg_yearly": 3.57,
            "eps_latest_yearly": 4.36,
            "eps_growth_yearly": 365.08
        },
        "20204": {
            "year_quarter": 20204,
            "year": 2020,
            "quarter": 4,
            "eps": 0.59,
            "eps_growth_year": null,
            "eps_4q": 2.54,
            "eps_4q_growth_year": 393.73,
            "roe": 0.67,
            "roe_4q": 2.85,
            "gross_profit": 1163581,
            "gross_margin": 4.56,
            "gross_margin_4q_avg": 4.27,
            "net_income": 245464,
            "net_income_4q": null,
            "revenue": 25490069,
            "revenue_4q": null,
            "common_shares": 4066638,
            "book_valuer_per_share": 90.2,
            "book_valuer_per_share_4q_avg": 89.3,
            "equity": 36805481,
            "current_ratio": 186.38,
            "debt_ratio": 55.99,
            "inventory_turnover_ratio": 3.21,
            "account_receivable_turnover_ratio": 2.05,
            "reinvestment_rate": -535.48,
            "research_to_sale_ratio": 0.74,
            "price_fair": 121.92,
            "eps_avg_yearly": 3.48,
            "eps_latest_yearly": 2.36,
            "eps_growth_yearly": 368.72
        },
        "20211": {
            "year_quarter": 20211,
            "year": 2021,
            "quarter": 1,
            "eps": 0.86,
            "eps_growth_year": 760,
            "eps_4q": 3.3,
            "eps_4q_growth_year": 498.14,
            "roe": 0.93,
            "roe_4q": 3.6700000000000004,
            "gross_profit": 833814,
            "gross_margin": 2.86,
            "gross_margin_4q_avg": 4.09,
            "net_income": 338811,
            "net_income_4q": null,
            "revenue": 29185510,
            "revenue_4q": null,
            "common_shares": 4066638,
            "book_valuer_per_share": 88.63,
            "book_valuer_per_share_4q_avg": 89.04,
            "equity": 36156134,
            "current_ratio": 152.29,
            "debt_ratio": 61.67,
            "inventory_turnover_ratio": 3.24,
            "account_receivable_turnover_ratio": 2.47,
            "reinvestment_rate": -433.63,
            "research_to_sale_ratio": 0.57,
            "price_fair": 111.07,
            "eps_avg_yearly": 3.17,
            "eps_latest_yearly": 3.44,
            "eps_growth_yearly": 347.92
        },
        "20212": {
            "year_quarter": 20212,
            "year": 2021,
            "quarter": 2,
            "eps": 0.79,
            "eps_growth_year": 3.95,
            "eps_4q": 3.33,
            "eps_4q_growth_year": 183.69,
            "roe": 0.92,
            "roe_4q": 3.74,
            "gross_profit": 974554,
            "gross_margin": 3.96,
            "gross_margin_4q_avg": 3.83,
            "net_income": 330895,
            "net_income_4q": null,
            "revenue": 24588009,
            "revenue_4q": null,
            "common_shares": 4066638,
            "book_valuer_per_share": 88.05,
            "book_valuer_per_share_4q_avg": 88.86,
            "equity": 35925698,
            "current_ratio": 177.6,
            "debt_ratio": 58.55,
            "inventory_turnover_ratio": 2.66,
            "account_receivable_turnover_ratio": 2.31,
            "reinvestment_rate": -501.38,
            "research_to_sale_ratio": 0.69,
            "price_fair": 109.2,
            "eps_avg_yearly": 3.12,
            "eps_latest_yearly": 3.16,
            "eps_growth_yearly": 360.85
        },
        "20213": {
            "year_quarter": 20213,
            "year": 2021,
            "quarter": 3,
            "eps": 0.69,
            "eps_growth_year": -36.7,
            "eps_4q": 2.93,
            "eps_4q_growth_year": 72.2,
            "roe": 0.85,
            "roe_4q": 3.37,
            "gross_profit": 1045117,
            "gross_margin": 4.15,
            "gross_margin_4q_avg": 3.88,
            "net_income": 304236,
            "net_income_4q": null,
            "revenue": 25171159,
            "revenue_4q": null,
            "common_shares": 4066638,
            "book_valuer_per_share": 86.47,
            "book_valuer_per_share_4q_avg": 88.34,
            "equity": 35310574,
            "current_ratio": 170.14,
            "debt_ratio": 59.73,
            "inventory_turnover_ratio": 2.63,
            "account_receivable_turnover_ratio": 2.38,
            "reinvestment_rate": -533,
            "research_to_sale_ratio": 0.67,
            "price_fair": 88.9,
            "eps_avg_yearly": 2.54,
            "eps_latest_yearly": 2.76,
            "eps_growth_yearly": 304.7
        },
        "20214": {
            "year_quarter": 20214,
            "year": 2021,
            "quarter": 4,
            "eps": 0.29,
            "eps_growth_year": -51.04,
            "eps_4q": 2.63,
            "eps_4q_growth_year": 3.62,
            "roe": 0.35,
            "roe_4q": 3.0500000000000003,
            "gross_profit": 914931,
            "gross_margin": 3.79,
            "gross_margin_4q_avg": 3.69,
            "net_income": 123505,
            "net_income_4q": null,
            "revenue": 24144067,
            "revenue_4q": null,
            "common_shares": 4066638,
            "book_valuer_per_share": 86.64,
            "book_valuer_per_share_4q_avg": 87.45,
            "equity": 35385688,
            "current_ratio": 203.03,
            "debt_ratio": 54.51,
            "inventory_turnover_ratio": 2.26,
            "account_receivable_turnover_ratio": 2.09,
            "reinvestment_rate": -577.99,
            "research_to_sale_ratio": 0.74,
            "price_fair": 75.37,
            "eps_avg_yearly": 2.15,
            "eps_latest_yearly": 1.16,
            "eps_growth_yearly": 298.82
        },
        "20221": {
            "year_quarter": 20221,
            "year": 2022,
            "quarter": 1,
            "eps": 0.58,
            "eps_growth_year": -32.56,
            "eps_4q": 2.35,
            "eps_4q_growth_year": -28.91,
            "roe": 0.74,
            "roe_4q": 2.86,
            "gross_profit": 975204,
            "gross_margin": 3.89,
            "gross_margin_4q_avg": 3.95,
            "net_income": 265152,
            "net_income_4q": null,
            "revenue": 25091683,
            "revenue_4q": null,
            "common_shares": 4066638,
            "book_valuer_per_share": 88.96,
            "book_valuer_per_share_4q_avg": 87.53,
            "equity": 36361793,
            "current_ratio": 188.98,
            "debt_ratio": 61.28,
            "inventory_turnover_ratio": 2.32,
            "account_receivable_turnover_ratio": 1.97,
            "reinvestment_rate": -508.01,
            "research_to_sale_ratio": 0.65,
            "price_fair": 80.15,
            "eps_avg_yearly": 2.29,
            "eps_latest_yearly": 2.32,
            "eps_growth_yearly": 361.58
        },
        "20222": {
            "year_quarter": 20222,
            "year": 2022,
            "quarter": 2,
            "eps": 0.16,
            "eps_growth_year": -79.75,
            "eps_4q": 1.72,
            "eps_4q_growth_year": -48.53,
            "roe": 0.22,
            "roe_4q": 2.16,
            "gross_profit": 1047061,
            "gross_margin": 4.69,
            "gross_margin_4q_avg": 4.13,
            "net_income": 81712,
            "net_income_4q": null,
            "revenue": 22336037,
            "revenue_4q": null,
            "common_shares": 4066638,
            "book_valuer_per_share": 88.49,
            "book_valuer_per_share_4q_avg": 87.64,
            "equity": 36303741,
            "current_ratio": 194.29,
            "debt_ratio": 61.2,
            "inventory_turnover_ratio": 1.92,
            "account_receivable_turnover_ratio": 1.75,
            "reinvestment_rate": -475.44,
            "research_to_sale_ratio": 0.79,
            "price_fair": 75.71,
            "eps_avg_yearly": 2.16,
            "eps_latest_yearly": 0.64,
            "eps_growth_yearly": 311.49
        },
        "20223": {
            "year_quarter": 20223,
            "year": 2022,
            "quarter": 3,
            "eps": 0.55,
            "eps_growth_year": -20.29,
            "eps_4q": 1.58,
            "eps_4q_growth_year": -46.14,
            "roe": 0.57,
            "roe_4q": 1.88,
            "gross_profit": 1345055,
            "gross_margin": 4.81,
            "gross_margin_4q_avg": 4.3,
            "net_income": 212946,
            "net_income_4q": null,
            "revenue": 27950788,
            "revenue_4q": null,
            "common_shares": 4066638,
            "book_valuer_per_share": 94.33,
            "book_valuer_per_share_4q_avg": 89.61,
            "equity": 38685994,
            "current_ratio": 202.11,
            "debt_ratio": 59.71,
            "inventory_turnover_ratio": 2.34,
            "account_receivable_turnover_ratio": 2.11,
            "reinvestment_rate": -493.7,
            "research_to_sale_ratio": 0.66,
            "price_fair": 75.8,
            "eps_avg_yearly": 2.17,
            "eps_latest_yearly": 2.2,
            "eps_growth_yearly": 358.88
        },
        "20224": {
            "year_quarter": 20224,
            "year": 2022,
            "quarter": 4,
            "eps": 0.05,
            "eps_growth_year": -83.12,
            "eps_4q": 1.34,
            "eps_4q_growth_year": -49.12,
            "roe": 0.06,
            "roe_4q": 1.5899999999999999,
            "gross_profit": 747157,
            "gross_margin": 3.43,
            "gross_margin_4q_avg": 4.21,
            "net_income": 21886,
            "net_income_4q": null,
            "revenue": 21802461,
            "revenue_4q": null,
            "common_shares": 4066638,
            "book_valuer_per_share": 91.11,
            "book_valuer_per_share_4q_avg": 90.72,
            "equity": 37371827,
            "current_ratio": 209.04,
            "debt_ratio": 55.3,
            "inventory_turnover_ratio": 2.12,
            "account_receivable_turnover_ratio": 1.93,
            "reinvestment_rate": -548.77,
            "research_to_sale_ratio": 0.79,
            "price_fair": 71.6,
            "eps_avg_yearly": 2.05,
            "eps_latest_yearly": 0.2,
            "eps_growth_yearly": 332.91
        },
        "20231": {
            "year_quarter": 20231,
            "year": 2023,
            "quarter": 1,
            "eps": 0.25,
            "eps_growth_year": -56.9,
            "eps_4q": 1.01,
            "eps_4q_growth_year": -56.98,
            "roe": 0.35,
            "roe_4q": 1.2,
            "gross_profit": 691428,
            "gross_margin": 3.99,
            "gross_margin_4q_avg": 4.23,
            "net_income": 130367,
            "net_income_4q": null,
            "revenue": 17324195,
            "revenue_4q": null,
            "common_shares": 4066638,
            "book_valuer_per_share": 90.47,
            "book_valuer_per_share_4q_avg": 91.1,
            "equity": 37138180,
            "current_ratio": 200.44,
            "debt_ratio": 59.35,
            "inventory_turnover_ratio": 2.07,
            "account_receivable_turnover_ratio": 1.96,
            "reinvestment_rate": -483.57,
            "research_to_sale_ratio": 0.76,
            "price_fair": 73.5,
            "eps_avg_yearly": 2.1,
            "eps_latest_yearly": 1,
            "eps_growth_yearly": 472.12
        },
        "20232": {
            "year_quarter": 20232,
            "year": 2023,
            "quarter": 2,
            "eps": 0.08,
            "eps_growth_year": -50,
            "eps_4q": 0.93,
            "eps_4q_growth_year": -46.06,
            "roe": 0.03,
            "roe_4q": 1.01,
            "gross_profit": 630439,
            "gross_margin": 3.88,
            "gross_margin_4q_avg": 4.03,
            "net_income": 10578,
            "net_income_4q": null,
            "revenue": 16228625,
            "revenue_4q": null,
            "common_shares": 4066638,
            "book_valuer_per_share": 91.3,
            "book_valuer_per_share_4q_avg": 91.8,
            "equity": 37459099,
            "current_ratio": 200.32,
            "debt_ratio": 60.02,
            "inventory_turnover_ratio": 2.41,
            "account_receivable_turnover_ratio": 1.74,
            "reinvestment_rate": -510.81,
            "research_to_sale_ratio": 1.05,
            "price_fair": 73,
            "eps_avg_yearly": 2.09,
            "eps_latest_yearly": 0.32,
            "eps_growth_yearly": 419.35
        }
    },
    "months": {
        "2010-10": {
            "month": "2010-10",
            "price": "505.00",
            "revenue": 9098692
        },
        "2010-11": {
            "month": "2010-11",
            "price": "545.68",
            "revenue": 10985039
        },
        "2010-12": {
            "month": "2010-12",
            "price": "706.48",
            "revenue": 9960970
        },
        "2011-01": {
            "month": "2011-01",
            "price": "684.05",
            "revenue": 6872059
        },
        "2011-02": {
            "month": "2011-02",
            "price": "731.00",
            "revenue": 8012321
        },
        "2011-03": {
            "month": "2011-03",
            "price": "785.78",
            "revenue": 10444452
        },
        "2011-04": {
            "month": "2011-04",
            "price": "851.47",
            "revenue": 10344738
        },
        "2011-05": {
            "month": "2011-05",
            "price": "904.05",
            "revenue": 11174308
        },
        "2011-06": {
            "month": "2011-06",
            "price": "896.24",
            "revenue": 11522542
        },
        "2011-07": {
            "month": "2011-07",
            "price": "855.00",
            "revenue": 11675946
        },
        "2011-08": {
            "month": "2011-08",
            "price": "683.04",
            "revenue": 10676048
        },
        "2011-09": {
            "month": "2011-09",
            "price": "640.62",
            "revenue": 12947451
        },
        "2011-10": {
            "month": "2011-10",
            "price": "558.80",
            "revenue": 13345591
        },
        "2011-11": {
            "month": "2011-11",
            "price": "442.82",
            "revenue": 14900128
        },
        "2011-12": {
            "month": "2011-12",
            "price": "372.61",
            "revenue": 17758970
        },
        "2012-01": {
            "month": "2012-01",
            "price": "382.77",
            "revenue": 14225972
        },
        "2012-02": {
            "month": "2012-02",
            "price": "470.68",
            "revenue": 12938805
        },
        "2012-03": {
            "month": "2012-03",
            "price": "486.63",
            "revenue": 13287650
        },
        "2012-04": {
            "month": "2012-04",
            "price": "418.62",
            "revenue": 11857876
        },
        "2012-05": {
            "month": "2012-05",
            "price": "390.52",
            "revenue": 12324183
        },
        "2012-06": {
            "month": "2012-06",
            "price": "440.60",
            "revenue": 11076345
        },
        "2012-07": {
            "month": "2012-07",
            "price": "339.82",
            "revenue": 11316383
        },
        "2012-08": {
            "month": "2012-08",
            "price": "376.70",
            "revenue": 12967251
        },
        "2012-09": {
            "month": "2012-09",
            "price": "406.62",
            "revenue": 13378133
        },
        "2012-10": {
            "month": "2012-10",
            "price": "378.05",
            "revenue": 16938229
        },
        "2012-11": {
            "month": "2012-11",
            "price": "417.66",
            "revenue": 23247951
        },
        "2012-12": {
            "month": "2012-12",
            "price": "500.14",
            "revenue": 22380148
        },
        "2013-01": {
            "month": "2013-01",
            "price": "493.23",
            "revenue": 19774280
        },
        "2013-02": {
            "month": "2013-02",
            "price": "541.62",
            "revenue": 13883716
        },
        "2013-03": {
            "month": "2013-03",
            "price": "594.95",
            "revenue": 15774821
        },
        "2013-04": {
            "month": "2013-04",
            "price": "608.90",
            "revenue": 15311114
        },
        "2013-05": {
            "month": "2013-05",
            "price": "595.32",
            "revenue": 14357430
        },
        "2013-06": {
            "month": "2013-06",
            "price": "552.97",
            "revenue": 8616304
        },
        "2013-07": {
            "month": "2013-07",
            "price": "399.89",
            "revenue": 9384342
        },
        "2013-08": {
            "month": "2013-08",
            "price": "317.88",
            "revenue": 9442869
        },
        "2013-09": {
            "month": "2013-09",
            "price": "303.00",
            "revenue": 10639376
        },
        "2013-10": {
            "month": "2013-10",
            "price": "243.91",
            "revenue": 11166076
        },
        "2013-11": {
            "month": "2013-11",
            "price": "167.36",
            "revenue": 14789584
        },
        "2013-12": {
            "month": "2013-12",
            "price": "169.68",
            "revenue": 15927527
        },
        "2014-01": {
            "month": "2014-01",
            "price": "186.06",
            "revenue": 11594196
        },
        "2014-02": {
            "month": "2014-02",
            "price": "184.24",
            "revenue": 7031238
        },
        "2014-03": {
            "month": "2014-03",
            "price": "176.21",
            "revenue": 7993012
        },
        "2014-04": {
            "month": "2014-04",
            "price": "212.48",
            "revenue": 9010006
        },
        "2014-05": {
            "month": "2014-05",
            "price": "229.36",
            "revenue": 10878169
        },
        "2014-06": {
            "month": "2014-06",
            "price": "276.68",
            "revenue": 10815924
        },
        "2014-07": {
            "month": "2014-07",
            "price": "250.93",
            "revenue": 10630584
        },
        "2014-08": {
            "month": "2014-08",
            "price": "188.88",
            "revenue": 10543682
        },
        "2014-09": {
            "month": "2014-09",
            "price": "188.55",
            "revenue": 11439185
        },
        "2014-10": {
            "month": "2014-10",
            "price": "173.43",
            "revenue": 12915044
        },
        "2014-11": {
            "month": "2014-11",
            "price": "186.20",
            "revenue": 13376142
        },
        "2014-12": {
            "month": "2014-12",
            "price": "206.42",
            "revenue": 13289738
        },
        "2015-01": {
            "month": "2015-01",
            "price": "207.02",
            "revenue": 11041196
        },
        "2015-02": {
            "month": "2015-02",
            "price": "215.04",
            "revenue": 7302259
        },
        "2015-03": {
            "month": "2015-03",
            "price": "226.59",
            "revenue": 10605905
        },
        "2015-04": {
            "month": "2015-04",
            "price": "201.38",
            "revenue": 7821621
        },
        "2015-05": {
            "month": "2015-05",
            "price": "210.28",
            "revenue": 8905434
        },
        "2015-06": {
            "month": "2015-06",
            "price": "189.12",
            "revenue": 7014094
        },
        "2015-07": {
            "month": "2015-07",
            "price": "156.30",
            "revenue": 9535956
        },
        "2015-08": {
            "month": "2015-08",
            "price": "92.85",
            "revenue": 11817371
        },
        "2015-09": {
            "month": "2015-09",
            "price": "87.62",
            "revenue": 12882006
        },
        "2015-10": {
            "month": "2015-10",
            "price": "83.93",
            "revenue": 14050602
        },
        "2015-11": {
            "month": "2015-11",
            "price": "96.80",
            "revenue": 12577909
        },
        "2015-12": {
            "month": "2015-12",
            "price": "86.83",
            "revenue": 7809259
        },
        "2016-01": {
            "month": "2016-01",
            "price": "66.99",
            "revenue": 8920176
        },
        "2016-02": {
            "month": "2016-02",
            "price": "71.94",
            "revenue": 5411917
        },
        "2016-03": {
            "month": "2016-03",
            "price": "75.67",
            "revenue": 6907024
        },
        "2016-04": {
            "month": "2016-04",
            "price": "71.68",
            "revenue": 5672362
        },
        "2016-05": {
            "month": "2016-05",
            "price": "62.23",
            "revenue": 5757252
        },
        "2016-06": {
            "month": "2016-06",
            "price": "63.38",
            "revenue": 5655052
        },
        "2016-07": {
            "month": "2016-07",
            "price": "63.59",
            "revenue": 7419088
        },
        "2016-08": {
            "month": "2016-08",
            "price": "61.11",
            "revenue": 10047915
        },
        "2016-09": {
            "month": "2016-09",
            "price": "54.71",
            "revenue": 8701550
        },
        "2016-10": {
            "month": "2016-10",
            "price": "48.80",
            "revenue": 8314841
        },
        "2016-11": {
            "month": "2016-11",
            "price": "52.76",
            "revenue": 7672349
        },
        "2016-12": {
            "month": "2016-12",
            "price": "58.17",
            "revenue": 8736758
        },
        "2017-01": {
            "month": "2017-01",
            "price": "57.64",
            "revenue": 7623814
        },
        "2017-02": {
            "month": "2017-02",
            "price": "78.56",
            "revenue": 6444744
        },
        "2017-03": {
            "month": "2017-03",
            "price": "93.68",
            "revenue": 7346872
        },
        "2017-04": {
            "month": "2017-04",
            "price": "101.83",
            "revenue": 6493923
        },
        "2017-05": {
            "month": "2017-05",
            "price": "102.28",
            "revenue": 7113707
        },
        "2017-06": {
            "month": "2017-06",
            "price": "93.45",
            "revenue": 8799457
        },
        "2017-07": {
            "month": "2017-07",
            "price": "99.38",
            "revenue": 9583591
        },
        "2017-08": {
            "month": "2017-08",
            "price": "120.61",
            "revenue": 10250756
        },
        "2017-09": {
            "month": "2017-09",
            "price": "112.07",
            "revenue": 10678828
        },
        "2017-10": {
            "month": "2017-10",
            "price": "100.46",
            "revenue": 10075699
        },
        "2017-11": {
            "month": "2017-11",
            "price": "91.34",
            "revenue": 11364720
        },
        "2017-12": {
            "month": "2017-12",
            "price": "86.17",
            "revenue": 11432371
        },
        "2018-01": {
            "month": "2018-01",
            "price": "89.54",
            "revenue": 9565465
        },
        "2018-02": {
            "month": "2018-02",
            "price": "77.26",
            "revenue": 5212621
        },
        "2018-03": {
            "month": "2018-03",
            "price": "72.15",
            "revenue": 6075422
        },
        "2018-04": {
            "month": "2018-04",
            "price": "69.49",
            "revenue": 6642823
        },
        "2018-05": {
            "month": "2018-05",
            "price": "64.44",
            "revenue": 5201574
        },
        "2018-06": {
            "month": "2018-06",
            "price": "64.98",
            "revenue": 5946603
        },
        "2018-07": {
            "month": "2018-07",
            "price": "62.39",
            "revenue": 9305967
        },
        "2018-08": {
            "month": "2018-08",
            "price": "58.17",
            "revenue": 11574053
        },
        "2018-09": {
            "month": "2018-09",
            "price": "51.82",
            "revenue": 11312156
        },
        "2018-10": {
            "month": "2018-10",
            "price": "50.38",
            "revenue": 17265905
        },
        "2018-11": {
            "month": "2018-11",
            "price": "50.35",
            "revenue": 12851608
        },
        "2018-12": {
            "month": "2018-12",
            "price": "49.51",
            "revenue": 12527311
        },
        "2019-01": {
            "month": "2019-01",
            "price": "50.06",
            "revenue": 14048943
        },
        "2019-02": {
            "month": "2019-02",
            "price": "53.06",
            "revenue": 8417098
        },
        "2019-03": {
            "month": "2019-03",
            "price": "56.38",
            "revenue": 8690102
        },
        "2019-04": {
            "month": "2019-04",
            "price": "59.07",
            "revenue": 9415526
        },
        "2019-05": {
            "month": "2019-05",
            "price": "51.69",
            "revenue": 8990613
        },
        "2019-06": {
            "month": "2019-06",
            "price": "49.60",
            "revenue": 10045926
        },
        "2019-07": {
            "month": "2019-07",
            "price": "52.87",
            "revenue": 12525704
        },
        "2019-08": {
            "month": "2019-08",
            "price": "55.66",
            "revenue": 12712094
        },
        "2019-09": {
            "month": "2019-09",
            "price": "57.41",
            "revenue": 14816150
        },
        "2019-10": {
            "month": "2019-10",
            "price": "61.33",
            "revenue": 14478346
        },
        "2019-11": {
            "month": "2019-11",
            "price": "58.48",
            "revenue": 12072248
        },
        "2019-12": {
            "month": "2019-12",
            "price": "56.30",
            "revenue": 10393945
        },
        "2020-01": {
            "month": "2020-01",
            "price": "53.39",
            "revenue": 9532097
        },
        "2020-02": {
            "month": "2020-02",
            "price": "46.77",
            "revenue": 8206302
        },
        "2020-03": {
            "month": "2020-03",
            "price": "39.18",
            "revenue": 10453333
        },
        "2020-04": {
            "month": "2020-04",
            "price": "40.13",
            "revenue": 11016743
        },
        "2020-05": {
            "month": "2020-05",
            "price": "41.62",
            "revenue": 8178186
        },
        "2020-06": {
            "month": "2020-06",
            "price": "45.50",
            "revenue": 8854077
        },
        "2020-07": {
            "month": "2020-07",
            "price": "46.48",
            "revenue": 12233264
        },
        "2020-08": {
            "month": "2020-08",
            "price": "53.22",
            "revenue": 10028724
        },
        "2020-09": {
            "month": "2020-09",
            "price": "51.00",
            "revenue": 10590404
        },
        "2020-10": {
            "month": "2020-10",
            "price": "50.76",
            "revenue": 7714177
        },
        "2020-11": {
            "month": "2020-11",
            "price": "47.01",
            "revenue": 8383236
        },
        "2020-12": {
            "month": "2020-12",
            "price": "46.30",
            "revenue": 9392656
        },
        "2021-01": {
            "month": "2021-01",
            "price": "44.57",
            "revenue": 10916620
        },
        "2021-02": {
            "month": "2021-02",
            "price": "44.45",
            "revenue": 8696284
        },
        "2021-03": {
            "month": "2021-03",
            "price": "49.89",
            "revenue": 9572606
        },
        "2021-04": {
            "month": "2021-04",
            "price": "51.10",
            "revenue": 9177309
        },
        "2021-05": {
            "month": "2021-05",
            "price": "47.64",
            "revenue": 8312888
        },
        "2021-06": {
            "month": "2021-06",
            "price": "46.20",
            "revenue": 7097812
        },
        "2021-07": {
            "month": "2021-07",
            "price": "44.81",
            "revenue": 9114319
        },
        "2021-08": {
            "month": "2021-08",
            "price": "40.36",
            "revenue": 7933186
        },
        "2021-09": {
            "month": "2021-09",
            "price": "38.20",
            "revenue": 8123654
        },
        "2021-10": {
            "month": "2021-10",
            "price": "38.92",
            "revenue": 6567921
        },
        "2021-11": {
            "month": "2021-11",
            "price": "41.17",
            "revenue": 8511852
        },
        "2021-12": {
            "month": "2021-12",
            "price": "42.11",
            "revenue": 9064294
        },
        "2022-01": {
            "month": "2022-01",
            "price": "41.61",
            "revenue": 7718270
        },
        "2022-02": {
            "month": "2022-02",
            "price": "39.83",
            "revenue": 6816438
        },
        "2022-03": {
            "month": "2022-03",
            "price": "37.36",
            "revenue": 10556975
        },
        "2022-04": {
            "month": "2022-04",
            "price": "35.67",
            "revenue": 6813646
        },
        "2022-05": {
            "month": "2022-05",
            "price": "32.95",
            "revenue": 7466792
        },
        "2022-06": {
            "month": "2022-06",
            "price": "34.36",
            "revenue": 8055599
        },
        "2022-07": {
            "month": "2022-07",
            "price": "33.78",
            "revenue": 9939817
        },
        "2022-08": {
            "month": "2022-08",
            "price": "35.08",
            "revenue": 9195001
        },
        "2022-09": {
            "month": "2022-09",
            "price": "34.18",
            "revenue": 8815970
        },
        "2022-10": {
            "month": "2022-10",
            "price": "30.64",
            "revenue": 7438842
        },
        "2022-11": {
            "month": "2022-11",
            "price": "30.65",
            "revenue": 7439828
        },
        "2022-12": {
            "month": "2022-12",
            "price": "30.36",
            "revenue": 6923791
        },
        "2023-01": {
            "month": "2023-01",
            "price": "29.88",
            "revenue": 5489776
        },
        "2023-02": {
            "month": "2023-02",
            "price": "31.64",
            "revenue": 5365463
        },
        "2023-03": {
            "month": "2023-03",
            "price": "34.88",
            "revenue": 6468956
        },
        "2023-04": {
            "month": "2023-04",
            "price": "37.24",
            "revenue": 5465099
        },
        "2023-05": {
            "month": "2023-05",
            "price": "39.84",
            "revenue": 5499424
        },
        "2023-06": {
            "month": "2023-06",
            "price": "43.16",
            "revenue": 5264102
        },
        "2023-07": {
            "month": "2023-07",
            "price": "41.68",
            "revenue": 6298236
        },
        "2023-08": {
            "month": "2023-08",
            "price": "35.69",
            "revenue": 6156652
        },
        "2023-09": {
            "month": "2023-09",
            "price": "34.53",
            "revenue": 5598402
        }
    }
}
