{
    "summary": {
        "stock_name": "德微",
        "stock_id": "3675",
        "category": "半導體",
        "main_business": "專業整流二極體之研究、設計、檢測、製造及國內外銷售業務。<br>整流二極體零組件之及國內外銷售業務。<br>晶圓檢測及相關產品之國內外銷售業務。",
        "website_url": "http://www.eris.com.tw",
        "ceo": "張恩傑",
        "pe_ratio": 37,
        "report_year_from": 2009,
        "report_year_to": 2023,
        "age": 15,
        "eps_negative_percentage": 13,
        "eps_growth_avg": {
            "last_all": 4.8,
            "last_2y": 36.49,
            "last_4y": 18.35,
            "last_8y": 19.86,
            "last_12y": -1.04,
            "last_16y": null,
            "last_20y": null,
            "at_2006_last_3y": null,
            "at_2007_last_3y": null,
            "at_2008_last_3y": null,
            "at_2009_last_3y": null,
            "at_2010_last_3y": null,
            "at_2011_last_3y": null,
            "at_2012_last_3y": null,
            "at_2013_last_3y": -40.36,
            "at_2014_last_3y": -95.07,
            "at_2015_last_3y": -19.62,
            "at_2016_last_3y": 33.49,
            "at_2017_last_3y": 34.19,
            "at_2018_last_3y": 21.74,
            "at_2019_last_3y": 4.19,
            "at_2020_last_3y": 0.57,
            "at_2021_last_3y": 16.67,
            "at_2022_last_3y": 30.42,
            "at_2023_last_3y": 25.3,
            "at_2024_last_3y": 25.3,
            "at_2006_last_all": null,
            "at_2007_last_all": null,
            "at_2008_last_all": null,
            "at_2009_last_all": null,
            "at_2010_last_all": null,
            "at_2011_last_all": -10.55,
            "at_2012_last_all": -40.36,
            "at_2013_last_all": -40.36,
            "at_2014_last_all": -40.36,
            "at_2015_last_all": -15.08,
            "at_2016_last_all": -10.82,
            "at_2017_last_all": -3.09,
            "at_2018_last_all": -4.88,
            "at_2019_last_all": -5.45,
            "at_2020_last_all": -5.76,
            "at_2021_last_all": 4.82,
            "at_2022_last_all": 7.96,
            "at_2023_last_all": 4.8,
            "at_2024_last_all": 4.8
        },
        "latest_eps": 6.73,
        "latest_price": 251.5,
        "latest_roe": 22.06,
        "latest_gross_margin": 39.5,
        "latest_equity": 1579724,
        "latest_revenue": 431181,
        "latest_gross_profit": 170335,
        "latest_net_income": 73427,
        "latest_debt_ratio": 50.08,
        "latest_current_ratio": 119.85,
        "latest_account_receivable_turnover_ratio": 1.19,
        "latest_inventory_turnover_ratio": 1.14,
        "latest_reinvestment_rate": 5.38,
        "latest_research_to_sale_ratio": 8.59
    },
    "eps_dividends": {
        "2001": {
            "cash": 0,
            "stock": 0,
            "eps": 0
        },
        "2002": {
            "cash": 0,
            "stock": 0,
            "eps": 0
        },
        "2003": {
            "cash": 0,
            "stock": 0,
            "eps": 0
        },
        "2004": {
            "cash": 0,
            "stock": 0,
            "eps": 0
        },
        "2005": {
            "cash": 0,
            "stock": 0,
            "eps": 0
        },
        "2006": {
            "cash": 0,
            "stock": 0,
            "eps": 0
        },
        "2007": {
            "cash": 0,
            "stock": 0,
            "eps": 0
        },
        "2008": {
            "cash": 0,
            "stock": 0,
            "eps": 0
        },
        "2009": {
            "cash": 0,
            "stock": 0,
            "eps": 1.26
        },
        "2010": {
            "cash": 0.5,
            "stock": 2.25,
            "eps": 2.13
        },
        "2011": {
            "cash": 0.5,
            "stock": 2.5,
            "eps": 0.21
        },
        "2012": {
            "cash": 0.41,
            "stock": 0,
            "eps": -0.91
        },
        "2013": {
            "cash": 0,
            "stock": 0,
            "eps": -0.47
        },
        "2014": {
            "cash": 0,
            "stock": 0,
            "eps": 1.3
        },
        "2015": {
            "cash": 0,
            "stock": 0,
            "eps": 2.09
        },
        "2016": {
            "cash": 0.63,
            "stock": 0,
            "eps": 2.22
        },
        "2017": {
            "cash": 3.46,
            "stock": 0,
            "eps": 3.01
        },
        "2018": {
            "cash": 2,
            "stock": 0,
            "eps": 2.54
        },
        "2019": {
            "cash": 2,
            "stock": 0,
            "eps": 2.3
        },
        "2020": {
            "cash": 1.3,
            "stock": 0,
            "eps": 2.11
        },
        "2021": {
            "cash": 2,
            "stock": 0,
            "eps": 7.36
        },
        "2022": {
            "cash": 5,
            "stock": 0,
            "eps": 10.26
        },
        "2023": {
            "cash": 5.4,
            "stock": 1.3,
            "eps": 7.19
        }
    },
    "dividends": {
        "2010-03-03": {
            "cash": 0.5,
            "stock": 2.25
        },
        "2011-03-16": {
            "cash": 0.5,
            "stock": 2.5
        },
        "2012-06-26": {
            "cash": 0.41,
            "stock": 0
        },
        "2016-09-10": {
            "cash": 0.63,
            "stock": 0
        },
        "2017-09-30": {
            "cash": 3.46,
            "stock": 0
        },
        "2018-09-06": {
            "cash": 2,
            "stock": 0
        },
        "2019-09-19": {
            "cash": 2,
            "stock": 0
        },
        "2020-07-09": {
            "cash": 1.3,
            "stock": 0
        },
        "2021-10-05": {
            "cash": 2,
            "stock": 0
        },
        "2022-09-30": {
            "cash": 5,
            "stock": 0
        },
        "2023-07-06": {
            "cash": 5.4,
            "stock": 1.3
        }
    },
    "prices": {
        "200101": "無",
        "200102": "無",
        "200103": "無",
        "200104": "無",
        "200105": "無",
        "200106": "無",
        "200107": "無",
        "200108": "無",
        "200109": "無",
        "200110": "無",
        "200111": "無",
        "200112": "無",
        "200201": "無",
        "200202": "無",
        "200203": "無",
        "200204": "無",
        "200205": "無",
        "200206": "無",
        "200207": "無",
        "200208": "無",
        "200209": "無",
        "200210": "無",
        "200211": "無",
        "200212": "無",
        "200301": "無",
        "200302": "無",
        "200303": "無",
        "200304": "無",
        "200305": "無",
        "200306": "無",
        "200307": "無",
        "200308": "無",
        "200309": "無",
        "200310": "無",
        "200311": "無",
        "200312": "無",
        "200401": "無",
        "200402": "無",
        "200403": "無",
        "200404": "無",
        "200405": "無",
        "200406": "無",
        "200407": "無",
        "200408": "無",
        "200409": "無",
        "200410": "無",
        "200411": "無",
        "200412": "無",
        "200501": "無",
        "200502": "無",
        "200503": "無",
        "200504": "無",
        "200505": "無",
        "200506": "無",
        "200507": "無",
        "200508": "無",
        "200509": "無",
        "200510": "無",
        "200511": "無",
        "200512": "無",
        "200601": "無",
        "200602": "無",
        "200603": "無",
        "200604": "無",
        "200605": "無",
        "200606": "無",
        "200607": "無",
        "200608": "無",
        "200609": "無",
        "200610": "無",
        "200611": "無",
        "200612": "無",
        "200701": "無",
        "200702": "無",
        "200703": "無",
        "200704": "無",
        "200705": "無",
        "200706": "無",
        "200707": "無",
        "200708": "無",
        "200709": "無",
        "200710": "無",
        "200711": "無",
        "200712": "無",
        "200801": "無",
        "200802": "無",
        "200803": "無",
        "200804": "無",
        "200805": "無",
        "200806": "無",
        "200807": "無",
        "200808": "無",
        "200809": "無",
        "200810": "無",
        "200811": "無",
        "200812": "無",
        "200901": "無",
        "200902": "無",
        "200903": "無",
        "200904": "無",
        "200905": "無",
        "200906": "無",
        "200907": "無",
        "200908": "無",
        "200909": "38.41",
        "200910": "40.64",
        "200911": "40.27",
        "200912": "40.85",
        "201001": "44.46",
        "201002": "51.07",
        "201003": "57.14",
        "201004": "65.91",
        "201005": "86.23",
        "201006": "61.54",
        "201007": "44.03",
        "201008": "39.08",
        "201009": "38.18",
        "201010": "39.60",
        "201011": "38.33",
        "201012": "38.43",
        "201101": "39.17",
        "201102": "39.87",
        "201103": "43.54",
        "201104": "40.41",
        "201105": "39.02",
        "201106": "38.82",
        "201107": "38.83",
        "201108": "36.97",
        "201109": "37.49",
        "201110": "37.27",
        "201111": "33.22",
        "201112": "31.43",
        "201201": "32.06",
        "201202": "32.47",
        "201203": "32.03",
        "201204": "26.80",
        "201205": "27.66",
        "201206": "32.50",
        "201207": "26.37",
        "201208": "30.75",
        "201209": "28.52",
        "201210": "22.78",
        "201211": "18.15",
        "201212": "18.76",
        "201301": "19.21",
        "201302": "19.10",
        "201303": "18.68",
        "201304": "19.91",
        "201305": "19.65",
        "201306": "19.48",
        "201307": "18.90",
        "201308": "17.85",
        "201309": "18.48",
        "201310": "18.98",
        "201311": "16.80",
        "201312": "16.43",
        "201401": "17.68",
        "201402": "20.82",
        "201403": "22.92",
        "201404": "27.37",
        "201405": "24.98",
        "201406": "27.44",
        "201407": "28.70",
        "201408": "25.20",
        "201409": "24.34",
        "201410": "22.57",
        "201411": "21.41",
        "201412": "21.86",
        "201501": "24.53",
        "201502": "27.85",
        "201503": "28.45",
        "201504": "32.86",
        "201505": "32.30",
        "201506": "29.30",
        "201507": "27.31",
        "201508": "23.26",
        "201509": "22.09",
        "201510": "23.41",
        "201511": "23.53",
        "201512": "22.18",
        "201601": "21.95",
        "201602": "23.55",
        "201603": "24.79",
        "201604": "24.04",
        "201605": "22.41",
        "201606": "23.97",
        "201607": "24.50",
        "201608": "25.07",
        "201609": "27.98",
        "201610": "28.37",
        "201611": "26.95",
        "201612": "30.59",
        "201701": "32.07",
        "201702": "37.70",
        "201703": "49.51",
        "201704": "59.45",
        "201705": "60.52",
        "201706": "57.99",
        "201707": "54.62",
        "201708": "54.04",
        "201709": "51.81",
        "201710": "53.49",
        "201711": "59.20",
        "201712": "53.70",
        "201801": "55.05",
        "201802": "53.18",
        "201803": "53.13",
        "201804": "47.40",
        "201805": "45.10",
        "201806": "49.39",
        "201807": "49.35",
        "201808": "45.50",
        "201809": "43.92",
        "201810": "38.92",
        "201811": "36.49",
        "201812": "39.93",
        "201901": "40.59",
        "201902": "43.41",
        "201903": "43.46",
        "201904": "43.16",
        "201905": "40.42",
        "201906": "39.77",
        "201907": "40.55",
        "201908": "41.58",
        "201909": "43.83",
        "201910": "46.55",
        "201911": "45.30",
        "201912": "43.05",
        "202001": "44.97",
        "202002": "43.72",
        "202003": "36.13",
        "202004": "40.65",
        "202005": "46.70",
        "202006": "70.72",
        "202007": "75.44",
        "202008": "69.60",
        "202009": "66.58",
        "202010": "65.95",
        "202011": "76.25",
        "202012": "75.01",
        "202101": "72.21",
        "202102": "72.14",
        "202103": "69.95",
        "202104": "99.63",
        "202105": "97.72",
        "202106": "105.02",
        "202107": "148.84",
        "202108": "157.41",
        "202109": "182.98",
        "202110": "209.58",
        "202111": "254.48",
        "202112": "280.86",
        "202201": "259.47",
        "202202": "262.43",
        "202203": "282.35",
        "202204": "313.55",
        "202205": "314.90",
        "202206": "307.40",
        "202207": "201.33",
        "202208": "217.80",
        "202209": "200.95",
        "202210": "173.05",
        "202211": "178.09",
        "202212": "175.11",
        "202301": "181.27",
        "202302": "252.89",
        "202303": "296.72",
        "202304": "302.59",
        "202305": "316.27",
        "202306": "301.42",
        "202307": "288.72",
        "202308": "275.95",
        "202309": "284.95",
        "202310": "263.55",
        "202311": "221.95",
        "202312": "267.26",
        "202401": "263.16",
        "202402": "260.50",
        "202403": "252.48",
        "202404": "無"
    },
    "quarters": {
        "20011": {
            "year_quarter": 20011,
            "year": 2001,
            "quarter": 1,
            "eps": null,
            "eps_growth_year": null,
            "eps_4q": null,
            "eps_4q_growth_year": null,
            "roe": null,
            "roe_4q": 0,
            "gross_profit": null,
            "gross_margin": null,
            "gross_margin_4q_avg": 0,
            "net_income": null,
            "net_income_4q": null,
            "revenue": null,
            "revenue_4q": null,
            "common_shares": null,
            "book_valuer_per_share": null,
            "book_valuer_per_share_4q_avg": 0,
            "equity": null,
            "current_ratio": null,
            "debt_ratio": null,
            "inventory_turnover_ratio": null,
            "account_receivable_turnover_ratio": null,
            "reinvestment_rate": null,
            "research_to_sale_ratio": null,
            "price_fair": 0,
            "eps_avg_yearly": 0,
            "eps_latest_yearly": 0,
            "eps_growth_yearly": 0
        },
        "20012": {
            "year_quarter": 20012,
            "year": 2001,
            "quarter": 2,
            "eps": null,
            "eps_growth_year": null,
            "eps_4q": null,
            "eps_4q_growth_year": null,
            "roe": null,
            "roe_4q": 0,
            "gross_profit": null,
            "gross_margin": null,
            "gross_margin_4q_avg": 0,
            "net_income": null,
            "net_income_4q": null,
            "revenue": null,
            "revenue_4q": null,
            "common_shares": null,
            "book_valuer_per_share": null,
            "book_valuer_per_share_4q_avg": 0,
            "equity": null,
            "current_ratio": null,
            "debt_ratio": null,
            "inventory_turnover_ratio": null,
            "account_receivable_turnover_ratio": null,
            "reinvestment_rate": null,
            "research_to_sale_ratio": null,
            "price_fair": 0,
            "eps_avg_yearly": 0,
            "eps_latest_yearly": 0,
            "eps_growth_yearly": 0
        },
        "20013": {
            "year_quarter": 20013,
            "year": 2001,
            "quarter": 3,
            "eps": null,
            "eps_growth_year": null,
            "eps_4q": null,
            "eps_4q_growth_year": null,
            "roe": null,
            "roe_4q": 0,
            "gross_profit": null,
            "gross_margin": null,
            "gross_margin_4q_avg": 0,
            "net_income": null,
            "net_income_4q": null,
            "revenue": null,
            "revenue_4q": null,
            "common_shares": null,
            "book_valuer_per_share": null,
            "book_valuer_per_share_4q_avg": 0,
            "equity": null,
            "current_ratio": null,
            "debt_ratio": null,
            "inventory_turnover_ratio": null,
            "account_receivable_turnover_ratio": null,
            "reinvestment_rate": null,
            "research_to_sale_ratio": null,
            "price_fair": 0,
            "eps_avg_yearly": 0,
            "eps_latest_yearly": 0,
            "eps_growth_yearly": 0
        },
        "20014": {
            "year_quarter": 20014,
            "year": 2001,
            "quarter": 4,
            "eps": null,
            "eps_growth_year": null,
            "eps_4q": null,
            "eps_4q_growth_year": null,
            "roe": null,
            "roe_4q": 0,
            "gross_profit": null,
            "gross_margin": null,
            "gross_margin_4q_avg": 0,
            "net_income": null,
            "net_income_4q": null,
            "revenue": null,
            "revenue_4q": null,
            "common_shares": null,
            "book_valuer_per_share": null,
            "book_valuer_per_share_4q_avg": 0,
            "equity": null,
            "current_ratio": null,
            "debt_ratio": null,
            "inventory_turnover_ratio": null,
            "account_receivable_turnover_ratio": null,
            "reinvestment_rate": null,
            "research_to_sale_ratio": null,
            "price_fair": 0,
            "eps_avg_yearly": 0,
            "eps_latest_yearly": 0,
            "eps_growth_yearly": 0
        },
        "20021": {
            "year_quarter": 20021,
            "year": 2002,
            "quarter": 1,
            "eps": null,
            "eps_growth_year": null,
            "eps_4q": null,
            "eps_4q_growth_year": null,
            "roe": null,
            "roe_4q": 0,
            "gross_profit": null,
            "gross_margin": null,
            "gross_margin_4q_avg": 0,
            "net_income": null,
            "net_income_4q": null,
            "revenue": null,
            "revenue_4q": null,
            "common_shares": null,
            "book_valuer_per_share": null,
            "book_valuer_per_share_4q_avg": 0,
            "equity": null,
            "current_ratio": null,
            "debt_ratio": null,
            "inventory_turnover_ratio": null,
            "account_receivable_turnover_ratio": null,
            "reinvestment_rate": null,
            "research_to_sale_ratio": null,
            "price_fair": 0,
            "eps_avg_yearly": 0,
            "eps_latest_yearly": 0,
            "eps_growth_yearly": 0
        },
        "20022": {
            "year_quarter": 20022,
            "year": 2002,
            "quarter": 2,
            "eps": null,
            "eps_growth_year": null,
            "eps_4q": null,
            "eps_4q_growth_year": null,
            "roe": null,
            "roe_4q": 0,
            "gross_profit": null,
            "gross_margin": null,
            "gross_margin_4q_avg": 0,
            "net_income": null,
            "net_income_4q": null,
            "revenue": null,
            "revenue_4q": null,
            "common_shares": null,
            "book_valuer_per_share": null,
            "book_valuer_per_share_4q_avg": 0,
            "equity": null,
            "current_ratio": null,
            "debt_ratio": null,
            "inventory_turnover_ratio": null,
            "account_receivable_turnover_ratio": null,
            "reinvestment_rate": null,
            "research_to_sale_ratio": null,
            "price_fair": 0,
            "eps_avg_yearly": 0,
            "eps_latest_yearly": 0,
            "eps_growth_yearly": 0
        },
        "20023": {
            "year_quarter": 20023,
            "year": 2002,
            "quarter": 3,
            "eps": null,
            "eps_growth_year": null,
            "eps_4q": null,
            "eps_4q_growth_year": null,
            "roe": null,
            "roe_4q": 0,
            "gross_profit": null,
            "gross_margin": null,
            "gross_margin_4q_avg": 0,
            "net_income": null,
            "net_income_4q": null,
            "revenue": null,
            "revenue_4q": null,
            "common_shares": null,
            "book_valuer_per_share": null,
            "book_valuer_per_share_4q_avg": 0,
            "equity": null,
            "current_ratio": null,
            "debt_ratio": null,
            "inventory_turnover_ratio": null,
            "account_receivable_turnover_ratio": null,
            "reinvestment_rate": null,
            "research_to_sale_ratio": null,
            "price_fair": 0,
            "eps_avg_yearly": 0,
            "eps_latest_yearly": 0,
            "eps_growth_yearly": 0
        },
        "20024": {
            "year_quarter": 20024,
            "year": 2002,
            "quarter": 4,
            "eps": null,
            "eps_growth_year": null,
            "eps_4q": null,
            "eps_4q_growth_year": null,
            "roe": null,
            "roe_4q": 0,
            "gross_profit": null,
            "gross_margin": null,
            "gross_margin_4q_avg": 0,
            "net_income": null,
            "net_income_4q": null,
            "revenue": null,
            "revenue_4q": null,
            "common_shares": null,
            "book_valuer_per_share": null,
            "book_valuer_per_share_4q_avg": 0,
            "equity": null,
            "current_ratio": null,
            "debt_ratio": null,
            "inventory_turnover_ratio": null,
            "account_receivable_turnover_ratio": null,
            "reinvestment_rate": null,
            "research_to_sale_ratio": null,
            "price_fair": 0,
            "eps_avg_yearly": 0,
            "eps_latest_yearly": 0,
            "eps_growth_yearly": 0
        },
        "20031": {
            "year_quarter": 20031,
            "year": 2003,
            "quarter": 1,
            "eps": null,
            "eps_growth_year": null,
            "eps_4q": null,
            "eps_4q_growth_year": null,
            "roe": null,
            "roe_4q": 0,
            "gross_profit": null,
            "gross_margin": null,
            "gross_margin_4q_avg": 0,
            "net_income": null,
            "net_income_4q": null,
            "revenue": null,
            "revenue_4q": null,
            "common_shares": null,
            "book_valuer_per_share": null,
            "book_valuer_per_share_4q_avg": 0,
            "equity": null,
            "current_ratio": null,
            "debt_ratio": null,
            "inventory_turnover_ratio": null,
            "account_receivable_turnover_ratio": null,
            "reinvestment_rate": null,
            "research_to_sale_ratio": null,
            "price_fair": 0,
            "eps_avg_yearly": 0,
            "eps_latest_yearly": 0,
            "eps_growth_yearly": 0
        },
        "20032": {
            "year_quarter": 20032,
            "year": 2003,
            "quarter": 2,
            "eps": null,
            "eps_growth_year": null,
            "eps_4q": null,
            "eps_4q_growth_year": null,
            "roe": null,
            "roe_4q": 0,
            "gross_profit": null,
            "gross_margin": null,
            "gross_margin_4q_avg": 0,
            "net_income": null,
            "net_income_4q": null,
            "revenue": null,
            "revenue_4q": null,
            "common_shares": null,
            "book_valuer_per_share": null,
            "book_valuer_per_share_4q_avg": 0,
            "equity": null,
            "current_ratio": null,
            "debt_ratio": null,
            "inventory_turnover_ratio": null,
            "account_receivable_turnover_ratio": null,
            "reinvestment_rate": null,
            "research_to_sale_ratio": null,
            "price_fair": 0,
            "eps_avg_yearly": 0,
            "eps_latest_yearly": 0,
            "eps_growth_yearly": 0
        },
        "20033": {
            "year_quarter": 20033,
            "year": 2003,
            "quarter": 3,
            "eps": null,
            "eps_growth_year": null,
            "eps_4q": null,
            "eps_4q_growth_year": null,
            "roe": null,
            "roe_4q": 0,
            "gross_profit": null,
            "gross_margin": null,
            "gross_margin_4q_avg": 0,
            "net_income": null,
            "net_income_4q": null,
            "revenue": null,
            "revenue_4q": null,
            "common_shares": null,
            "book_valuer_per_share": null,
            "book_valuer_per_share_4q_avg": 0,
            "equity": null,
            "current_ratio": null,
            "debt_ratio": null,
            "inventory_turnover_ratio": null,
            "account_receivable_turnover_ratio": null,
            "reinvestment_rate": null,
            "research_to_sale_ratio": null,
            "price_fair": 0,
            "eps_avg_yearly": 0,
            "eps_latest_yearly": 0,
            "eps_growth_yearly": 0
        },
        "20034": {
            "year_quarter": 20034,
            "year": 2003,
            "quarter": 4,
            "eps": null,
            "eps_growth_year": null,
            "eps_4q": null,
            "eps_4q_growth_year": null,
            "roe": null,
            "roe_4q": 0,
            "gross_profit": null,
            "gross_margin": null,
            "gross_margin_4q_avg": 0,
            "net_income": null,
            "net_income_4q": null,
            "revenue": null,
            "revenue_4q": null,
            "common_shares": null,
            "book_valuer_per_share": null,
            "book_valuer_per_share_4q_avg": 0,
            "equity": null,
            "current_ratio": null,
            "debt_ratio": null,
            "inventory_turnover_ratio": null,
            "account_receivable_turnover_ratio": null,
            "reinvestment_rate": null,
            "research_to_sale_ratio": null,
            "price_fair": 0,
            "eps_avg_yearly": 0,
            "eps_latest_yearly": 0,
            "eps_growth_yearly": 0
        },
        "20041": {
            "year_quarter": 20041,
            "year": 2004,
            "quarter": 1,
            "eps": null,
            "eps_growth_year": null,
            "eps_4q": null,
            "eps_4q_growth_year": null,
            "roe": null,
            "roe_4q": 0,
            "gross_profit": null,
            "gross_margin": null,
            "gross_margin_4q_avg": 0,
            "net_income": null,
            "net_income_4q": null,
            "revenue": null,
            "revenue_4q": null,
            "common_shares": null,
            "book_valuer_per_share": null,
            "book_valuer_per_share_4q_avg": 0,
            "equity": null,
            "current_ratio": null,
            "debt_ratio": null,
            "inventory_turnover_ratio": null,
            "account_receivable_turnover_ratio": null,
            "reinvestment_rate": null,
            "research_to_sale_ratio": null,
            "price_fair": 0,
            "eps_avg_yearly": 0,
            "eps_latest_yearly": 0,
            "eps_growth_yearly": 0
        },
        "20042": {
            "year_quarter": 20042,
            "year": 2004,
            "quarter": 2,
            "eps": null,
            "eps_growth_year": null,
            "eps_4q": null,
            "eps_4q_growth_year": null,
            "roe": null,
            "roe_4q": 0,
            "gross_profit": null,
            "gross_margin": null,
            "gross_margin_4q_avg": 0,
            "net_income": null,
            "net_income_4q": null,
            "revenue": null,
            "revenue_4q": null,
            "common_shares": null,
            "book_valuer_per_share": null,
            "book_valuer_per_share_4q_avg": 0,
            "equity": null,
            "current_ratio": null,
            "debt_ratio": null,
            "inventory_turnover_ratio": null,
            "account_receivable_turnover_ratio": null,
            "reinvestment_rate": null,
            "research_to_sale_ratio": null,
            "price_fair": 0,
            "eps_avg_yearly": 0,
            "eps_latest_yearly": 0,
            "eps_growth_yearly": 0
        },
        "20043": {
            "year_quarter": 20043,
            "year": 2004,
            "quarter": 3,
            "eps": null,
            "eps_growth_year": null,
            "eps_4q": null,
            "eps_4q_growth_year": null,
            "roe": null,
            "roe_4q": 0,
            "gross_profit": null,
            "gross_margin": null,
            "gross_margin_4q_avg": 0,
            "net_income": null,
            "net_income_4q": null,
            "revenue": null,
            "revenue_4q": null,
            "common_shares": null,
            "book_valuer_per_share": null,
            "book_valuer_per_share_4q_avg": 0,
            "equity": null,
            "current_ratio": null,
            "debt_ratio": null,
            "inventory_turnover_ratio": null,
            "account_receivable_turnover_ratio": null,
            "reinvestment_rate": null,
            "research_to_sale_ratio": null,
            "price_fair": 0,
            "eps_avg_yearly": 0,
            "eps_latest_yearly": 0,
            "eps_growth_yearly": 0
        },
        "20044": {
            "year_quarter": 20044,
            "year": 2004,
            "quarter": 4,
            "eps": null,
            "eps_growth_year": null,
            "eps_4q": null,
            "eps_4q_growth_year": null,
            "roe": null,
            "roe_4q": 0,
            "gross_profit": null,
            "gross_margin": null,
            "gross_margin_4q_avg": 0,
            "net_income": null,
            "net_income_4q": null,
            "revenue": null,
            "revenue_4q": null,
            "common_shares": 17000,
            "book_valuer_per_share": 12.37,
            "book_valuer_per_share_4q_avg": 3.09,
            "equity": 21030,
            "current_ratio": 110,
            "debt_ratio": 88.75,
            "inventory_turnover_ratio": null,
            "account_receivable_turnover_ratio": null,
            "reinvestment_rate": null,
            "research_to_sale_ratio": null,
            "price_fair": 0,
            "eps_avg_yearly": 0,
            "eps_latest_yearly": 0,
            "eps_growth_yearly": 0
        },
        "20051": {
            "year_quarter": 20051,
            "year": 2005,
            "quarter": 1,
            "eps": null,
            "eps_growth_year": null,
            "eps_4q": null,
            "eps_4q_growth_year": null,
            "roe": null,
            "roe_4q": 0,
            "gross_profit": null,
            "gross_margin": null,
            "gross_margin_4q_avg": 0,
            "net_income": null,
            "net_income_4q": null,
            "revenue": null,
            "revenue_4q": null,
            "common_shares": null,
            "book_valuer_per_share": null,
            "book_valuer_per_share_4q_avg": 3.09,
            "equity": null,
            "current_ratio": null,
            "debt_ratio": null,
            "inventory_turnover_ratio": null,
            "account_receivable_turnover_ratio": null,
            "reinvestment_rate": null,
            "research_to_sale_ratio": null,
            "price_fair": 0,
            "eps_avg_yearly": 0,
            "eps_latest_yearly": 0,
            "eps_growth_yearly": 0
        },
        "20052": {
            "year_quarter": 20052,
            "year": 2005,
            "quarter": 2,
            "eps": null,
            "eps_growth_year": null,
            "eps_4q": null,
            "eps_4q_growth_year": null,
            "roe": null,
            "roe_4q": 0,
            "gross_profit": null,
            "gross_margin": null,
            "gross_margin_4q_avg": 0,
            "net_income": null,
            "net_income_4q": null,
            "revenue": null,
            "revenue_4q": null,
            "common_shares": null,
            "book_valuer_per_share": null,
            "book_valuer_per_share_4q_avg": 3.09,
            "equity": null,
            "current_ratio": null,
            "debt_ratio": null,
            "inventory_turnover_ratio": null,
            "account_receivable_turnover_ratio": null,
            "reinvestment_rate": null,
            "research_to_sale_ratio": null,
            "price_fair": 0,
            "eps_avg_yearly": 0,
            "eps_latest_yearly": 0,
            "eps_growth_yearly": 0
        },
        "20053": {
            "year_quarter": 20053,
            "year": 2005,
            "quarter": 3,
            "eps": null,
            "eps_growth_year": null,
            "eps_4q": null,
            "eps_4q_growth_year": null,
            "roe": null,
            "roe_4q": 0,
            "gross_profit": null,
            "gross_margin": null,
            "gross_margin_4q_avg": 0,
            "net_income": null,
            "net_income_4q": null,
            "revenue": null,
            "revenue_4q": null,
            "common_shares": null,
            "book_valuer_per_share": null,
            "book_valuer_per_share_4q_avg": 3.09,
            "equity": null,
            "current_ratio": null,
            "debt_ratio": null,
            "inventory_turnover_ratio": null,
            "account_receivable_turnover_ratio": null,
            "reinvestment_rate": null,
            "research_to_sale_ratio": null,
            "price_fair": 0,
            "eps_avg_yearly": 0,
            "eps_latest_yearly": 0,
            "eps_growth_yearly": 0
        },
        "20054": {
            "year_quarter": 20054,
            "year": 2005,
            "quarter": 4,
            "eps": null,
            "eps_growth_year": null,
            "eps_4q": null,
            "eps_4q_growth_year": null,
            "roe": null,
            "roe_4q": 0,
            "gross_profit": null,
            "gross_margin": null,
            "gross_margin_4q_avg": 0,
            "net_income": null,
            "net_income_4q": null,
            "revenue": null,
            "revenue_4q": null,
            "common_shares": 25000,
            "book_valuer_per_share": 13.86,
            "book_valuer_per_share_4q_avg": 3.47,
            "equity": 34654,
            "current_ratio": 117.42,
            "debt_ratio": 81.87,
            "inventory_turnover_ratio": null,
            "account_receivable_turnover_ratio": null,
            "reinvestment_rate": null,
            "research_to_sale_ratio": null,
            "price_fair": 0,
            "eps_avg_yearly": 0,
            "eps_latest_yearly": 0,
            "eps_growth_yearly": 0
        },
        "20061": {
            "year_quarter": 20061,
            "year": 2006,
            "quarter": 1,
            "eps": null,
            "eps_growth_year": null,
            "eps_4q": null,
            "eps_4q_growth_year": null,
            "roe": null,
            "roe_4q": 0,
            "gross_profit": null,
            "gross_margin": null,
            "gross_margin_4q_avg": 0,
            "net_income": null,
            "net_income_4q": null,
            "revenue": null,
            "revenue_4q": null,
            "common_shares": null,
            "book_valuer_per_share": null,
            "book_valuer_per_share_4q_avg": 3.47,
            "equity": null,
            "current_ratio": null,
            "debt_ratio": null,
            "inventory_turnover_ratio": null,
            "account_receivable_turnover_ratio": null,
            "reinvestment_rate": null,
            "research_to_sale_ratio": null,
            "price_fair": 0,
            "eps_avg_yearly": 0,
            "eps_latest_yearly": 0,
            "eps_growth_yearly": 0
        },
        "20062": {
            "year_quarter": 20062,
            "year": 2006,
            "quarter": 2,
            "eps": null,
            "eps_growth_year": null,
            "eps_4q": null,
            "eps_4q_growth_year": null,
            "roe": null,
            "roe_4q": 0,
            "gross_profit": null,
            "gross_margin": null,
            "gross_margin_4q_avg": 0,
            "net_income": null,
            "net_income_4q": null,
            "revenue": null,
            "revenue_4q": null,
            "common_shares": null,
            "book_valuer_per_share": null,
            "book_valuer_per_share_4q_avg": 3.47,
            "equity": null,
            "current_ratio": null,
            "debt_ratio": null,
            "inventory_turnover_ratio": null,
            "account_receivable_turnover_ratio": null,
            "reinvestment_rate": null,
            "research_to_sale_ratio": null,
            "price_fair": 0,
            "eps_avg_yearly": 0,
            "eps_latest_yearly": 0,
            "eps_growth_yearly": 0
        },
        "20063": {
            "year_quarter": 20063,
            "year": 2006,
            "quarter": 3,
            "eps": null,
            "eps_growth_year": null,
            "eps_4q": null,
            "eps_4q_growth_year": null,
            "roe": null,
            "roe_4q": 0,
            "gross_profit": null,
            "gross_margin": null,
            "gross_margin_4q_avg": 0,
            "net_income": null,
            "net_income_4q": null,
            "revenue": null,
            "revenue_4q": null,
            "common_shares": null,
            "book_valuer_per_share": null,
            "book_valuer_per_share_4q_avg": 3.47,
            "equity": null,
            "current_ratio": null,
            "debt_ratio": null,
            "inventory_turnover_ratio": null,
            "account_receivable_turnover_ratio": null,
            "reinvestment_rate": null,
            "research_to_sale_ratio": null,
            "price_fair": 0,
            "eps_avg_yearly": 0,
            "eps_latest_yearly": 0,
            "eps_growth_yearly": 0
        },
        "20064": {
            "year_quarter": 20064,
            "year": 2006,
            "quarter": 4,
            "eps": null,
            "eps_growth_year": null,
            "eps_4q": null,
            "eps_4q_growth_year": null,
            "roe": null,
            "roe_4q": 0,
            "gross_profit": null,
            "gross_margin": null,
            "gross_margin_4q_avg": 0,
            "net_income": null,
            "net_income_4q": null,
            "revenue": null,
            "revenue_4q": null,
            "common_shares": 40000,
            "book_valuer_per_share": 13.14,
            "book_valuer_per_share_4q_avg": 3.29,
            "equity": 52560,
            "current_ratio": 118.64,
            "debt_ratio": 80.95,
            "inventory_turnover_ratio": null,
            "account_receivable_turnover_ratio": null,
            "reinvestment_rate": null,
            "research_to_sale_ratio": null,
            "price_fair": 0,
            "eps_avg_yearly": 0,
            "eps_latest_yearly": 0,
            "eps_growth_yearly": 0
        },
        "20071": {
            "year_quarter": 20071,
            "year": 2007,
            "quarter": 1,
            "eps": null,
            "eps_growth_year": null,
            "eps_4q": null,
            "eps_4q_growth_year": null,
            "roe": null,
            "roe_4q": 0,
            "gross_profit": null,
            "gross_margin": null,
            "gross_margin_4q_avg": 0,
            "net_income": null,
            "net_income_4q": null,
            "revenue": null,
            "revenue_4q": null,
            "common_shares": null,
            "book_valuer_per_share": null,
            "book_valuer_per_share_4q_avg": 3.29,
            "equity": null,
            "current_ratio": null,
            "debt_ratio": null,
            "inventory_turnover_ratio": null,
            "account_receivable_turnover_ratio": null,
            "reinvestment_rate": null,
            "research_to_sale_ratio": null,
            "price_fair": 0,
            "eps_avg_yearly": 0,
            "eps_latest_yearly": 0,
            "eps_growth_yearly": 0
        },
        "20072": {
            "year_quarter": 20072,
            "year": 2007,
            "quarter": 2,
            "eps": null,
            "eps_growth_year": null,
            "eps_4q": null,
            "eps_4q_growth_year": null,
            "roe": null,
            "roe_4q": 0,
            "gross_profit": null,
            "gross_margin": null,
            "gross_margin_4q_avg": 0,
            "net_income": null,
            "net_income_4q": null,
            "revenue": null,
            "revenue_4q": null,
            "common_shares": null,
            "book_valuer_per_share": null,
            "book_valuer_per_share_4q_avg": 3.29,
            "equity": null,
            "current_ratio": null,
            "debt_ratio": null,
            "inventory_turnover_ratio": null,
            "account_receivable_turnover_ratio": null,
            "reinvestment_rate": null,
            "research_to_sale_ratio": null,
            "price_fair": 0,
            "eps_avg_yearly": 0,
            "eps_latest_yearly": 0,
            "eps_growth_yearly": 0
        },
        "20073": {
            "year_quarter": 20073,
            "year": 2007,
            "quarter": 3,
            "eps": null,
            "eps_growth_year": null,
            "eps_4q": null,
            "eps_4q_growth_year": null,
            "roe": null,
            "roe_4q": 0,
            "gross_profit": null,
            "gross_margin": null,
            "gross_margin_4q_avg": 0,
            "net_income": null,
            "net_income_4q": null,
            "revenue": null,
            "revenue_4q": null,
            "common_shares": null,
            "book_valuer_per_share": null,
            "book_valuer_per_share_4q_avg": 3.29,
            "equity": null,
            "current_ratio": null,
            "debt_ratio": null,
            "inventory_turnover_ratio": null,
            "account_receivable_turnover_ratio": null,
            "reinvestment_rate": null,
            "research_to_sale_ratio": null,
            "price_fair": 0,
            "eps_avg_yearly": 0,
            "eps_latest_yearly": 0,
            "eps_growth_yearly": 0
        },
        "20074": {
            "year_quarter": 20074,
            "year": 2007,
            "quarter": 4,
            "eps": null,
            "eps_growth_year": null,
            "eps_4q": null,
            "eps_4q_growth_year": null,
            "roe": null,
            "roe_4q": 0,
            "gross_profit": null,
            "gross_margin": null,
            "gross_margin_4q_avg": 0,
            "net_income": null,
            "net_income_4q": null,
            "revenue": null,
            "revenue_4q": null,
            "common_shares": 65000,
            "book_valuer_per_share": 12.86,
            "book_valuer_per_share_4q_avg": 3.22,
            "equity": 83616,
            "current_ratio": 111.71,
            "debt_ratio": 83.18,
            "inventory_turnover_ratio": null,
            "account_receivable_turnover_ratio": null,
            "reinvestment_rate": null,
            "research_to_sale_ratio": null,
            "price_fair": 0,
            "eps_avg_yearly": 0,
            "eps_latest_yearly": 0,
            "eps_growth_yearly": 0
        },
        "20081": {
            "year_quarter": 20081,
            "year": 2008,
            "quarter": 1,
            "eps": null,
            "eps_growth_year": null,
            "eps_4q": null,
            "eps_4q_growth_year": null,
            "roe": null,
            "roe_4q": 0,
            "gross_profit": null,
            "gross_margin": null,
            "gross_margin_4q_avg": 0,
            "net_income": null,
            "net_income_4q": null,
            "revenue": null,
            "revenue_4q": null,
            "common_shares": null,
            "book_valuer_per_share": null,
            "book_valuer_per_share_4q_avg": 3.22,
            "equity": null,
            "current_ratio": null,
            "debt_ratio": null,
            "inventory_turnover_ratio": null,
            "account_receivable_turnover_ratio": null,
            "reinvestment_rate": null,
            "research_to_sale_ratio": null,
            "price_fair": 0,
            "eps_avg_yearly": 0,
            "eps_latest_yearly": 0,
            "eps_growth_yearly": 0
        },
        "20082": {
            "year_quarter": 20082,
            "year": 2008,
            "quarter": 2,
            "eps": null,
            "eps_growth_year": null,
            "eps_4q": null,
            "eps_4q_growth_year": null,
            "roe": null,
            "roe_4q": 0,
            "gross_profit": null,
            "gross_margin": null,
            "gross_margin_4q_avg": 0,
            "net_income": null,
            "net_income_4q": null,
            "revenue": null,
            "revenue_4q": null,
            "common_shares": null,
            "book_valuer_per_share": null,
            "book_valuer_per_share_4q_avg": 3.22,
            "equity": null,
            "current_ratio": null,
            "debt_ratio": null,
            "inventory_turnover_ratio": null,
            "account_receivable_turnover_ratio": null,
            "reinvestment_rate": null,
            "research_to_sale_ratio": null,
            "price_fair": 0,
            "eps_avg_yearly": 0,
            "eps_latest_yearly": 0,
            "eps_growth_yearly": 0
        },
        "20083": {
            "year_quarter": 20083,
            "year": 2008,
            "quarter": 3,
            "eps": null,
            "eps_growth_year": null,
            "eps_4q": null,
            "eps_4q_growth_year": null,
            "roe": null,
            "roe_4q": 0,
            "gross_profit": null,
            "gross_margin": null,
            "gross_margin_4q_avg": 0,
            "net_income": null,
            "net_income_4q": null,
            "revenue": null,
            "revenue_4q": null,
            "common_shares": null,
            "book_valuer_per_share": null,
            "book_valuer_per_share_4q_avg": 3.22,
            "equity": null,
            "current_ratio": null,
            "debt_ratio": null,
            "inventory_turnover_ratio": null,
            "account_receivable_turnover_ratio": null,
            "reinvestment_rate": null,
            "research_to_sale_ratio": null,
            "price_fair": 0,
            "eps_avg_yearly": 0,
            "eps_latest_yearly": 0,
            "eps_growth_yearly": 0
        },
        "20084": {
            "year_quarter": 20084,
            "year": 2008,
            "quarter": 4,
            "eps": null,
            "eps_growth_year": null,
            "eps_4q": null,
            "eps_4q_growth_year": null,
            "roe": null,
            "roe_4q": 0,
            "gross_profit": null,
            "gross_margin": null,
            "gross_margin_4q_avg": 0,
            "net_income": null,
            "net_income_4q": null,
            "revenue": null,
            "revenue_4q": null,
            "common_shares": 125000,
            "book_valuer_per_share": 12.81,
            "book_valuer_per_share_4q_avg": 3.2,
            "equity": 160168,
            "current_ratio": 134.6,
            "debt_ratio": 67.06,
            "inventory_turnover_ratio": null,
            "account_receivable_turnover_ratio": null,
            "reinvestment_rate": null,
            "research_to_sale_ratio": null,
            "price_fair": 0,
            "eps_avg_yearly": 0,
            "eps_latest_yearly": 0,
            "eps_growth_yearly": 0
        },
        "20091": {
            "year_quarter": 20091,
            "year": 2009,
            "quarter": 1,
            "eps": 0.42,
            "eps_growth_year": null,
            "eps_4q": null,
            "eps_4q_growth_year": null,
            "roe": 3.22,
            "roe_4q": 3.22,
            "gross_profit": 21029,
            "gross_margin": 12.96,
            "gross_margin_4q_avg": 3.24,
            "net_income": 5246,
            "net_income_4q": null,
            "revenue": 162204,
            "revenue_4q": null,
            "common_shares": 125000,
            "book_valuer_per_share": 13.24,
            "book_valuer_per_share_4q_avg": 6.51,
            "equity": 165537,
            "current_ratio": 141.73,
            "debt_ratio": 61.73,
            "inventory_turnover_ratio": 4.41,
            "account_receivable_turnover_ratio": 0.65,
            "reinvestment_rate": null,
            "research_to_sale_ratio": null,
            "price_fair": 0,
            "eps_avg_yearly": 0,
            "eps_latest_yearly": 0,
            "eps_growth_yearly": 0
        },
        "20092": {
            "year_quarter": 20092,
            "year": 2009,
            "quarter": 2,
            "eps": 0.84,
            "eps_growth_year": null,
            "eps_4q": null,
            "eps_4q_growth_year": null,
            "roe": 7.76,
            "roe_4q": 10.98,
            "gross_profit": 33227,
            "gross_margin": 13.73,
            "gross_margin_4q_avg": 6.67,
            "net_income": 12856,
            "net_income_4q": null,
            "revenue": 241975,
            "revenue_4q": null,
            "common_shares": 125000,
            "book_valuer_per_share": 13.26,
            "book_valuer_per_share_4q_avg": 9.83,
            "equity": 165808,
            "current_ratio": 122.95,
            "debt_ratio": 68.67,
            "inventory_turnover_ratio": 5.72,
            "account_receivable_turnover_ratio": 0.93,
            "reinvestment_rate": null,
            "research_to_sale_ratio": null,
            "price_fair": 117.6,
            "eps_avg_yearly": 3.36,
            "eps_latest_yearly": 3.36,
            "eps_growth_yearly": 400
        },
        "20093": {
            "year_quarter": 20093,
            "year": 2009,
            "quarter": 3,
            "eps": null,
            "eps_growth_year": null,
            "eps_4q": null,
            "eps_4q_growth_year": null,
            "roe": null,
            "roe_4q": 10.98,
            "gross_profit": null,
            "gross_margin": null,
            "gross_margin_4q_avg": 6.67,
            "net_income": null,
            "net_income_4q": null,
            "revenue": null,
            "revenue_4q": null,
            "common_shares": null,
            "book_valuer_per_share": null,
            "book_valuer_per_share_4q_avg": 9.83,
            "equity": null,
            "current_ratio": null,
            "debt_ratio": null,
            "inventory_turnover_ratio": null,
            "account_receivable_turnover_ratio": null,
            "reinvestment_rate": null,
            "research_to_sale_ratio": null,
            "price_fair": 117.6,
            "eps_avg_yearly": 3.36,
            "eps_latest_yearly": 3.36,
            "eps_growth_yearly": 400
        },
        "20094": {
            "year_quarter": 20094,
            "year": 2009,
            "quarter": 4,
            "eps": null,
            "eps_growth_year": null,
            "eps_4q": null,
            "eps_4q_growth_year": null,
            "roe": null,
            "roe_4q": 10.98,
            "gross_profit": null,
            "gross_margin": null,
            "gross_margin_4q_avg": 6.67,
            "net_income": null,
            "net_income_4q": null,
            "revenue": null,
            "revenue_4q": null,
            "common_shares": 164880,
            "book_valuer_per_share": 15.83,
            "book_valuer_per_share_4q_avg": 10.58,
            "equity": 261038,
            "current_ratio": 150.01,
            "debt_ratio": 59.14,
            "inventory_turnover_ratio": null,
            "account_receivable_turnover_ratio": null,
            "reinvestment_rate": null,
            "research_to_sale_ratio": null,
            "price_fair": 117.6,
            "eps_avg_yearly": 3.36,
            "eps_latest_yearly": 3.36,
            "eps_growth_yearly": 400
        },
        "20101": {
            "year_quarter": 20101,
            "year": 2010,
            "quarter": 1,
            "eps": 1.28,
            "eps_growth_year": 204.76,
            "eps_4q": null,
            "eps_4q_growth_year": null,
            "roe": 7.76,
            "roe_4q": 15.52,
            "gross_profit": 49585,
            "gross_margin": 15.6,
            "gross_margin_4q_avg": 7.33,
            "net_income": 21074,
            "net_income_4q": null,
            "revenue": 317770,
            "revenue_4q": null,
            "common_shares": 164880,
            "book_valuer_per_share": 17.11,
            "book_valuer_per_share_4q_avg": 11.55,
            "equity": 282057,
            "current_ratio": 134.1,
            "debt_ratio": 61.78,
            "inventory_turnover_ratio": 4.05,
            "account_receivable_turnover_ratio": 0.89,
            "reinvestment_rate": null,
            "research_to_sale_ratio": 0.46,
            "price_fair": 117.6,
            "eps_avg_yearly": 3.36,
            "eps_latest_yearly": 3.36,
            "eps_growth_yearly": 400
        },
        "20102": {
            "year_quarter": 20102,
            "year": 2010,
            "quarter": 2,
            "eps": 0.85,
            "eps_growth_year": 1.35,
            "eps_4q": null,
            "eps_4q_growth_year": null,
            "roe": 6.09,
            "roe_4q": 13.85,
            "gross_profit": 55353,
            "gross_margin": 15.56,
            "gross_margin_4q_avg": 7.79,
            "net_income": 17596,
            "net_income_4q": null,
            "revenue": 355720,
            "revenue_4q": null,
            "common_shares": 206696,
            "book_valuer_per_share": 14.33,
            "book_valuer_per_share_4q_avg": 11.82,
            "equity": 296217,
            "current_ratio": 122.07,
            "debt_ratio": 64.93,
            "inventory_turnover_ratio": 3.82,
            "account_receivable_turnover_ratio": 0.94,
            "reinvestment_rate": null,
            "research_to_sale_ratio": 0.79,
            "price_fair": 118.3,
            "eps_avg_yearly": 3.38,
            "eps_latest_yearly": 3.4,
            "eps_growth_yearly": 132.81
        },
        "20103": {
            "year_quarter": 20103,
            "year": 2010,
            "quarter": 3,
            "eps": null,
            "eps_growth_year": null,
            "eps_4q": null,
            "eps_4q_growth_year": null,
            "roe": null,
            "roe_4q": 13.85,
            "gross_profit": 44978,
            "gross_margin": null,
            "gross_margin_4q_avg": 7.79,
            "net_income": 16003,
            "net_income_4q": null,
            "revenue": 304569,
            "revenue_4q": null,
            "common_shares": 206696,
            "book_valuer_per_share": 15.09,
            "book_valuer_per_share_4q_avg": 15.59,
            "equity": 312004,
            "current_ratio": 127.11,
            "debt_ratio": 60.32,
            "inventory_turnover_ratio": null,
            "account_receivable_turnover_ratio": null,
            "reinvestment_rate": null,
            "research_to_sale_ratio": null,
            "price_fair": 118.3,
            "eps_avg_yearly": 3.38,
            "eps_latest_yearly": 3.4,
            "eps_growth_yearly": 132.81
        },
        "20104": {
            "year_quarter": 20104,
            "year": 2010,
            "quarter": 4,
            "eps": null,
            "eps_growth_year": null,
            "eps_4q": null,
            "eps_4q_growth_year": null,
            "roe": null,
            "roe_4q": 13.85,
            "gross_profit": 192731,
            "gross_margin": null,
            "gross_margin_4q_avg": 7.79,
            "net_income": 52123,
            "net_income_4q": null,
            "revenue": 1260418,
            "revenue_4q": null,
            "common_shares": 230696,
            "book_valuer_per_share": 16.52,
            "book_valuer_per_share_4q_avg": 15.76,
            "equity": 381126,
            "current_ratio": 153.45,
            "debt_ratio": 49.92,
            "inventory_turnover_ratio": null,
            "account_receivable_turnover_ratio": null,
            "reinvestment_rate": null,
            "research_to_sale_ratio": null,
            "price_fair": 118.3,
            "eps_avg_yearly": 3.38,
            "eps_latest_yearly": 3.4,
            "eps_growth_yearly": 132.81
        },
        "20111": {
            "year_quarter": 20111,
            "year": 2011,
            "quarter": 1,
            "eps": null,
            "eps_growth_year": null,
            "eps_4q": null,
            "eps_4q_growth_year": null,
            "roe": null,
            "roe_4q": 6.09,
            "gross_profit": 35445,
            "gross_margin": null,
            "gross_margin_4q_avg": 3.89,
            "net_income": 11083,
            "net_income_4q": null,
            "revenue": 241631,
            "revenue_4q": null,
            "common_shares": 230696,
            "book_valuer_per_share": 16.98,
            "book_valuer_per_share_4q_avg": 15.73,
            "equity": 391671,
            "current_ratio": 147.9,
            "debt_ratio": 49.27,
            "inventory_turnover_ratio": null,
            "account_receivable_turnover_ratio": null,
            "reinvestment_rate": null,
            "research_to_sale_ratio": null,
            "price_fair": 118.3,
            "eps_avg_yearly": 3.38,
            "eps_latest_yearly": 3.4,
            "eps_growth_yearly": 132.81
        },
        "20112": {
            "year_quarter": 20112,
            "year": 2011,
            "quarter": 2,
            "eps": 0.18,
            "eps_growth_year": -78.94,
            "eps_4q": 0.18,
            "eps_4q_growth_year": null,
            "roe": 1.33,
            "roe_4q": 1.33,
            "gross_profit": 36560,
            "gross_margin": 13.44,
            "gross_margin_4q_avg": 3.36,
            "net_income": 5183,
            "net_income_4q": null,
            "revenue": 272114,
            "revenue_4q": null,
            "common_shares": 230696,
            "book_valuer_per_share": 16.69,
            "book_valuer_per_share_4q_avg": 16.32,
            "equity": 385034,
            "current_ratio": 141.89,
            "debt_ratio": 52.5,
            "inventory_turnover_ratio": 2.79,
            "account_receivable_turnover_ratio": 1.92,
            "reinvestment_rate": null,
            "research_to_sale_ratio": null,
            "price_fair": 118.3,
            "eps_avg_yearly": 3.38,
            "eps_latest_yearly": 3.4,
            "eps_growth_yearly": 132.81
        },
        "20113": {
            "year_quarter": 20113,
            "year": 2011,
            "quarter": 3,
            "eps": 0.12,
            "eps_growth_year": null,
            "eps_4q": 0.25,
            "eps_4q_growth_year": null,
            "roe": 0.78,
            "roe_4q": 2.1100000000000003,
            "gross_profit": 27722,
            "gross_margin": 13.54,
            "gross_margin_4q_avg": 6.75,
            "net_income": 4565,
            "net_income_4q": null,
            "revenue": 204685,
            "revenue_4q": null,
            "common_shares": 333506,
            "book_valuer_per_share": 23.49,
            "book_valuer_per_share_4q_avg": 18.42,
            "equity": 783381,
            "current_ratio": 253.98,
            "debt_ratio": 31.69,
            "inventory_turnover_ratio": 2.35,
            "account_receivable_turnover_ratio": 0.73,
            "reinvestment_rate": null,
            "research_to_sale_ratio": 3.39,
            "price_fair": 84.47,
            "eps_avg_yearly": 2.41,
            "eps_latest_yearly": 0.48,
            "eps_growth_yearly": 44.1
        },
        "20114": {
            "year_quarter": 20114,
            "year": 2011,
            "quarter": 4,
            "eps": -0.09,
            "eps_growth_year": null,
            "eps_4q": 0.16,
            "eps_4q_growth_year": null,
            "roe": -0.45,
            "roe_4q": 1.6600000000000001,
            "gross_profit": 16541,
            "gross_margin": 9.54,
            "gross_margin_4q_avg": 9.13,
            "net_income": -3551,
            "net_income_4q": null,
            "revenue": 173465,
            "revenue_4q": null,
            "common_shares": 393273,
            "book_valuer_per_share": 19.89,
            "book_valuer_per_share_4q_avg": 19.26,
            "equity": 782136,
            "current_ratio": 346.44,
            "debt_ratio": 21.13,
            "inventory_turnover_ratio": 2.09,
            "account_receivable_turnover_ratio": 0.66,
            "reinvestment_rate": null,
            "research_to_sale_ratio": 3.3,
            "price_fair": 84.47,
            "eps_avg_yearly": 2.41,
            "eps_latest_yearly": 0.48,
            "eps_growth_yearly": 44.1
        },
        "20121": {
            "year_quarter": 20121,
            "year": 2012,
            "quarter": 1,
            "eps": 0.01,
            "eps_growth_year": null,
            "eps_4q": 0.17,
            "eps_4q_growth_year": null,
            "roe": 0.06,
            "roe_4q": 1.7200000000000002,
            "gross_profit": 22802,
            "gross_margin": 13.25,
            "gross_margin_4q_avg": 12.44,
            "net_income": 473,
            "net_income_4q": null,
            "revenue": 172146,
            "revenue_4q": null,
            "common_shares": 393273,
            "book_valuer_per_share": 19.89,
            "book_valuer_per_share_4q_avg": 19.99,
            "equity": 782100,
            "current_ratio": 280.03,
            "debt_ratio": 23.86,
            "inventory_turnover_ratio": 1.89,
            "account_receivable_turnover_ratio": 0.7,
            "reinvestment_rate": null,
            "research_to_sale_ratio": 3.33,
            "price_fair": 84.47,
            "eps_avg_yearly": 2.41,
            "eps_latest_yearly": 0.48,
            "eps_growth_yearly": 44.1
        },
        "20122": {
            "year_quarter": 20122,
            "year": 2012,
            "quarter": 2,
            "eps": -0.17,
            "eps_growth_year": -196.27,
            "eps_4q": -0.14,
            "eps_4q_growth_year": -177.54,
            "roe": -0.93,
            "roe_4q": -0.54,
            "gross_profit": 16608,
            "gross_margin": 8.37,
            "gross_margin_4q_avg": 11.18,
            "net_income": -7643,
            "net_income_4q": null,
            "revenue": 198525,
            "revenue_4q": null,
            "common_shares": 442773,
            "book_valuer_per_share": 19.31,
            "book_valuer_per_share_4q_avg": 20.65,
            "equity": 855144,
            "current_ratio": 231.18,
            "debt_ratio": 28.79,
            "inventory_turnover_ratio": 1.99,
            "account_receivable_turnover_ratio": 0.81,
            "reinvestment_rate": null,
            "research_to_sale_ratio": 3.67,
            "price_fair": 84.47,
            "eps_avg_yearly": 2.41,
            "eps_latest_yearly": 0.48,
            "eps_growth_yearly": 44.1
        },
        "20123": {
            "year_quarter": 20123,
            "year": 2012,
            "quarter": 3,
            "eps": -0.31,
            "eps_growth_year": -366.04,
            "eps_4q": -0.55,
            "eps_4q_growth_year": -321.93,
            "roe": -1.62,
            "roe_4q": -2.9400000000000004,
            "gross_profit": 12426,
            "gross_margin": 5.66,
            "gross_margin_4q_avg": 9.21,
            "net_income": -13722,
            "net_income_4q": null,
            "revenue": 219547,
            "revenue_4q": null,
            "common_shares": 442773,
            "book_valuer_per_share": 19,
            "book_valuer_per_share_4q_avg": 19.52,
            "equity": 841426,
            "current_ratio": 189.09,
            "debt_ratio": 29.51,
            "inventory_turnover_ratio": 2.15,
            "account_receivable_turnover_ratio": 0.79,
            "reinvestment_rate": null,
            "research_to_sale_ratio": 3.59,
            "price_fair": 84.47,
            "eps_avg_yearly": 2.41,
            "eps_latest_yearly": 0.48,
            "eps_growth_yearly": 44.1
        },
        "20124": {
            "year_quarter": 20124,
            "year": 2012,
            "quarter": 4,
            "eps": -0.44,
            "eps_growth_year": null,
            "eps_4q": -0.91,
            "eps_4q_growth_year": -679.59,
            "roe": -2.36,
            "roe_4q": -4.8500000000000005,
            "gross_profit": 2526,
            "gross_margin": 1.48,
            "gross_margin_4q_avg": 7.19,
            "net_income": -19684,
            "net_income_4q": null,
            "revenue": 171186,
            "revenue_4q": null,
            "common_shares": 444283,
            "book_valuer_per_share": 18.53,
            "book_valuer_per_share_4q_avg": 19.18,
            "equity": 823291,
            "current_ratio": 225.08,
            "debt_ratio": 26.11,
            "inventory_turnover_ratio": 1.77,
            "account_receivable_turnover_ratio": 0.61,
            "reinvestment_rate": null,
            "research_to_sale_ratio": 4.68,
            "price_fair": 84.47,
            "eps_avg_yearly": 2.41,
            "eps_latest_yearly": 0.48,
            "eps_growth_yearly": 44.1
        },
        "20131": {
            "year_quarter": 20131,
            "year": 2013,
            "quarter": 1,
            "eps": -0.25,
            "eps_growth_year": -2600,
            "eps_4q": -1.18,
            "eps_4q_growth_year": -794.44,
            "roe": -1.38,
            "roe_4q": -6.289999999999999,
            "gross_profit": 9099,
            "gross_margin": 5.36,
            "gross_margin_4q_avg": 5.22,
            "net_income": -11278,
            "net_income_4q": null,
            "revenue": 169781,
            "revenue_4q": null,
            "common_shares": 444283,
            "book_valuer_per_share": 18.2,
            "book_valuer_per_share_4q_avg": 18.76,
            "equity": 808736,
            "current_ratio": 205.27,
            "debt_ratio": 27.89,
            "inventory_turnover_ratio": 1.59,
            "account_receivable_turnover_ratio": 0.66,
            "reinvestment_rate": null,
            "research_to_sale_ratio": 3.44,
            "price_fair": 84.47,
            "eps_avg_yearly": 2.41,
            "eps_latest_yearly": 0.48,
            "eps_growth_yearly": 44.1
        },
        "20132": {
            "year_quarter": 20132,
            "year": 2013,
            "quarter": 2,
            "eps": 0.01,
            "eps_growth_year": null,
            "eps_4q": -0.99,
            "eps_4q_growth_year": null,
            "roe": 0.06,
            "roe_4q": -5.3,
            "gross_profit": 27196,
            "gross_margin": 11.22,
            "gross_margin_4q_avg": 5.93,
            "net_income": 479,
            "net_income_4q": null,
            "revenue": 242403,
            "revenue_4q": null,
            "common_shares": 444283,
            "book_valuer_per_share": 18.23,
            "book_valuer_per_share_4q_avg": 18.49,
            "equity": 810120,
            "current_ratio": 186.85,
            "debt_ratio": 33.98,
            "inventory_turnover_ratio": 2.08,
            "account_receivable_turnover_ratio": 0.8,
            "reinvestment_rate": null,
            "research_to_sale_ratio": 2.27,
            "price_fair": 5.82,
            "eps_avg_yearly": 1.94,
            "eps_latest_yearly": 0.48,
            "eps_growth_yearly": -133.85
        },
        "20133": {
            "year_quarter": 20133,
            "year": 2013,
            "quarter": 3,
            "eps": -0.1,
            "eps_growth_year": null,
            "eps_4q": -0.79,
            "eps_4q_growth_year": null,
            "roe": -0.57,
            "roe_4q": -4.25,
            "gross_profit": 22399,
            "gross_margin": 9.48,
            "gross_margin_4q_avg": 6.89,
            "net_income": -4593,
            "net_income_4q": null,
            "revenue": 236329,
            "revenue_4q": null,
            "common_shares": 444283,
            "book_valuer_per_share": 18.13,
            "book_valuer_per_share_4q_avg": 18.27,
            "equity": 805302,
            "current_ratio": 180.81,
            "debt_ratio": 34.28,
            "inventory_turnover_ratio": 1.92,
            "account_receivable_turnover_ratio": 0.71,
            "reinvestment_rate": null,
            "research_to_sale_ratio": 2.5,
            "price_fair": 5.82,
            "eps_avg_yearly": 1.94,
            "eps_latest_yearly": 0.48,
            "eps_growth_yearly": -133.85
        },
        "20134": {
            "year_quarter": 20134,
            "year": 2013,
            "quarter": 4,
            "eps": -0.13,
            "eps_growth_year": null,
            "eps_4q": -0.48,
            "eps_4q_growth_year": null,
            "roe": -0.74,
            "roe_4q": -2.63,
            "gross_profit": 16516,
            "gross_margin": 7.19,
            "gross_margin_4q_avg": 8.31,
            "net_income": -5920,
            "net_income_4q": null,
            "revenue": 229698,
            "revenue_4q": null,
            "common_shares": 444283,
            "book_valuer_per_share": 18.04,
            "book_valuer_per_share_4q_avg": 18.15,
            "equity": 801659,
            "current_ratio": 185.04,
            "debt_ratio": 33.05,
            "inventory_turnover_ratio": 1.59,
            "account_receivable_turnover_ratio": 0.74,
            "reinvestment_rate": 677.53,
            "research_to_sale_ratio": 2.54,
            "price_fair": 5.82,
            "eps_avg_yearly": 1.94,
            "eps_latest_yearly": 0.48,
            "eps_growth_yearly": -133.85
        },
        "20141": {
            "year_quarter": 20141,
            "year": 2014,
            "quarter": 1,
            "eps": 0.18,
            "eps_growth_year": null,
            "eps_4q": -0.04,
            "eps_4q_growth_year": null,
            "roe": 1,
            "roe_4q": -0.24999999999999994,
            "gross_profit": 31222,
            "gross_margin": 11.62,
            "gross_margin_4q_avg": 9.88,
            "net_income": 8036,
            "net_income_4q": null,
            "revenue": 268654,
            "revenue_4q": null,
            "common_shares": 444283,
            "book_valuer_per_share": 18.22,
            "book_valuer_per_share_4q_avg": 18.16,
            "equity": 809591,
            "current_ratio": 209.17,
            "debt_ratio": 29.07,
            "inventory_turnover_ratio": 1.7,
            "account_receivable_turnover_ratio": 0.91,
            "reinvestment_rate": 691.24,
            "research_to_sale_ratio": 1.77,
            "price_fair": 5.82,
            "eps_avg_yearly": 1.94,
            "eps_latest_yearly": 0.48,
            "eps_growth_yearly": -133.85
        },
        "20142": {
            "year_quarter": 20142,
            "year": 2014,
            "quarter": 2,
            "eps": 0.32,
            "eps_growth_year": 3100,
            "eps_4q": 0.26,
            "eps_4q_growth_year": null,
            "roe": 1.74,
            "roe_4q": 1.4300000000000002,
            "gross_profit": 45278,
            "gross_margin": 15.25,
            "gross_margin_4q_avg": 10.89,
            "net_income": 14228,
            "net_income_4q": null,
            "revenue": 296881,
            "revenue_4q": null,
            "common_shares": 444283,
            "book_valuer_per_share": 18.53,
            "book_valuer_per_share_4q_avg": 18.23,
            "equity": 823293,
            "current_ratio": 209.47,
            "debt_ratio": 27.57,
            "inventory_turnover_ratio": 1.92,
            "account_receivable_turnover_ratio": 1.01,
            "reinvestment_rate": 645.81,
            "research_to_sale_ratio": 1.8,
            "price_fair": 30.8,
            "eps_avg_yearly": 0.88,
            "eps_latest_yearly": 1.28,
            "eps_growth_yearly": 88.89
        },
        "20143": {
            "year_quarter": 20143,
            "year": 2014,
            "quarter": 3,
            "eps": 0.46,
            "eps_growth_year": null,
            "eps_4q": 0.82,
            "eps_4q_growth_year": null,
            "roe": 2.43,
            "roe_4q": 4.43,
            "gross_profit": 44992,
            "gross_margin": 15.89,
            "gross_margin_4q_avg": 12.49,
            "net_income": 20242,
            "net_income_4q": null,
            "revenue": 283226,
            "revenue_4q": null,
            "common_shares": 444283,
            "book_valuer_per_share": 19,
            "book_valuer_per_share_4q_avg": 18.45,
            "equity": 844256,
            "current_ratio": 234.09,
            "debt_ratio": 25.33,
            "inventory_turnover_ratio": 1.94,
            "account_receivable_turnover_ratio": 0.95,
            "reinvestment_rate": 521.28,
            "research_to_sale_ratio": 1.94,
            "price_fair": 42,
            "eps_avg_yearly": 1.2,
            "eps_latest_yearly": 1.84,
            "eps_growth_yearly": 117.59
        },
        "20144": {
            "year_quarter": 20144,
            "year": 2014,
            "quarter": 4,
            "eps": 0.34,
            "eps_growth_year": null,
            "eps_4q": 1.3,
            "eps_4q_growth_year": null,
            "roe": 1.78,
            "roe_4q": 6.95,
            "gross_profit": 37402,
            "gross_margin": 14.8,
            "gross_margin_4q_avg": 14.39,
            "net_income": 15191,
            "net_income_4q": null,
            "revenue": 252726,
            "revenue_4q": null,
            "common_shares": 444283,
            "book_valuer_per_share": 19.37,
            "book_valuer_per_share_4q_avg": 18.78,
            "equity": 860386,
            "current_ratio": 248.8,
            "debt_ratio": 21.99,
            "inventory_turnover_ratio": 1.83,
            "account_receivable_turnover_ratio": 0.96,
            "reinvestment_rate": 1614.97,
            "research_to_sale_ratio": 2.27,
            "price_fair": 43.4,
            "eps_avg_yearly": 1.24,
            "eps_latest_yearly": 1.36,
            "eps_growth_yearly": 62.11
        },
        "20151": {
            "year_quarter": 20151,
            "year": 2015,
            "quarter": 1,
            "eps": 0.45,
            "eps_growth_year": 150,
            "eps_4q": 1.57,
            "eps_4q_growth_year": null,
            "roe": 2.29,
            "roe_4q": 8.24,
            "gross_profit": 50783,
            "gross_margin": 18,
            "gross_margin_4q_avg": 15.99,
            "net_income": 19946,
            "net_income_4q": null,
            "revenue": 282206,
            "revenue_4q": null,
            "common_shares": 444283,
            "book_valuer_per_share": 19.81,
            "book_valuer_per_share_4q_avg": 19.18,
            "equity": 880030,
            "current_ratio": 267.23,
            "debt_ratio": 21.17,
            "inventory_turnover_ratio": 1.97,
            "account_receivable_turnover_ratio": 1.14,
            "reinvestment_rate": 800.54,
            "research_to_sale_ratio": 2.17,
            "price_fair": 47.32,
            "eps_avg_yearly": 1.35,
            "eps_latest_yearly": 1.8,
            "eps_growth_yearly": 75.57
        },
        "20152": {
            "year_quarter": 20152,
            "year": 2015,
            "quarter": 2,
            "eps": 0.52,
            "eps_growth_year": 62.5,
            "eps_4q": 1.77,
            "eps_4q_growth_year": 568.84,
            "roe": 2.6,
            "roe_4q": 9.100000000000001,
            "gross_profit": 54970,
            "gross_margin": 19.28,
            "gross_margin_4q_avg": 16.99,
            "net_income": 23216,
            "net_income_4q": null,
            "revenue": 285073,
            "revenue_4q": null,
            "common_shares": 444283,
            "book_valuer_per_share": 20.32,
            "book_valuer_per_share_4q_avg": 19.63,
            "equity": 902802,
            "current_ratio": 278.17,
            "debt_ratio": 21.05,
            "inventory_turnover_ratio": 2.11,
            "account_receivable_turnover_ratio": 1.11,
            "reinvestment_rate": 326.76,
            "research_to_sale_ratio": 2.43,
            "price_fair": 51.57,
            "eps_avg_yearly": 1.47,
            "eps_latest_yearly": 2.08,
            "eps_growth_yearly": 73.34
        },
        "20153": {
            "year_quarter": 20153,
            "year": 2015,
            "quarter": 3,
            "eps": 0.68,
            "eps_growth_year": 47.83,
            "eps_4q": 2,
            "eps_4q_growth_year": 142.61,
            "roe": 3.31,
            "roe_4q": 9.979999999999999,
            "gross_profit": 49400,
            "gross_margin": 18.74,
            "gross_margin_4q_avg": 17.71,
            "net_income": 30407,
            "net_income_4q": null,
            "revenue": 263541,
            "revenue_4q": null,
            "common_shares": 444283,
            "book_valuer_per_share": 21.03,
            "book_valuer_per_share_4q_avg": 20.13,
            "equity": 934442,
            "current_ratio": 327.08,
            "debt_ratio": 18.29,
            "inventory_turnover_ratio": 2.18,
            "account_receivable_turnover_ratio": 1.03,
            "reinvestment_rate": 124.84,
            "research_to_sale_ratio": 2.39,
            "price_fair": 64.63,
            "eps_avg_yearly": 1.85,
            "eps_latest_yearly": 2.72,
            "eps_growth_yearly": 116.08
        },
        "20154": {
            "year_quarter": 20154,
            "year": 2015,
            "quarter": 4,
            "eps": 0.44,
            "eps_growth_year": 29.43,
            "eps_4q": 2.1,
            "eps_4q_growth_year": 61.59,
            "roe": 2.08,
            "roe_4q": 10.280000000000001,
            "gross_profit": 48015,
            "gross_margin": 19.83,
            "gross_margin_4q_avg": 18.96,
            "net_income": 19661,
            "net_income_4q": null,
            "revenue": 242082,
            "revenue_4q": null,
            "common_shares": 444283,
            "book_valuer_per_share": 21.45,
            "book_valuer_per_share_4q_avg": 20.65,
            "equity": 953004,
            "current_ratio": 353.32,
            "debt_ratio": 17.32,
            "inventory_turnover_ratio": 2.09,
            "account_receivable_turnover_ratio": 1.01,
            "reinvestment_rate": -16.04,
            "research_to_sale_ratio": 3.01,
            "price_fair": 64.2,
            "eps_avg_yearly": 1.83,
            "eps_latest_yearly": 1.76,
            "eps_growth_yearly": 79.33
        },
        "20161": {
            "year_quarter": 20161,
            "year": 2016,
            "quarter": 1,
            "eps": 0.4,
            "eps_growth_year": -11.11,
            "eps_4q": 2.04,
            "eps_4q_growth_year": 30.52,
            "roe": 1.83,
            "roe_4q": 9.82,
            "gross_profit": 51621,
            "gross_margin": 20.31,
            "gross_margin_4q_avg": 19.54,
            "net_income": 17566,
            "net_income_4q": null,
            "revenue": 254109,
            "revenue_4q": null,
            "common_shares": 444283,
            "book_valuer_per_share": 21.84,
            "book_valuer_per_share_4q_avg": 21.16,
            "equity": 970466,
            "current_ratio": 399.43,
            "debt_ratio": 15.46,
            "inventory_turnover_ratio": 2.23,
            "account_receivable_turnover_ratio": 1.12,
            "reinvestment_rate": -78.82,
            "research_to_sale_ratio": 2.47,
            "price_fair": 63.18,
            "eps_avg_yearly": 1.81,
            "eps_latest_yearly": 1.6,
            "eps_growth_yearly": 64.87
        },
        "20162": {
            "year_quarter": 20162,
            "year": 2016,
            "quarter": 2,
            "eps": 0.62,
            "eps_growth_year": 19.23,
            "eps_4q": 2.14,
            "eps_4q_growth_year": 20.84,
            "roe": 2.82,
            "roe_4q": 10.040000000000001,
            "gross_profit": 60673,
            "gross_margin": 21.5,
            "gross_margin_4q_avg": 20.1,
            "net_income": 27342,
            "net_income_4q": null,
            "revenue": 282203,
            "revenue_4q": null,
            "common_shares": 444283,
            "book_valuer_per_share": 21.81,
            "book_valuer_per_share_4q_avg": 21.53,
            "equity": 969035,
            "current_ratio": 328.59,
            "debt_ratio": 19.44,
            "inventory_turnover_ratio": 2.5,
            "account_receivable_turnover_ratio": 1.16,
            "reinvestment_rate": -88.75,
            "research_to_sale_ratio": 2.32,
            "price_fair": 65.8,
            "eps_avg_yearly": 1.88,
            "eps_latest_yearly": 2.48,
            "eps_growth_yearly": 82.1
        },
        "20163": {
            "year_quarter": 20163,
            "year": 2016,
            "quarter": 3,
            "eps": 0.52,
            "eps_growth_year": -23.53,
            "eps_4q": 1.97,
            "eps_4q_growth_year": -1.29,
            "roe": 2.35,
            "roe_4q": 9.08,
            "gross_profit": 56714,
            "gross_margin": 21.12,
            "gross_margin_4q_avg": 20.69,
            "net_income": 23047,
            "net_income_4q": null,
            "revenue": 268489,
            "revenue_4q": null,
            "common_shares": 444283,
            "book_valuer_per_share": 22.31,
            "book_valuer_per_share_4q_avg": 21.85,
            "equity": 991350,
            "current_ratio": 362.15,
            "debt_ratio": 17.65,
            "inventory_turnover_ratio": 2.33,
            "account_receivable_turnover_ratio": 1.07,
            "reinvestment_rate": -97.47,
            "research_to_sale_ratio": 2.53,
            "price_fair": 66.5,
            "eps_avg_yearly": 1.9,
            "eps_latest_yearly": 2.08,
            "eps_growth_yearly": 67.44
        },
        "20164": {
            "year_quarter": 20164,
            "year": 2016,
            "quarter": 4,
            "eps": 0.68,
            "eps_growth_year": 53.36,
            "eps_4q": 2.21,
            "eps_4q_growth_year": 5.23,
            "roe": 3,
            "roe_4q": 10,
            "gross_profit": 61537,
            "gross_margin": 21.98,
            "gross_margin_4q_avg": 21.23,
            "net_income": 30153,
            "net_income_4q": null,
            "revenue": 279909,
            "revenue_4q": null,
            "common_shares": 444283,
            "book_valuer_per_share": 22.98,
            "book_valuer_per_share_4q_avg": 22.24,
            "equity": 1021036,
            "current_ratio": 330.2,
            "debt_ratio": 20.09,
            "inventory_turnover_ratio": 2.08,
            "account_receivable_turnover_ratio": 1.11,
            "reinvestment_rate": -70.18,
            "research_to_sale_ratio": 3.04,
            "price_fair": 69.11,
            "eps_avg_yearly": 1.97,
            "eps_latest_yearly": 2.72,
            "eps_growth_yearly": 72.5
        },
        "20171": {
            "year_quarter": 20171,
            "year": 2017,
            "quarter": 1,
            "eps": 0.6,
            "eps_growth_year": 50,
            "eps_4q": 2.41,
            "eps_4q_growth_year": 17.83,
            "roe": 2.56,
            "roe_4q": 10.73,
            "gross_profit": 64954,
            "gross_margin": 20.01,
            "gross_margin_4q_avg": 21.15,
            "net_income": 26507,
            "net_income_4q": null,
            "revenue": 324575,
            "revenue_4q": null,
            "common_shares": 444283,
            "book_valuer_per_share": 23.55,
            "book_valuer_per_share_4q_avg": 22.66,
            "equity": 1046231,
            "current_ratio": 263.71,
            "debt_ratio": 20.21,
            "inventory_turnover_ratio": 2.16,
            "account_receivable_turnover_ratio": 1.15,
            "reinvestment_rate": 32.85,
            "research_to_sale_ratio": 2.24,
            "price_fair": 70.35,
            "eps_avg_yearly": 2.01,
            "eps_latest_yearly": 2.4,
            "eps_growth_yearly": 62.54
        },
        "20172": {
            "year_quarter": 20172,
            "year": 2017,
            "quarter": 2,
            "eps": 0.91,
            "eps_growth_year": 46.77,
            "eps_4q": 2.7,
            "eps_4q_growth_year": 26.33,
            "roe": 4.07,
            "roe_4q": 11.98,
            "gross_profit": 73877,
            "gross_margin": 20.69,
            "gross_margin_4q_avg": 20.95,
            "net_income": 40279,
            "net_income_4q": null,
            "revenue": 357123,
            "revenue_4q": null,
            "common_shares": 444283,
            "book_valuer_per_share": 21.01,
            "book_valuer_per_share_4q_avg": 22.46,
            "equity": 933270,
            "current_ratio": 163.25,
            "debt_ratio": 33.59,
            "inventory_turnover_ratio": 2.06,
            "account_receivable_turnover_ratio": 1.08,
            "reinvestment_rate": 24.93,
            "research_to_sale_ratio": 2.26,
            "price_fair": 74.74,
            "eps_avg_yearly": 2.14,
            "eps_latest_yearly": 3.64,
            "eps_growth_yearly": 73.62
        },
        "20173": {
            "year_quarter": 20173,
            "year": 2017,
            "quarter": 3,
            "eps": 0.78,
            "eps_growth_year": 50,
            "eps_4q": 2.96,
            "eps_4q_growth_year": 50.1,
            "roe": 3.64,
            "roe_4q": 13.270000000000001,
            "gross_profit": 66310,
            "gross_margin": 19.4,
            "gross_margin_4q_avg": 20.52,
            "net_income": 34574,
            "net_income_4q": null,
            "revenue": 341872,
            "revenue_4q": null,
            "common_shares": 444283,
            "book_valuer_per_share": 21.79,
            "book_valuer_per_share_4q_avg": 22.33,
            "equity": 968252,
            "current_ratio": 187.82,
            "debt_ratio": 27.36,
            "inventory_turnover_ratio": 1.72,
            "account_receivable_turnover_ratio": 0.97,
            "reinvestment_rate": 14.14,
            "research_to_sale_ratio": 2.55,
            "price_fair": 77.2,
            "eps_avg_yearly": 2.21,
            "eps_latest_yearly": 3.12,
            "eps_growth_yearly": 64.28
        },
        "20174": {
            "year_quarter": 20174,
            "year": 2017,
            "quarter": 4,
            "eps": 0.72,
            "eps_growth_year": 6.07,
            "eps_4q": 3,
            "eps_4q_growth_year": 35.92,
            "roe": 3.25,
            "roe_4q": 13.520000000000001,
            "gross_profit": 68573,
            "gross_margin": 19.68,
            "gross_margin_4q_avg": 19.95,
            "net_income": 31984,
            "net_income_4q": null,
            "revenue": 348513,
            "revenue_4q": null,
            "common_shares": 444283,
            "book_valuer_per_share": 22.52,
            "book_valuer_per_share_4q_avg": 22.22,
            "equity": 1000326,
            "current_ratio": 201.2,
            "debt_ratio": 25.41,
            "inventory_turnover_ratio": 1.67,
            "account_receivable_turnover_ratio": 1.14,
            "reinvestment_rate": 18.24,
            "research_to_sale_ratio": 2.63,
            "price_fair": 78.77,
            "eps_avg_yearly": 2.25,
            "eps_latest_yearly": 2.88,
            "eps_growth_yearly": 57.95
        },
        "20181": {
            "year_quarter": 20181,
            "year": 2018,
            "quarter": 1,
            "eps": 0.3,
            "eps_growth_year": -50,
            "eps_4q": 2.7,
            "eps_4q_growth_year": 12.24,
            "roe": 1.32,
            "roe_4q": 12.280000000000001,
            "gross_profit": 55928,
            "gross_margin": 17.48,
            "gross_margin_4q_avg": 19.31,
            "net_income": 13313,
            "net_income_4q": null,
            "revenue": 319948,
            "revenue_4q": null,
            "common_shares": 444283,
            "book_valuer_per_share": 22.83,
            "book_valuer_per_share_4q_avg": 22.04,
            "equity": 1014178,
            "current_ratio": 161.3,
            "debt_ratio": 31.1,
            "inventory_turnover_ratio": 1.46,
            "account_receivable_turnover_ratio": 1.22,
            "reinvestment_rate": 19.76,
            "research_to_sale_ratio": 2.63,
            "price_fair": 76.48,
            "eps_avg_yearly": 2.19,
            "eps_latest_yearly": 1.2,
            "eps_growth_yearly": 39.74
        },
        "20182": {
            "year_quarter": 20182,
            "year": 2018,
            "quarter": 2,
            "eps": 0.91,
            "eps_growth_year": 0,
            "eps_4q": 2.7,
            "eps_4q_growth_year": 0.15,
            "roe": 4.07,
            "roe_4q": 12.280000000000001,
            "gross_profit": 68312,
            "gross_margin": 18.84,
            "gross_margin_4q_avg": 18.85,
            "net_income": 40294,
            "net_income_4q": null,
            "revenue": 362601,
            "revenue_4q": null,
            "common_shares": 444283,
            "book_valuer_per_share": 21.73,
            "book_valuer_per_share_4q_avg": 22.22,
            "equity": 965284,
            "current_ratio": 158.76,
            "debt_ratio": 41.57,
            "inventory_turnover_ratio": 1.43,
            "account_receivable_turnover_ratio": 1.31,
            "reinvestment_rate": 33.92,
            "research_to_sale_ratio": 2.5,
            "price_fair": 81.64,
            "eps_avg_yearly": 2.33,
            "eps_latest_yearly": 3.64,
            "eps_growth_yearly": 71.13
        },
        "20183": {
            "year_quarter": 20183,
            "year": 2018,
            "quarter": 3,
            "eps": 0.8,
            "eps_growth_year": 2.56,
            "eps_4q": 2.73,
            "eps_4q_growth_year": -7.89,
            "roe": 3.46,
            "roe_4q": 12.1,
            "gross_profit": 85609,
            "gross_margin": 20.01,
            "gross_margin_4q_avg": 19,
            "net_income": 36153,
            "net_income_4q": null,
            "revenue": 427890,
            "revenue_4q": null,
            "common_shares": 444283,
            "book_valuer_per_share": 22.51,
            "book_valuer_per_share_4q_avg": 22.4,
            "equity": 1122286,
            "current_ratio": 127.05,
            "debt_ratio": 46.09,
            "inventory_turnover_ratio": 1.33,
            "account_receivable_turnover_ratio": 1.26,
            "reinvestment_rate": 55.05,
            "research_to_sale_ratio": 2.85,
            "price_fair": 84.61,
            "eps_avg_yearly": 2.42,
            "eps_latest_yearly": 3.2,
            "eps_growth_yearly": 57.17
        },
        "20184": {
            "year_quarter": 20184,
            "year": 2018,
            "quarter": 4,
            "eps": 0.53,
            "eps_growth_year": -26.39,
            "eps_4q": 2.54,
            "eps_4q_growth_year": -15.48,
            "roe": 2.26,
            "roe_4q": 11.11,
            "gross_profit": 68634,
            "gross_margin": 17.24,
            "gross_margin_4q_avg": 18.39,
            "net_income": 25555,
            "net_income_4q": null,
            "revenue": 398061,
            "revenue_4q": null,
            "common_shares": 444283,
            "book_valuer_per_share": 23.04,
            "book_valuer_per_share_4q_avg": 22.53,
            "equity": 1138922,
            "current_ratio": 136.37,
            "debt_ratio": 41.48,
            "inventory_turnover_ratio": 1.18,
            "account_receivable_turnover_ratio": 1.09,
            "reinvestment_rate": 56.23,
            "research_to_sale_ratio": 3.33,
            "price_fair": 86.28,
            "eps_avg_yearly": 2.47,
            "eps_latest_yearly": 2.12,
            "eps_growth_yearly": 55.25
        },
        "20191": {
            "year_quarter": 20191,
            "year": 2019,
            "quarter": 1,
            "eps": 0.41,
            "eps_growth_year": 36.67,
            "eps_4q": 2.65,
            "eps_4q_growth_year": -2.05,
            "roe": 1.67,
            "roe_4q": 11.46,
            "gross_profit": 63359,
            "gross_margin": 18.2,
            "gross_margin_4q_avg": 18.57,
            "net_income": 19162,
            "net_income_4q": null,
            "revenue": 348132,
            "revenue_4q": null,
            "common_shares": 444283,
            "book_valuer_per_share": 23.47,
            "book_valuer_per_share_4q_avg": 22.69,
            "equity": 1158759,
            "current_ratio": 116.9,
            "debt_ratio": 42.67,
            "inventory_turnover_ratio": 1.08,
            "account_receivable_turnover_ratio": 1.05,
            "reinvestment_rate": 60.68,
            "research_to_sale_ratio": 4.11,
            "price_fair": 85.93,
            "eps_avg_yearly": 2.46,
            "eps_latest_yearly": 1.64,
            "eps_growth_yearly": 41.51
        },
        "20192": {
            "year_quarter": 20192,
            "year": 2019,
            "quarter": 2,
            "eps": 0.68,
            "eps_growth_year": -25.27,
            "eps_4q": 2.43,
            "eps_4q_growth_year": -10.32,
            "roe": 2.74,
            "roe_4q": 10.129999999999999,
            "gross_profit": 85223,
            "gross_margin": 21.74,
            "gross_margin_4q_avg": 19.3,
            "net_income": 30978,
            "net_income_4q": null,
            "revenue": 392021,
            "revenue_4q": null,
            "common_shares": 444283,
            "book_valuer_per_share": 22.14,
            "book_valuer_per_share_4q_avg": 22.79,
            "equity": 1100514,
            "current_ratio": 96.41,
            "debt_ratio": 58.08,
            "inventory_turnover_ratio": 1.16,
            "account_receivable_turnover_ratio": 1.15,
            "reinvestment_rate": 234.92,
            "research_to_sale_ratio": 4.01,
            "price_fair": 87.33,
            "eps_avg_yearly": 2.5,
            "eps_latest_yearly": 2.72,
            "eps_growth_yearly": 54.08
        },
        "20193": {
            "year_quarter": 20193,
            "year": 2019,
            "quarter": 3,
            "eps": 0.68,
            "eps_growth_year": -15,
            "eps_4q": 2.3,
            "eps_4q_growth_year": -15.62,
            "roe": 3.02,
            "roe_4q": 9.69,
            "gross_profit": 81167,
            "gross_margin": 19.86,
            "gross_margin_4q_avg": 19.26,
            "net_income": 33769,
            "net_income_4q": null,
            "revenue": 408752,
            "revenue_4q": null,
            "common_shares": 444283,
            "book_valuer_per_share": 22.79,
            "book_valuer_per_share_4q_avg": 22.86,
            "equity": 1133190,
            "current_ratio": 101.86,
            "debt_ratio": 56.56,
            "inventory_turnover_ratio": 1.29,
            "account_receivable_turnover_ratio": 1.1,
            "reinvestment_rate": 239.27,
            "research_to_sale_ratio": 3.77,
            "price_fair": 87.33,
            "eps_avg_yearly": 2.5,
            "eps_latest_yearly": 2.72,
            "eps_growth_yearly": 46.39
        },
        "20194": {
            "year_quarter": 20194,
            "year": 2019,
            "quarter": 4,
            "eps": 0.53,
            "eps_growth_year": -0.54,
            "eps_4q": 2.3,
            "eps_4q_growth_year": -9.41,
            "roe": 2.46,
            "roe_4q": 9.89,
            "gross_profit": 78002,
            "gross_margin": 19.55,
            "gross_margin_4q_avg": 19.84,
            "net_income": 28232,
            "net_income_4q": null,
            "revenue": 398975,
            "revenue_4q": null,
            "common_shares": 444283,
            "book_valuer_per_share": 23.31,
            "book_valuer_per_share_4q_avg": 22.93,
            "equity": 1161104,
            "current_ratio": 120.98,
            "debt_ratio": 55.89,
            "inventory_turnover_ratio": 1.28,
            "account_receivable_turnover_ratio": 1.06,
            "reinvestment_rate": 238.63,
            "research_to_sale_ratio": 4.1,
            "price_fair": 88.11,
            "eps_avg_yearly": 2.52,
            "eps_latest_yearly": 2.12,
            "eps_growth_yearly": 49.7
        },
        "20201": {
            "year_quarter": 20201,
            "year": 2020,
            "quarter": 1,
            "eps": 0.51,
            "eps_growth_year": 24.39,
            "eps_4q": 2.39,
            "eps_4q_growth_year": -9.72,
            "roe": 2.1,
            "roe_4q": 10.32,
            "gross_profit": 89456,
            "gross_margin": 23.36,
            "gross_margin_4q_avg": 21.13,
            "net_income": 22645,
            "net_income_4q": null,
            "revenue": 382961,
            "revenue_4q": null,
            "common_shares": 444283,
            "book_valuer_per_share": 22.44,
            "book_valuer_per_share_4q_avg": 22.67,
            "equity": 998553,
            "current_ratio": 113.94,
            "debt_ratio": 60.41,
            "inventory_turnover_ratio": 1.21,
            "account_receivable_turnover_ratio": 1.04,
            "reinvestment_rate": 236.88,
            "research_to_sale_ratio": 5.39,
            "price_fair": 89.08,
            "eps_avg_yearly": 2.55,
            "eps_latest_yearly": 2.04,
            "eps_growth_yearly": 51.03
        },
        "20202": {
            "year_quarter": 20202,
            "year": 2020,
            "quarter": 2,
            "eps": 0.81,
            "eps_growth_year": 19.12,
            "eps_4q": 2.51,
            "eps_4q_growth_year": 3.65,
            "roe": 3.63,
            "roe_4q": 11.21,
            "gross_profit": 118222,
            "gross_margin": 28.53,
            "gross_margin_4q_avg": 22.83,
            "net_income": 35869,
            "net_income_4q": null,
            "revenue": 414419,
            "revenue_4q": null,
            "common_shares": 444283,
            "book_valuer_per_share": 21.94,
            "book_valuer_per_share_4q_avg": 22.62,
            "equity": 976112,
            "current_ratio": 110.29,
            "debt_ratio": 62.62,
            "inventory_turnover_ratio": 1.2,
            "account_receivable_turnover_ratio": 1.1,
            "reinvestment_rate": 231.94,
            "research_to_sale_ratio": 5.96,
            "price_fair": 90.74,
            "eps_avg_yearly": 2.59,
            "eps_latest_yearly": 3.24,
            "eps_growth_yearly": 51.98
        },
        "20203": {
            "year_quarter": 20203,
            "year": 2020,
            "quarter": 3,
            "eps": 0.43,
            "eps_growth_year": -36.76,
            "eps_4q": 2.27,
            "eps_4q_growth_year": -1.55,
            "roe": 1.93,
            "roe_4q": 10.120000000000001,
            "gross_profit": 97518,
            "gross_margin": 27.94,
            "gross_margin_4q_avg": 24.85,
            "net_income": 18996,
            "net_income_4q": null,
            "revenue": 349089,
            "revenue_4q": null,
            "common_shares": 444283,
            "book_valuer_per_share": 22.37,
            "book_valuer_per_share_4q_avg": 22.52,
            "equity": 995671,
            "current_ratio": 122.35,
            "debt_ratio": 61.2,
            "inventory_turnover_ratio": 0.97,
            "account_receivable_turnover_ratio": 0.99,
            "reinvestment_rate": 234.42,
            "research_to_sale_ratio": 6.59,
            "price_fair": 89.95,
            "eps_avg_yearly": 2.57,
            "eps_latest_yearly": 1.72,
            "eps_growth_yearly": 44.29
        },
        "20204": {
            "year_quarter": 20204,
            "year": 2020,
            "quarter": 4,
            "eps": 0.36,
            "eps_growth_year": -31.19,
            "eps_4q": 2.1,
            "eps_4q_growth_year": -8.58,
            "roe": 1.61,
            "roe_4q": 9.27,
            "gross_profit": 102807,
            "gross_margin": 26.29,
            "gross_margin_4q_avg": 26.53,
            "net_income": 16171,
            "net_income_4q": null,
            "revenue": 391001,
            "revenue_4q": null,
            "common_shares": 444283,
            "book_valuer_per_share": 22.76,
            "book_valuer_per_share_4q_avg": 22.38,
            "equity": 1012631,
            "current_ratio": 108.56,
            "debt_ratio": 60.46,
            "inventory_turnover_ratio": 1.14,
            "account_receivable_turnover_ratio": 1.15,
            "reinvestment_rate": 237.13,
            "research_to_sale_ratio": 7.02,
            "price_fair": 87.15,
            "eps_avg_yearly": 2.49,
            "eps_latest_yearly": 1.44,
            "eps_growth_yearly": 32.52
        },
        "20211": {
            "year_quarter": 20211,
            "year": 2021,
            "quarter": 1,
            "eps": 1.02,
            "eps_growth_year": 100,
            "eps_4q": 2.61,
            "eps_4q_growth_year": 9.28,
            "roe": 4.38,
            "roe_4q": 11.55,
            "gross_profit": 136627,
            "gross_margin": 30.44,
            "gross_margin_4q_avg": 28.3,
            "net_income": 45346,
            "net_income_4q": null,
            "revenue": 448878,
            "revenue_4q": null,
            "common_shares": 444283,
            "book_valuer_per_share": 23.77,
            "book_valuer_per_share_4q_avg": 22.71,
            "equity": 1057671,
            "current_ratio": 111.63,
            "debt_ratio": 60.63,
            "inventory_turnover_ratio": 1.22,
            "account_receivable_turnover_ratio": 1.16,
            "reinvestment_rate": 189.37,
            "research_to_sale_ratio": 5.61,
            "price_fair": 90.83,
            "eps_avg_yearly": 2.6,
            "eps_latest_yearly": 4.08,
            "eps_growth_yearly": 81.3
        },
        "20212": {
            "year_quarter": 20212,
            "year": 2021,
            "quarter": 2,
            "eps": 1.9,
            "eps_growth_year": 134.57,
            "eps_4q": 3.71,
            "eps_4q_growth_year": 47.57,
            "roe": 8.03,
            "roe_4q": 15.95,
            "gross_profit": 168253,
            "gross_margin": 32.43,
            "gross_margin_4q_avg": 29.28,
            "net_income": 84639,
            "net_income_4q": null,
            "revenue": 518822,
            "revenue_4q": null,
            "common_shares": 444283,
            "book_valuer_per_share": 23.65,
            "book_valuer_per_share_4q_avg": 23.14,
            "equity": 1050806,
            "current_ratio": 99.47,
            "debt_ratio": 63.27,
            "inventory_turnover_ratio": 1.3,
            "account_receivable_turnover_ratio": 1.17,
            "reinvestment_rate": 167.13,
            "research_to_sale_ratio": 4.99,
            "price_fair": 99.49,
            "eps_avg_yearly": 2.84,
            "eps_latest_yearly": 7.6,
            "eps_growth_yearly": 89.95
        },
        "20213": {
            "year_quarter": 20213,
            "year": 2021,
            "quarter": 3,
            "eps": 2.2,
            "eps_growth_year": 411.63,
            "eps_4q": 5.49,
            "eps_4q_growth_year": 142.24,
            "roe": 8.9,
            "roe_4q": 22.919999999999998,
            "gross_profit": 183761,
            "gross_margin": 34.03,
            "gross_margin_4q_avg": 30.8,
            "net_income": 97882,
            "net_income_4q": null,
            "revenue": 540066,
            "revenue_4q": null,
            "common_shares": 444283,
            "book_valuer_per_share": 25.85,
            "book_valuer_per_share_4q_avg": 24.01,
            "equity": 1148647,
            "current_ratio": 109,
            "debt_ratio": 61.36,
            "inventory_turnover_ratio": 1.22,
            "account_receivable_turnover_ratio": 1.09,
            "reinvestment_rate": 144.93,
            "research_to_sale_ratio": 5.48,
            "price_fair": 111.91,
            "eps_avg_yearly": 3.2,
            "eps_latest_yearly": 8.8,
            "eps_growth_yearly": 97.47
        },
        "20214": {
            "year_quarter": 20214,
            "year": 2021,
            "quarter": 4,
            "eps": 2.24,
            "eps_growth_year": 517.04,
            "eps_4q": 7.36,
            "eps_4q_growth_year": 250.45,
            "roe": 8.29,
            "roe_4q": 29.599999999999998,
            "gross_profit": 192885,
            "gross_margin": 35.14,
            "gross_margin_4q_avg": 33.01,
            "net_income": 99417,
            "net_income_4q": null,
            "revenue": 548951,
            "revenue_4q": null,
            "common_shares": 444283,
            "book_valuer_per_share": 28.1,
            "book_valuer_per_share_4q_avg": 25.34,
            "equity": 1248425,
            "current_ratio": 125.76,
            "debt_ratio": 59.2,
            "inventory_turnover_ratio": 1.09,
            "account_receivable_turnover_ratio": 1.06,
            "reinvestment_rate": 129.6,
            "research_to_sale_ratio": 5.9,
            "price_fair": 125.21,
            "eps_avg_yearly": 3.58,
            "eps_latest_yearly": 8.96,
            "eps_growth_yearly": 99.85
        },
        "20221": {
            "year_quarter": 20221,
            "year": 2022,
            "quarter": 1,
            "eps": 2.44,
            "eps_growth_year": 139.22,
            "eps_4q": 8.78,
            "eps_4q_growth_year": 236.05,
            "roe": 8.31,
            "roe_4q": 33.53,
            "gross_profit": 184249,
            "gross_margin": 34.86,
            "gross_margin_4q_avg": 34.12,
            "net_income": 108304,
            "net_income_4q": null,
            "revenue": 528479,
            "revenue_4q": null,
            "common_shares": 444283,
            "book_valuer_per_share": 30.58,
            "book_valuer_per_share_4q_avg": 27.05,
            "equity": 1358516,
            "current_ratio": 135.4,
            "debt_ratio": 56.19,
            "inventory_turnover_ratio": 1.03,
            "account_receivable_turnover_ratio": 1.05,
            "reinvestment_rate": 113.71,
            "research_to_sale_ratio": 6.05,
            "price_fair": 143.94,
            "eps_avg_yearly": 4.11,
            "eps_latest_yearly": 9.76,
            "eps_growth_yearly": 116.66
        },
        "20222": {
            "year_quarter": 20222,
            "year": 2022,
            "quarter": 2,
            "eps": 2.85,
            "eps_growth_year": 50,
            "eps_4q": 9.73,
            "eps_4q_growth_year": 162.18,
            "roe": 9.66,
            "roe_4q": 35.16,
            "gross_profit": 216137,
            "gross_margin": 37.35,
            "gross_margin_4q_avg": 35.35,
            "net_income": 126587,
            "net_income_4q": null,
            "revenue": 578715,
            "revenue_4q": null,
            "common_shares": 444283,
            "book_valuer_per_share": 28.41,
            "book_valuer_per_share_4q_avg": 28.24,
            "equity": 1262238,
            "current_ratio": 115.65,
            "debt_ratio": 61.42,
            "inventory_turnover_ratio": 1.06,
            "account_receivable_turnover_ratio": 1.12,
            "reinvestment_rate": 94.69,
            "research_to_sale_ratio": 5.81,
            "price_fair": 160.91,
            "eps_avg_yearly": 4.6,
            "eps_latest_yearly": 11.4,
            "eps_growth_yearly": 70.03
        },
        "20223": {
            "year_quarter": 20223,
            "year": 2022,
            "quarter": 3,
            "eps": 2.72,
            "eps_growth_year": 23.64,
            "eps_4q": 10.25,
            "eps_4q_growth_year": 86.73,
            "roe": 9.14,
            "roe_4q": 35.4,
            "gross_profit": 210567,
            "gross_margin": 37.99,
            "gross_margin_4q_avg": 36.34,
            "net_income": 120913,
            "net_income_4q": null,
            "revenue": 554239,
            "revenue_4q": null,
            "common_shares": 444283,
            "book_valuer_per_share": 31.14,
            "book_valuer_per_share_4q_avg": 29.56,
            "equity": 1383533,
            "current_ratio": 127.84,
            "debt_ratio": 56.55,
            "inventory_turnover_ratio": 0.98,
            "account_receivable_turnover_ratio": 1,
            "reinvestment_rate": 86.84,
            "research_to_sale_ratio": 6.27,
            "price_fair": 177.71,
            "eps_avg_yearly": 5.08,
            "eps_latest_yearly": 10.88,
            "eps_growth_yearly": 71.91
        },
        "20224": {
            "year_quarter": 20224,
            "year": 2022,
            "quarter": 4,
            "eps": 2.25,
            "eps_growth_year": 0.6,
            "eps_4q": 10.26,
            "eps_4q_growth_year": 39.36,
            "roe": 6.98,
            "roe_4q": 34.09,
            "gross_profit": 193533,
            "gross_margin": 37.49,
            "gross_margin_4q_avg": 36.92,
            "net_income": 100014,
            "net_income_4q": null,
            "revenue": 516184,
            "revenue_4q": null,
            "common_shares": 444283,
            "book_valuer_per_share": 33.38,
            "book_valuer_per_share_4q_avg": 30.88,
            "equity": 1482826,
            "current_ratio": 137.97,
            "debt_ratio": 53.49,
            "inventory_turnover_ratio": 0.98,
            "account_receivable_turnover_ratio": 1.06,
            "reinvestment_rate": 84.3,
            "research_to_sale_ratio": 6.76,
            "price_fair": 192.76,
            "eps_avg_yearly": 5.51,
            "eps_latest_yearly": 9,
            "eps_growth_yearly": 76.03
        },
        "20231": {
            "year_quarter": 20231,
            "year": 2023,
            "quarter": 1,
            "eps": 1.7,
            "eps_growth_year": -30.33,
            "eps_4q": 9.52,
            "eps_4q_growth_year": 8.39,
            "roe": 4.96,
            "roe_4q": 30.740000000000002,
            "gross_profit": 152420,
            "gross_margin": 35.19,
            "gross_margin_4q_avg": 37.01,
            "net_income": 75404,
            "net_income_4q": null,
            "revenue": 433184,
            "revenue_4q": null,
            "common_shares": 444283,
            "book_valuer_per_share": 35.08,
            "book_valuer_per_share_4q_avg": 32,
            "equity": 1558501,
            "current_ratio": 151.21,
            "debt_ratio": 50.29,
            "inventory_turnover_ratio": 0.95,
            "account_receivable_turnover_ratio": 1.17,
            "reinvestment_rate": 82.13,
            "research_to_sale_ratio": 7,
            "price_fair": 204.05,
            "eps_avg_yearly": 5.83,
            "eps_latest_yearly": 6.8,
            "eps_growth_yearly": 75.58
        },
        "20232": {
            "year_quarter": 20232,
            "year": 2023,
            "quarter": 2,
            "eps": 2.26,
            "eps_growth_year": -20.7,
            "eps_4q": 7.9,
            "eps_4q_growth_year": -18.8,
            "roe": 6.74,
            "roe_4q": 27.82,
            "gross_profit": 164915,
            "gross_margin": 37.42,
            "gross_margin_4q_avg": 37.02,
            "net_income": 100231,
            "net_income_4q": null,
            "revenue": 440683,
            "revenue_4q": null,
            "common_shares": 444283,
            "book_valuer_per_share": 31.9,
            "book_valuer_per_share_4q_avg": 32.88,
            "equity": 1417045,
            "current_ratio": 126.12,
            "debt_ratio": 55.7,
            "inventory_turnover_ratio": 1.06,
            "account_receivable_turnover_ratio": 1.33,
            "reinvestment_rate": 7.73,
            "research_to_sale_ratio": 7.91,
            "price_fair": 217.88,
            "eps_avg_yearly": 6.23,
            "eps_latest_yearly": 9.04,
            "eps_growth_yearly": 67.35
        },
        "20233": {
            "year_quarter": 20233,
            "year": 2023,
            "quarter": 3,
            "eps": 1.77,
            "eps_growth_year": -34.93,
            "eps_4q": 7.26,
            "eps_4q_growth_year": -29.16,
            "roe": 6.07,
            "roe_4q": 24.75,
            "gross_profit": 165207,
            "gross_margin": 38.04,
            "gross_margin_4q_avg": 37.04,
            "net_income": 88730,
            "net_income_4q": null,
            "revenue": 434320,
            "revenue_4q": null,
            "common_shares": 444283,
            "book_valuer_per_share": 33.93,
            "book_valuer_per_share_4q_avg": 33.57,
            "equity": 1507364,
            "current_ratio": 149.05,
            "debt_ratio": 48.69,
            "inventory_turnover_ratio": 1.18,
            "account_receivable_turnover_ratio": 1.23,
            "reinvestment_rate": 6.12,
            "research_to_sale_ratio": 8.34,
            "price_fair": 227.41,
            "eps_avg_yearly": 6.5,
            "eps_latest_yearly": 7.08,
            "eps_growth_yearly": 61.93
        },
        "20234": {
            "year_quarter": 20234,
            "year": 2023,
            "quarter": 4,
            "eps": 1.46,
            "eps_growth_year": -35.03,
            "eps_4q": 6.73,
            "eps_4q_growth_year": -34.42,
            "roe": 4.76,
            "roe_4q": 22.53,
            "gross_profit": 170335,
            "gross_margin": 39.5,
            "gross_margin_4q_avg": 37.54,
            "net_income": 73427,
            "net_income_4q": null,
            "revenue": 431181,
            "revenue_4q": null,
            "common_shares": 502039,
            "book_valuer_per_share": 31.47,
            "book_valuer_per_share_4q_avg": 33.1,
            "equity": 1579724,
            "current_ratio": 119.85,
            "debt_ratio": 50.08,
            "inventory_turnover_ratio": 1.14,
            "account_receivable_turnover_ratio": 1.19,
            "reinvestment_rate": 5.38,
            "research_to_sale_ratio": 8.59,
            "price_fair": 235.55,
            "eps_avg_yearly": 6.73,
            "eps_latest_yearly": 5.84,
            "eps_growth_yearly": 63.07
        }
    },
    "months": {
        "2009-09": {
            "month": "2009-09",
            "price": "38.41",
            "revenue": 88349
        },
        "2009-10": {
            "month": "2009-10",
            "price": "40.64",
            "revenue": 90771
        },
        "2009-11": {
            "month": "2009-11",
            "price": "40.27",
            "revenue": 79518
        },
        "2009-12": {
            "month": "2009-12",
            "price": "40.85",
            "revenue": 91061
        },
        "2010-01": {
            "month": "2010-01",
            "price": "44.46",
            "revenue": 110649
        },
        "2010-02": {
            "month": "2010-02",
            "price": "51.07",
            "revenue": 92792
        },
        "2010-03": {
            "month": "2010-03",
            "price": "57.14",
            "revenue": 99005
        },
        "2010-04": {
            "month": "2010-04",
            "price": "65.91",
            "revenue": 113658
        },
        "2010-05": {
            "month": "2010-05",
            "price": "86.23",
            "revenue": 114367
        },
        "2010-06": {
            "month": "2010-06",
            "price": "61.54",
            "revenue": 110681
        },
        "2010-07": {
            "month": "2010-07",
            "price": "44.03",
            "revenue": 105483
        },
        "2010-08": {
            "month": "2010-08",
            "price": "39.08",
            "revenue": 100386
        },
        "2010-09": {
            "month": "2010-09",
            "price": "38.18",
            "revenue": 97796
        },
        "2010-10": {
            "month": "2010-10",
            "price": "39.60",
            "revenue": 91150
        },
        "2010-11": {
            "month": "2010-11",
            "price": "38.33",
            "revenue": 85619
        },
        "2010-12": {
            "month": "2010-12",
            "price": "38.43",
            "revenue": 68322
        },
        "2011-01": {
            "month": "2011-01",
            "price": "39.17",
            "revenue": 72549
        },
        "2011-02": {
            "month": "2011-02",
            "price": "39.87",
            "revenue": 70599
        },
        "2011-03": {
            "month": "2011-03",
            "price": "43.54",
            "revenue": 85598
        },
        "2011-04": {
            "month": "2011-04",
            "price": "40.41",
            "revenue": 83100
        },
        "2011-05": {
            "month": "2011-05",
            "price": "39.02",
            "revenue": 86289
        },
        "2011-06": {
            "month": "2011-06",
            "price": "38.82",
            "revenue": 87708
        },
        "2011-07": {
            "month": "2011-07",
            "price": "38.83",
            "revenue": 67429
        },
        "2011-08": {
            "month": "2011-08",
            "price": "36.97",
            "revenue": 68663
        },
        "2011-09": {
            "month": "2011-09",
            "price": "37.49",
            "revenue": 61371
        },
        "2011-10": {
            "month": "2011-10",
            "price": "37.27",
            "revenue": 58831
        },
        "2011-11": {
            "month": "2011-11",
            "price": "33.22",
            "revenue": 60505
        },
        "2011-12": {
            "month": "2011-12",
            "price": "31.43",
            "revenue": 50381
        },
        "2012-01": {
            "month": "2012-01",
            "price": "32.06",
            "revenue": 49988
        },
        "2012-02": {
            "month": "2012-02",
            "price": "32.47",
            "revenue": 51846
        },
        "2012-03": {
            "month": "2012-03",
            "price": "32.03",
            "revenue": 60580
        },
        "2012-04": {
            "month": "2012-04",
            "price": "26.80",
            "revenue": 61083
        },
        "2012-05": {
            "month": "2012-05",
            "price": "27.66",
            "revenue": 62781
        },
        "2012-06": {
            "month": "2012-06",
            "price": "32.50",
            "revenue": 66843
        },
        "2012-07": {
            "month": "2012-07",
            "price": "26.37",
            "revenue": 67926
        },
        "2012-08": {
            "month": "2012-08",
            "price": "30.75",
            "revenue": 69516
        },
        "2012-09": {
            "month": "2012-09",
            "price": "28.52",
            "revenue": 66548
        },
        "2012-10": {
            "month": "2012-10",
            "price": "22.78",
            "revenue": 67789
        },
        "2012-11": {
            "month": "2012-11",
            "price": "18.15",
            "revenue": 51991
        },
        "2012-12": {
            "month": "2012-12",
            "price": "18.76",
            "revenue": 43586
        },
        "2013-01": {
            "month": "2013-01",
            "price": "19.21",
            "revenue": 50079
        },
        "2013-02": {
            "month": "2013-02",
            "price": "19.10",
            "revenue": 44105
        },
        "2013-03": {
            "month": "2013-03",
            "price": "18.68",
            "revenue": 75597
        },
        "2013-04": {
            "month": "2013-04",
            "price": "19.91",
            "revenue": 78310
        },
        "2013-05": {
            "month": "2013-05",
            "price": "19.65",
            "revenue": 83269
        },
        "2013-06": {
            "month": "2013-06",
            "price": "19.48",
            "revenue": 80804
        },
        "2013-07": {
            "month": "2013-07",
            "price": "18.90",
            "revenue": 76378
        },
        "2013-08": {
            "month": "2013-08",
            "price": "17.85",
            "revenue": 77932
        },
        "2013-09": {
            "month": "2013-09",
            "price": "18.48",
            "revenue": 82251
        },
        "2013-10": {
            "month": "2013-10",
            "price": "18.98",
            "revenue": 79711
        },
        "2013-11": {
            "month": "2013-11",
            "price": "16.80",
            "revenue": 77232
        },
        "2013-12": {
            "month": "2013-12",
            "price": "16.43",
            "revenue": 72281
        },
        "2014-01": {
            "month": "2014-01",
            "price": "17.68",
            "revenue": 95596
        },
        "2014-02": {
            "month": "2014-02",
            "price": "20.82",
            "revenue": 81038
        },
        "2014-03": {
            "month": "2014-03",
            "price": "22.92",
            "revenue": 91741
        },
        "2014-04": {
            "month": "2014-04",
            "price": "27.37",
            "revenue": 93587
        },
        "2014-05": {
            "month": "2014-05",
            "price": "24.98",
            "revenue": 100839
        },
        "2014-06": {
            "month": "2014-06",
            "price": "27.44",
            "revenue": 102751
        },
        "2014-07": {
            "month": "2014-07",
            "price": "28.70",
            "revenue": 90686
        },
        "2014-08": {
            "month": "2014-08",
            "price": "25.20",
            "revenue": 100168
        },
        "2014-09": {
            "month": "2014-09",
            "price": "24.34",
            "revenue": 92358
        },
        "2014-10": {
            "month": "2014-10",
            "price": "22.57",
            "revenue": 86948
        },
        "2014-11": {
            "month": "2014-11",
            "price": "21.41",
            "revenue": 80031
        },
        "2014-12": {
            "month": "2014-12",
            "price": "21.86",
            "revenue": 85745
        },
        "2015-01": {
            "month": "2015-01",
            "price": "24.53",
            "revenue": 104938
        },
        "2015-02": {
            "month": "2015-02",
            "price": "27.85",
            "revenue": 82704
        },
        "2015-03": {
            "month": "2015-03",
            "price": "28.45",
            "revenue": 94564
        },
        "2015-04": {
            "month": "2015-04",
            "price": "32.86",
            "revenue": 102642
        },
        "2015-05": {
            "month": "2015-05",
            "price": "32.30",
            "revenue": 92189
        },
        "2015-06": {
            "month": "2015-06",
            "price": "29.30",
            "revenue": 90243
        },
        "2015-07": {
            "month": "2015-07",
            "price": "27.31",
            "revenue": 80572
        },
        "2015-08": {
            "month": "2015-08",
            "price": "23.26",
            "revenue": 84384
        },
        "2015-09": {
            "month": "2015-09",
            "price": "22.09",
            "revenue": 98584
        },
        "2015-10": {
            "month": "2015-10",
            "price": "23.41",
            "revenue": 76526
        },
        "2015-11": {
            "month": "2015-11",
            "price": "23.53",
            "revenue": 73512
        },
        "2015-12": {
            "month": "2015-12",
            "price": "22.18",
            "revenue": 92044
        },
        "2016-01": {
            "month": "2016-01",
            "price": "21.95",
            "revenue": 88421
        },
        "2016-02": {
            "month": "2016-02",
            "price": "23.55",
            "revenue": 70667
        },
        "2016-03": {
            "month": "2016-03",
            "price": "24.79",
            "revenue": 95021
        },
        "2016-04": {
            "month": "2016-04",
            "price": "24.04",
            "revenue": 93728
        },
        "2016-05": {
            "month": "2016-05",
            "price": "22.41",
            "revenue": 92326
        },
        "2016-06": {
            "month": "2016-06",
            "price": "23.97",
            "revenue": 96150
        },
        "2016-07": {
            "month": "2016-07",
            "price": "24.50",
            "revenue": 86228
        },
        "2016-08": {
            "month": "2016-08",
            "price": "25.07",
            "revenue": 87301
        },
        "2016-09": {
            "month": "2016-09",
            "price": "27.98",
            "revenue": 94959
        },
        "2016-10": {
            "month": "2016-10",
            "price": "28.37",
            "revenue": 86164
        },
        "2016-11": {
            "month": "2016-11",
            "price": "26.95",
            "revenue": 95600
        },
        "2016-12": {
            "month": "2016-12",
            "price": "30.59",
            "revenue": 98145
        },
        "2017-01": {
            "month": "2017-01",
            "price": "32.07",
            "revenue": 104879
        },
        "2017-02": {
            "month": "2017-02",
            "price": "37.70",
            "revenue": 100750
        },
        "2017-03": {
            "month": "2017-03",
            "price": "49.51",
            "revenue": 118947
        },
        "2017-04": {
            "month": "2017-04",
            "price": "59.45",
            "revenue": 120459
        },
        "2017-05": {
            "month": "2017-05",
            "price": "60.52",
            "revenue": 121296
        },
        "2017-06": {
            "month": "2017-06",
            "price": "57.99",
            "revenue": 115366
        },
        "2017-07": {
            "month": "2017-07",
            "price": "54.62",
            "revenue": 111420
        },
        "2017-08": {
            "month": "2017-08",
            "price": "54.04",
            "revenue": 125284
        },
        "2017-09": {
            "month": "2017-09",
            "price": "51.81",
            "revenue": 105169
        },
        "2017-10": {
            "month": "2017-10",
            "price": "53.49",
            "revenue": 130482
        },
        "2017-11": {
            "month": "2017-11",
            "price": "59.20",
            "revenue": 116509
        },
        "2017-12": {
            "month": "2017-12",
            "price": "53.70",
            "revenue": 101515
        },
        "2018-01": {
            "month": "2018-01",
            "price": "55.05",
            "revenue": 112440
        },
        "2018-02": {
            "month": "2018-02",
            "price": "53.18",
            "revenue": 102061
        },
        "2018-03": {
            "month": "2018-03",
            "price": "53.13",
            "revenue": 105452
        },
        "2018-04": {
            "month": "2018-04",
            "price": "47.40",
            "revenue": 140813
        },
        "2018-05": {
            "month": "2018-05",
            "price": "45.10",
            "revenue": 117253
        },
        "2018-06": {
            "month": "2018-06",
            "price": "49.39",
            "revenue": 104528
        },
        "2018-07": {
            "month": "2018-07",
            "price": "49.35",
            "revenue": 155192
        },
        "2018-08": {
            "month": "2018-08",
            "price": "45.50",
            "revenue": 140059
        },
        "2018-09": {
            "month": "2018-09",
            "price": "43.92",
            "revenue": 133464
        },
        "2018-10": {
            "month": "2018-10",
            "price": "38.92",
            "revenue": 139423
        },
        "2018-11": {
            "month": "2018-11",
            "price": "36.49",
            "revenue": 134030
        },
        "2018-12": {
            "month": "2018-12",
            "price": "39.93",
            "revenue": 123797
        },
        "2019-01": {
            "month": "2019-01",
            "price": "40.59",
            "revenue": 115279
        },
        "2019-02": {
            "month": "2019-02",
            "price": "43.41",
            "revenue": 106115
        },
        "2019-03": {
            "month": "2019-03",
            "price": "43.46",
            "revenue": 126740
        },
        "2019-04": {
            "month": "2019-04",
            "price": "43.16",
            "revenue": 131276
        },
        "2019-05": {
            "month": "2019-05",
            "price": "40.42",
            "revenue": 129807
        },
        "2019-06": {
            "month": "2019-06",
            "price": "39.77",
            "revenue": 130936
        },
        "2019-07": {
            "month": "2019-07",
            "price": "40.55",
            "revenue": 131825
        },
        "2019-08": {
            "month": "2019-08",
            "price": "41.58",
            "revenue": 137652
        },
        "2019-09": {
            "month": "2019-09",
            "price": "43.83",
            "revenue": 139275
        },
        "2019-10": {
            "month": "2019-10",
            "price": "46.55",
            "revenue": 137825
        },
        "2019-11": {
            "month": "2019-11",
            "price": "45.30",
            "revenue": 132892
        },
        "2019-12": {
            "month": "2019-12",
            "price": "43.05",
            "revenue": 128258
        },
        "2020-01": {
            "month": "2020-01",
            "price": "44.97",
            "revenue": 120814
        },
        "2020-02": {
            "month": "2020-02",
            "price": "43.72",
            "revenue": 117660
        },
        "2020-03": {
            "month": "2020-03",
            "price": "36.13",
            "revenue": 144487
        },
        "2020-04": {
            "month": "2020-04",
            "price": "40.65",
            "revenue": 144798
        },
        "2020-05": {
            "month": "2020-05",
            "price": "46.70",
            "revenue": 136395
        },
        "2020-06": {
            "month": "2020-06",
            "price": "70.72",
            "revenue": 133226
        },
        "2020-07": {
            "month": "2020-07",
            "price": "75.44",
            "revenue": 134550
        },
        "2020-08": {
            "month": "2020-08",
            "price": "69.60",
            "revenue": 133335
        },
        "2020-09": {
            "month": "2020-09",
            "price": "66.58",
            "revenue": 81204
        },
        "2020-10": {
            "month": "2020-10",
            "price": "65.95",
            "revenue": 120087
        },
        "2020-11": {
            "month": "2020-11",
            "price": "76.25",
            "revenue": 126103
        },
        "2020-12": {
            "month": "2020-12",
            "price": "75.01",
            "revenue": 144811
        },
        "2021-01": {
            "month": "2021-01",
            "price": "72.21",
            "revenue": 156215
        },
        "2021-02": {
            "month": "2021-02",
            "price": "72.14",
            "revenue": 131405
        },
        "2021-03": {
            "month": "2021-03",
            "price": "69.95",
            "revenue": 161258
        },
        "2021-04": {
            "month": "2021-04",
            "price": "99.63",
            "revenue": 170263
        },
        "2021-05": {
            "month": "2021-05",
            "price": "97.72",
            "revenue": 171624
        },
        "2021-06": {
            "month": "2021-06",
            "price": "105.02",
            "revenue": 176935
        },
        "2021-07": {
            "month": "2021-07",
            "price": "148.84",
            "revenue": 178400
        },
        "2021-08": {
            "month": "2021-08",
            "price": "157.41",
            "revenue": 180432
        },
        "2021-09": {
            "month": "2021-09",
            "price": "182.98",
            "revenue": 181234
        },
        "2021-10": {
            "month": "2021-10",
            "price": "209.58",
            "revenue": 182041
        },
        "2021-11": {
            "month": "2021-11",
            "price": "254.48",
            "revenue": 182906
        },
        "2021-12": {
            "month": "2021-12",
            "price": "280.86",
            "revenue": 184004
        },
        "2022-01": {
            "month": "2022-01",
            "price": "259.47",
            "revenue": 184544
        },
        "2022-02": {
            "month": "2022-02",
            "price": "262.43",
            "revenue": 156756
        },
        "2022-03": {
            "month": "2022-03",
            "price": "282.35",
            "revenue": 187179
        },
        "2022-04": {
            "month": "2022-04",
            "price": "313.55",
            "revenue": 188003
        },
        "2022-05": {
            "month": "2022-05",
            "price": "314.90",
            "revenue": 192275
        },
        "2022-06": {
            "month": "2022-06",
            "price": "307.40",
            "revenue": 198437
        },
        "2022-07": {
            "month": "2022-07",
            "price": "201.33",
            "revenue": 183645
        },
        "2022-08": {
            "month": "2022-08",
            "price": "217.80",
            "revenue": 184214
        },
        "2022-09": {
            "month": "2022-09",
            "price": "200.95",
            "revenue": 186380
        },
        "2022-10": {
            "month": "2022-10",
            "price": "173.05",
            "revenue": 174739
        },
        "2022-11": {
            "month": "2022-11",
            "price": "178.09",
            "revenue": 170361
        },
        "2022-12": {
            "month": "2022-12",
            "price": "175.11",
            "revenue": 171084
        },
        "2023-01": {
            "month": "2023-01",
            "price": "181.27",
            "revenue": 140864
        },
        "2023-02": {
            "month": "2023-02",
            "price": "252.89",
            "revenue": 143604
        },
        "2023-03": {
            "month": "2023-03",
            "price": "296.72",
            "revenue": 148716
        },
        "2023-04": {
            "month": "2023-04",
            "price": "302.59",
            "revenue": 150103
        },
        "2023-05": {
            "month": "2023-05",
            "price": "316.27",
            "revenue": 151182
        },
        "2023-06": {
            "month": "2023-06",
            "price": "301.42",
            "revenue": 139398
        },
        "2023-07": {
            "month": "2023-07",
            "price": "288.72",
            "revenue": 140248
        },
        "2023-08": {
            "month": "2023-08",
            "price": "275.95",
            "revenue": 144525
        },
        "2023-09": {
            "month": "2023-09",
            "price": "284.95",
            "revenue": 149547
        },
        "2023-10": {
            "month": "2023-10",
            "price": "263.55",
            "revenue": 145424
        },
        "2023-11": {
            "month": "2023-11",
            "price": "221.95",
            "revenue": 134665
        },
        "2023-12": {
            "month": "2023-12",
            "price": "267.26",
            "revenue": 151305
        },
        "2024-01": {
            "month": "2024-01",
            "price": "263.16",
            "revenue": 200033
        },
        "2024-02": {
            "month": "2024-02",
            "price": "260.50",
            "revenue": 153096
        }
    }
}
