{
    "summary": {
        "stock_name": "新至陞",
        "stock_id": "3679",
        "category": "電子零組件",
        "main_business": "精密塑膠模具之設計開發<br>塑膠射出零組件",
        "website_url": "http://www.nishoku.com.tw",
        "ceo": "蔡建勝",
        "pe_ratio": 10,
        "report_year_from": 2008,
        "report_year_to": 2023,
        "age": 15,
        "eps_negative_percentage": 0,
        "eps_growth_avg": {
            "last_all": 19.87,
            "last_2y": 33.56,
            "last_4y": 23.06,
            "last_8y": 20.7,
            "last_12y": null,
            "last_16y": null,
            "last_20y": null,
            "at_2006_last_3y": null,
            "at_2007_last_3y": null,
            "at_2008_last_3y": null,
            "at_2009_last_3y": null,
            "at_2010_last_3y": null,
            "at_2011_last_3y": null,
            "at_2012_last_3y": null,
            "at_2013_last_3y": null,
            "at_2014_last_3y": 14.18,
            "at_2015_last_3y": -6.67,
            "at_2016_last_3y": 16.83,
            "at_2017_last_3y": 17.74,
            "at_2018_last_3y": 8.24,
            "at_2019_last_3y": 16.11,
            "at_2020_last_3y": 21.77,
            "at_2021_last_3y": 24.65,
            "at_2022_last_3y": 37.19,
            "at_2023_last_3y": 37.19,
            "at_2006_last_all": null,
            "at_2007_last_all": null,
            "at_2008_last_all": null,
            "at_2009_last_all": null,
            "at_2010_last_all": null,
            "at_2011_last_all": null,
            "at_2012_last_all": 41.67,
            "at_2013_last_all": 17.39,
            "at_2014_last_all": 14.18,
            "at_2015_last_all": 14.67,
            "at_2016_last_all": 25.11,
            "at_2017_last_all": 17.59,
            "at_2018_last_all": 11.21,
            "at_2019_last_all": 15.31,
            "at_2020_last_all": 23.78,
            "at_2021_last_all": 20.16,
            "at_2022_last_all": 19.87,
            "at_2023_last_all": 19.87
        },
        "latest_eps": 9.26,
        "latest_price": 93,
        "latest_roe": 12.45,
        "latest_gross_margin": 18.22,
        "latest_equity": 4680058,
        "latest_revenue": 679344,
        "latest_gross_profit": 123792,
        "latest_net_income": 17266,
        "latest_debt_ratio": 44.44,
        "latest_current_ratio": 271.37,
        "latest_account_receivable_turnover_ratio": 0.67,
        "latest_inventory_turnover_ratio": 1.34,
        "latest_reinvestment_rate": -0.34,
        "latest_research_to_sale_ratio": 2.96
    },
    "eps_dividends": {
        "2001": {
            "cash": 0,
            "stock": 0,
            "eps": 0
        },
        "2002": {
            "cash": 0,
            "stock": 0,
            "eps": 0
        },
        "2003": {
            "cash": 0,
            "stock": 0,
            "eps": 0
        },
        "2004": {
            "cash": 0,
            "stock": 0,
            "eps": 0
        },
        "2005": {
            "cash": 0,
            "stock": 0,
            "eps": 0
        },
        "2006": {
            "cash": 0,
            "stock": 0,
            "eps": 0
        },
        "2007": {
            "cash": 0,
            "stock": 0,
            "eps": 0
        },
        "2008": {
            "cash": 0,
            "stock": 0,
            "eps": 0
        },
        "2009": {
            "cash": 1,
            "stock": 0,
            "eps": 0
        },
        "2010": {
            "cash": 4,
            "stock": 0,
            "eps": 1.97
        },
        "2011": {
            "cash": 7,
            "stock": 0,
            "eps": 6.12
        },
        "2012": {
            "cash": 0,
            "stock": 0,
            "eps": 5.1
        },
        "2013": {
            "cash": 3,
            "stock": 0,
            "eps": 3.51
        },
        "2014": {
            "cash": 3,
            "stock": 0,
            "eps": 3.67
        },
        "2015": {
            "cash": 4,
            "stock": 0,
            "eps": 4.28
        },
        "2016": {
            "cash": 4,
            "stock": 0,
            "eps": 7.59
        },
        "2017": {
            "cash": 8,
            "stock": 0,
            "eps": 5.5
        },
        "2018": {
            "cash": 6,
            "stock": 0,
            "eps": 3.66
        },
        "2019": {
            "cash": 3,
            "stock": 0,
            "eps": 5.42
        },
        "2020": {
            "cash": 4,
            "stock": 0,
            "eps": 11.55
        },
        "2021": {
            "cash": 10,
            "stock": 0,
            "eps": 9.7
        },
        "2022": {
            "cash": 9,
            "stock": 0,
            "eps": 11.32
        },
        "2023": {
            "cash": 10,
            "stock": 0,
            "eps": 0.28
        }
    },
    "dividends": {
        "2009-06-30": {
            "cash": 1.41,
            "stock": 0
        },
        "2010-05-18": {
            "cash": 3.5,
            "stock": 0
        },
        "2011-01-01": {
            "cash": 4,
            "stock": 0
        },
        "2011-04-25": {
            "cash": 2.5,
            "stock": 0
        },
        "2013-04-30": {
            "cash": 3,
            "stock": 0
        },
        "2014-09-15": {
            "cash": 3,
            "stock": 0
        },
        "2015-08-28": {
            "cash": 3.5,
            "stock": 0
        },
        "2016-08-15": {
            "cash": 4,
            "stock": 0
        },
        "2017-08-16": {
            "cash": 8,
            "stock": 0
        },
        "2018-05-02": {
            "cash": 6,
            "stock": 0
        },
        "2019-08-14": {
            "cash": 3,
            "stock": 0
        },
        "2020-07-29": {
            "cash": 4,
            "stock": 0
        },
        "2021-07-16": {
            "cash": 10,
            "stock": 0
        },
        "2022-07-13": {
            "cash": 9,
            "stock": 0
        },
        "2023-04-28": {
            "cash": 10,
            "stock": 0
        }
    },
    "prices": {
        "200101": "無",
        "200102": "無",
        "200103": "無",
        "200104": "無",
        "200105": "無",
        "200106": "無",
        "200107": "無",
        "200108": "無",
        "200109": "無",
        "200110": "無",
        "200111": "無",
        "200112": "無",
        "200201": "無",
        "200202": "無",
        "200203": "無",
        "200204": "無",
        "200205": "無",
        "200206": "無",
        "200207": "無",
        "200208": "無",
        "200209": "無",
        "200210": "無",
        "200211": "無",
        "200212": "無",
        "200301": "無",
        "200302": "無",
        "200303": "無",
        "200304": "無",
        "200305": "無",
        "200306": "無",
        "200307": "無",
        "200308": "無",
        "200309": "無",
        "200310": "無",
        "200311": "無",
        "200312": "無",
        "200401": "無",
        "200402": "無",
        "200403": "無",
        "200404": "無",
        "200405": "無",
        "200406": "無",
        "200407": "無",
        "200408": "無",
        "200409": "無",
        "200410": "無",
        "200411": "無",
        "200412": "無",
        "200501": "無",
        "200502": "無",
        "200503": "無",
        "200504": "無",
        "200505": "無",
        "200506": "無",
        "200507": "無",
        "200508": "無",
        "200509": "無",
        "200510": "無",
        "200511": "無",
        "200512": "無",
        "200601": "無",
        "200602": "無",
        "200603": "無",
        "200604": "無",
        "200605": "無",
        "200606": "無",
        "200607": "無",
        "200608": "無",
        "200609": "無",
        "200610": "無",
        "200611": "無",
        "200612": "無",
        "200701": "無",
        "200702": "無",
        "200703": "無",
        "200704": "無",
        "200705": "無",
        "200706": "無",
        "200707": "無",
        "200708": "無",
        "200709": "無",
        "200710": "無",
        "200711": "無",
        "200712": "無",
        "200801": "無",
        "200802": "無",
        "200803": "無",
        "200804": "無",
        "200805": "無",
        "200806": "無",
        "200807": "無",
        "200808": "無",
        "200809": "無",
        "200810": "無",
        "200811": "無",
        "200812": "無",
        "200901": "無",
        "200902": "無",
        "200903": "無",
        "200904": "無",
        "200905": "無",
        "200906": "無",
        "200907": "無",
        "200908": "無",
        "200909": "無",
        "200910": "無",
        "200911": "111.13",
        "200912": "116.17",
        "201001": "111.85",
        "201002": "112.85",
        "201003": "112.95",
        "201004": "121.47",
        "201005": "122.44",
        "201006": "121.94",
        "201007": "125.25",
        "201008": "120.66",
        "201009": "109.44",
        "201010": "108.30",
        "201011": "103.17",
        "201012": "99.42",
        "201101": "100.32",
        "201102": "99.28",
        "201103": "97.55",
        "201104": "97.03",
        "201105": "105.04",
        "201106": "99.93",
        "201107": "90.98",
        "201108": "81.56",
        "201109": "74.06",
        "201110": "56.64",
        "201111": "63.69",
        "201112": "58.73",
        "201201": "58.86",
        "201202": "74.48",
        "201203": "83.03",
        "201204": "72.06",
        "201205": "64.91",
        "201206": "60.94",
        "201207": "60.15",
        "201208": "60.99",
        "201209": "66.94",
        "201210": "60.01",
        "201211": "50.12",
        "201212": "50.01",
        "201301": "52.10",
        "201302": "52.26",
        "201303": "58.47",
        "201304": "60.65",
        "201305": "53.86",
        "201306": "49.77",
        "201307": "48.05",
        "201308": "43.79",
        "201309": "40.66",
        "201310": "41.38",
        "201311": "43.55",
        "201312": "52.05",
        "201401": "53.11",
        "201402": "47.80",
        "201403": "47.50",
        "201404": "46.90",
        "201405": "46.02",
        "201406": "48.72",
        "201407": "48.76",
        "201408": "48.75",
        "201409": "46.70",
        "201410": "42.35",
        "201411": "41.84",
        "201412": "42.24",
        "201501": "45.67",
        "201502": "45.59",
        "201503": "45.82",
        "201504": "46.02",
        "201505": "46.24",
        "201506": "43.85",
        "201507": "42.64",
        "201508": "35.92",
        "201509": "36.62",
        "201510": "41.12",
        "201511": "43.84",
        "201512": "43.00",
        "201601": "40.79",
        "201602": "41.89",
        "201603": "47.46",
        "201604": "48.49",
        "201605": "49.78",
        "201606": "53.32",
        "201607": "52.98",
        "201608": "68.80",
        "201609": "74.96",
        "201610": "74.64",
        "201611": "73.78",
        "201612": "69.30",
        "201701": "71.76",
        "201702": "74.42",
        "201703": "85.29",
        "201704": "81.59",
        "201705": "91.80",
        "201706": "90.87",
        "201707": "88.71",
        "201708": "73.00",
        "201709": "70.98",
        "201710": "70.78",
        "201711": "70.12",
        "201712": "73.59",
        "201801": "71.65",
        "201802": "70.59",
        "201803": "77.75",
        "201804": "82.96",
        "201805": "77.25",
        "201806": "79.02",
        "201807": "73.77",
        "201808": "69.15",
        "201809": "71.81",
        "201810": "60.98",
        "201811": "54.79",
        "201812": "56.04",
        "201901": "57.04",
        "201902": "58.59",
        "201903": "56.73",
        "201904": "55.18",
        "201905": "49.89",
        "201906": "48.23",
        "201907": "46.94",
        "201908": "44.34",
        "201909": "47.24",
        "201910": "48.81",
        "201911": "65.30",
        "201912": "66.17",
        "202001": "69.07",
        "202002": "61.22",
        "202003": "51.92",
        "202004": "55.38",
        "202005": "61.10",
        "202006": "64.06",
        "202007": "65.51",
        "202008": "89.98",
        "202009": "96.57",
        "202010": "105.37",
        "202011": "110.67",
        "202012": "114.02",
        "202101": "105.82",
        "202102": "113.38",
        "202103": "153.23",
        "202104": "144.11",
        "202105": "133.29",
        "202106": "134.93",
        "202107": "120.23",
        "202108": "92.57",
        "202109": "82.14",
        "202110": "77.44",
        "202111": "84.26",
        "202112": "88.58",
        "202201": "87.07",
        "202202": "88.17",
        "202203": "87.95",
        "202204": "85.26",
        "202205": "86.16",
        "202206": "81.30",
        "202207": "71.68",
        "202208": "82.97",
        "202209": "85.24",
        "202210": "81.13",
        "202211": "91.83",
        "202212": "92.97",
        "202301": "94.47",
        "202302": "95.19",
        "202303": "93.68",
        "202304": "89.63",
        "202305": "91.66"
    },
    "quarters": {
        "20011": {
            "year_quarter": 20011,
            "year": 2001,
            "quarter": 1,
            "eps": null,
            "eps_growth_year": null,
            "eps_4q": null,
            "eps_4q_growth_year": null,
            "roe": null,
            "roe_4q": 0,
            "gross_profit": null,
            "gross_margin": null,
            "gross_margin_4q_avg": 0,
            "net_income": null,
            "revenue": null,
            "common_shares": null,
            "book_valuer_per_share": null,
            "book_valuer_per_share_4q_avg": 0,
            "equity": null,
            "current_ratio": null,
            "debt_ratio": null,
            "inventory_turnover_ratio": null,
            "account_receivable_turnover_ratio": null,
            "reinvestment_rate": null,
            "research_to_sale_ratio": null,
            "price_fair": 0,
            "eps_avg_yearly": 0,
            "eps_latest_yearly": 0,
            "eps_growth_yearly": 0
        },
        "20012": {
            "year_quarter": 20012,
            "year": 2001,
            "quarter": 2,
            "eps": null,
            "eps_growth_year": null,
            "eps_4q": null,
            "eps_4q_growth_year": null,
            "roe": null,
            "roe_4q": 0,
            "gross_profit": null,
            "gross_margin": null,
            "gross_margin_4q_avg": 0,
            "net_income": null,
            "revenue": null,
            "common_shares": null,
            "book_valuer_per_share": null,
            "book_valuer_per_share_4q_avg": 0,
            "equity": null,
            "current_ratio": null,
            "debt_ratio": null,
            "inventory_turnover_ratio": null,
            "account_receivable_turnover_ratio": null,
            "reinvestment_rate": null,
            "research_to_sale_ratio": null,
            "price_fair": 0,
            "eps_avg_yearly": 0,
            "eps_latest_yearly": 0,
            "eps_growth_yearly": 0
        },
        "20013": {
            "year_quarter": 20013,
            "year": 2001,
            "quarter": 3,
            "eps": null,
            "eps_growth_year": null,
            "eps_4q": null,
            "eps_4q_growth_year": null,
            "roe": null,
            "roe_4q": 0,
            "gross_profit": null,
            "gross_margin": null,
            "gross_margin_4q_avg": 0,
            "net_income": null,
            "revenue": null,
            "common_shares": null,
            "book_valuer_per_share": null,
            "book_valuer_per_share_4q_avg": 0,
            "equity": null,
            "current_ratio": null,
            "debt_ratio": null,
            "inventory_turnover_ratio": null,
            "account_receivable_turnover_ratio": null,
            "reinvestment_rate": null,
            "research_to_sale_ratio": null,
            "price_fair": 0,
            "eps_avg_yearly": 0,
            "eps_latest_yearly": 0,
            "eps_growth_yearly": 0
        },
        "20014": {
            "year_quarter": 20014,
            "year": 2001,
            "quarter": 4,
            "eps": null,
            "eps_growth_year": null,
            "eps_4q": null,
            "eps_4q_growth_year": null,
            "roe": null,
            "roe_4q": 0,
            "gross_profit": null,
            "gross_margin": null,
            "gross_margin_4q_avg": 0,
            "net_income": null,
            "revenue": null,
            "common_shares": null,
            "book_valuer_per_share": null,
            "book_valuer_per_share_4q_avg": 0,
            "equity": null,
            "current_ratio": null,
            "debt_ratio": null,
            "inventory_turnover_ratio": null,
            "account_receivable_turnover_ratio": null,
            "reinvestment_rate": null,
            "research_to_sale_ratio": null,
            "price_fair": 0,
            "eps_avg_yearly": 0,
            "eps_latest_yearly": 0,
            "eps_growth_yearly": 0
        },
        "20021": {
            "year_quarter": 20021,
            "year": 2002,
            "quarter": 1,
            "eps": null,
            "eps_growth_year": null,
            "eps_4q": null,
            "eps_4q_growth_year": null,
            "roe": null,
            "roe_4q": 0,
            "gross_profit": null,
            "gross_margin": null,
            "gross_margin_4q_avg": 0,
            "net_income": null,
            "revenue": null,
            "common_shares": null,
            "book_valuer_per_share": null,
            "book_valuer_per_share_4q_avg": 0,
            "equity": null,
            "current_ratio": null,
            "debt_ratio": null,
            "inventory_turnover_ratio": null,
            "account_receivable_turnover_ratio": null,
            "reinvestment_rate": null,
            "research_to_sale_ratio": null,
            "price_fair": 0,
            "eps_avg_yearly": 0,
            "eps_latest_yearly": 0,
            "eps_growth_yearly": 0
        },
        "20022": {
            "year_quarter": 20022,
            "year": 2002,
            "quarter": 2,
            "eps": null,
            "eps_growth_year": null,
            "eps_4q": null,
            "eps_4q_growth_year": null,
            "roe": null,
            "roe_4q": 0,
            "gross_profit": null,
            "gross_margin": null,
            "gross_margin_4q_avg": 0,
            "net_income": null,
            "revenue": null,
            "common_shares": null,
            "book_valuer_per_share": null,
            "book_valuer_per_share_4q_avg": 0,
            "equity": null,
            "current_ratio": null,
            "debt_ratio": null,
            "inventory_turnover_ratio": null,
            "account_receivable_turnover_ratio": null,
            "reinvestment_rate": null,
            "research_to_sale_ratio": null,
            "price_fair": 0,
            "eps_avg_yearly": 0,
            "eps_latest_yearly": 0,
            "eps_growth_yearly": 0
        },
        "20023": {
            "year_quarter": 20023,
            "year": 2002,
            "quarter": 3,
            "eps": null,
            "eps_growth_year": null,
            "eps_4q": null,
            "eps_4q_growth_year": null,
            "roe": null,
            "roe_4q": 0,
            "gross_profit": null,
            "gross_margin": null,
            "gross_margin_4q_avg": 0,
            "net_income": null,
            "revenue": null,
            "common_shares": null,
            "book_valuer_per_share": null,
            "book_valuer_per_share_4q_avg": 0,
            "equity": null,
            "current_ratio": null,
            "debt_ratio": null,
            "inventory_turnover_ratio": null,
            "account_receivable_turnover_ratio": null,
            "reinvestment_rate": null,
            "research_to_sale_ratio": null,
            "price_fair": 0,
            "eps_avg_yearly": 0,
            "eps_latest_yearly": 0,
            "eps_growth_yearly": 0
        },
        "20024": {
            "year_quarter": 20024,
            "year": 2002,
            "quarter": 4,
            "eps": null,
            "eps_growth_year": null,
            "eps_4q": null,
            "eps_4q_growth_year": null,
            "roe": null,
            "roe_4q": 0,
            "gross_profit": null,
            "gross_margin": null,
            "gross_margin_4q_avg": 0,
            "net_income": null,
            "revenue": null,
            "common_shares": null,
            "book_valuer_per_share": null,
            "book_valuer_per_share_4q_avg": 0,
            "equity": null,
            "current_ratio": null,
            "debt_ratio": null,
            "inventory_turnover_ratio": null,
            "account_receivable_turnover_ratio": null,
            "reinvestment_rate": null,
            "research_to_sale_ratio": null,
            "price_fair": 0,
            "eps_avg_yearly": 0,
            "eps_latest_yearly": 0,
            "eps_growth_yearly": 0
        },
        "20031": {
            "year_quarter": 20031,
            "year": 2003,
            "quarter": 1,
            "eps": null,
            "eps_growth_year": null,
            "eps_4q": null,
            "eps_4q_growth_year": null,
            "roe": null,
            "roe_4q": 0,
            "gross_profit": null,
            "gross_margin": null,
            "gross_margin_4q_avg": 0,
            "net_income": null,
            "revenue": null,
            "common_shares": null,
            "book_valuer_per_share": null,
            "book_valuer_per_share_4q_avg": 0,
            "equity": null,
            "current_ratio": null,
            "debt_ratio": null,
            "inventory_turnover_ratio": null,
            "account_receivable_turnover_ratio": null,
            "reinvestment_rate": null,
            "research_to_sale_ratio": null,
            "price_fair": 0,
            "eps_avg_yearly": 0,
            "eps_latest_yearly": 0,
            "eps_growth_yearly": 0
        },
        "20032": {
            "year_quarter": 20032,
            "year": 2003,
            "quarter": 2,
            "eps": null,
            "eps_growth_year": null,
            "eps_4q": null,
            "eps_4q_growth_year": null,
            "roe": null,
            "roe_4q": 0,
            "gross_profit": null,
            "gross_margin": null,
            "gross_margin_4q_avg": 0,
            "net_income": null,
            "revenue": null,
            "common_shares": null,
            "book_valuer_per_share": null,
            "book_valuer_per_share_4q_avg": 0,
            "equity": null,
            "current_ratio": null,
            "debt_ratio": null,
            "inventory_turnover_ratio": null,
            "account_receivable_turnover_ratio": null,
            "reinvestment_rate": null,
            "research_to_sale_ratio": null,
            "price_fair": 0,
            "eps_avg_yearly": 0,
            "eps_latest_yearly": 0,
            "eps_growth_yearly": 0
        },
        "20033": {
            "year_quarter": 20033,
            "year": 2003,
            "quarter": 3,
            "eps": null,
            "eps_growth_year": null,
            "eps_4q": null,
            "eps_4q_growth_year": null,
            "roe": null,
            "roe_4q": 0,
            "gross_profit": null,
            "gross_margin": null,
            "gross_margin_4q_avg": 0,
            "net_income": null,
            "revenue": null,
            "common_shares": null,
            "book_valuer_per_share": null,
            "book_valuer_per_share_4q_avg": 0,
            "equity": null,
            "current_ratio": null,
            "debt_ratio": null,
            "inventory_turnover_ratio": null,
            "account_receivable_turnover_ratio": null,
            "reinvestment_rate": null,
            "research_to_sale_ratio": null,
            "price_fair": 0,
            "eps_avg_yearly": 0,
            "eps_latest_yearly": 0,
            "eps_growth_yearly": 0
        },
        "20034": {
            "year_quarter": 20034,
            "year": 2003,
            "quarter": 4,
            "eps": null,
            "eps_growth_year": null,
            "eps_4q": null,
            "eps_4q_growth_year": null,
            "roe": null,
            "roe_4q": 0,
            "gross_profit": null,
            "gross_margin": null,
            "gross_margin_4q_avg": 0,
            "net_income": null,
            "revenue": null,
            "common_shares": null,
            "book_valuer_per_share": null,
            "book_valuer_per_share_4q_avg": 0,
            "equity": null,
            "current_ratio": null,
            "debt_ratio": null,
            "inventory_turnover_ratio": null,
            "account_receivable_turnover_ratio": null,
            "reinvestment_rate": null,
            "research_to_sale_ratio": null,
            "price_fair": 0,
            "eps_avg_yearly": 0,
            "eps_latest_yearly": 0,
            "eps_growth_yearly": 0
        },
        "20041": {
            "year_quarter": 20041,
            "year": 2004,
            "quarter": 1,
            "eps": null,
            "eps_growth_year": null,
            "eps_4q": null,
            "eps_4q_growth_year": null,
            "roe": null,
            "roe_4q": 0,
            "gross_profit": null,
            "gross_margin": null,
            "gross_margin_4q_avg": 0,
            "net_income": null,
            "revenue": null,
            "common_shares": null,
            "book_valuer_per_share": null,
            "book_valuer_per_share_4q_avg": 0,
            "equity": null,
            "current_ratio": null,
            "debt_ratio": null,
            "inventory_turnover_ratio": null,
            "account_receivable_turnover_ratio": null,
            "reinvestment_rate": null,
            "research_to_sale_ratio": null,
            "price_fair": 0,
            "eps_avg_yearly": 0,
            "eps_latest_yearly": 0,
            "eps_growth_yearly": 0
        },
        "20042": {
            "year_quarter": 20042,
            "year": 2004,
            "quarter": 2,
            "eps": null,
            "eps_growth_year": null,
            "eps_4q": null,
            "eps_4q_growth_year": null,
            "roe": null,
            "roe_4q": 0,
            "gross_profit": null,
            "gross_margin": null,
            "gross_margin_4q_avg": 0,
            "net_income": null,
            "revenue": null,
            "common_shares": null,
            "book_valuer_per_share": null,
            "book_valuer_per_share_4q_avg": 0,
            "equity": null,
            "current_ratio": null,
            "debt_ratio": null,
            "inventory_turnover_ratio": null,
            "account_receivable_turnover_ratio": null,
            "reinvestment_rate": null,
            "research_to_sale_ratio": null,
            "price_fair": 0,
            "eps_avg_yearly": 0,
            "eps_latest_yearly": 0,
            "eps_growth_yearly": 0
        },
        "20043": {
            "year_quarter": 20043,
            "year": 2004,
            "quarter": 3,
            "eps": null,
            "eps_growth_year": null,
            "eps_4q": null,
            "eps_4q_growth_year": null,
            "roe": null,
            "roe_4q": 0,
            "gross_profit": null,
            "gross_margin": null,
            "gross_margin_4q_avg": 0,
            "net_income": null,
            "revenue": null,
            "common_shares": null,
            "book_valuer_per_share": null,
            "book_valuer_per_share_4q_avg": 0,
            "equity": null,
            "current_ratio": null,
            "debt_ratio": null,
            "inventory_turnover_ratio": null,
            "account_receivable_turnover_ratio": null,
            "reinvestment_rate": null,
            "research_to_sale_ratio": null,
            "price_fair": 0,
            "eps_avg_yearly": 0,
            "eps_latest_yearly": 0,
            "eps_growth_yearly": 0
        },
        "20044": {
            "year_quarter": 20044,
            "year": 2004,
            "quarter": 4,
            "eps": null,
            "eps_growth_year": null,
            "eps_4q": null,
            "eps_4q_growth_year": null,
            "roe": null,
            "roe_4q": 0,
            "gross_profit": null,
            "gross_margin": null,
            "gross_margin_4q_avg": 0,
            "net_income": null,
            "revenue": null,
            "common_shares": 20000,
            "book_valuer_per_share": 5.41,
            "book_valuer_per_share_4q_avg": 1.35,
            "equity": 10824,
            "current_ratio": 208.39,
            "debt_ratio": 71.28,
            "inventory_turnover_ratio": null,
            "account_receivable_turnover_ratio": null,
            "reinvestment_rate": null,
            "research_to_sale_ratio": null,
            "price_fair": 0,
            "eps_avg_yearly": 0,
            "eps_latest_yearly": 0,
            "eps_growth_yearly": 0
        },
        "20051": {
            "year_quarter": 20051,
            "year": 2005,
            "quarter": 1,
            "eps": null,
            "eps_growth_year": null,
            "eps_4q": null,
            "eps_4q_growth_year": null,
            "roe": null,
            "roe_4q": 0,
            "gross_profit": null,
            "gross_margin": null,
            "gross_margin_4q_avg": 0,
            "net_income": null,
            "revenue": null,
            "common_shares": null,
            "book_valuer_per_share": null,
            "book_valuer_per_share_4q_avg": 1.35,
            "equity": null,
            "current_ratio": null,
            "debt_ratio": null,
            "inventory_turnover_ratio": null,
            "account_receivable_turnover_ratio": null,
            "reinvestment_rate": null,
            "research_to_sale_ratio": null,
            "price_fair": 0,
            "eps_avg_yearly": 0,
            "eps_latest_yearly": 0,
            "eps_growth_yearly": 0
        },
        "20052": {
            "year_quarter": 20052,
            "year": 2005,
            "quarter": 2,
            "eps": null,
            "eps_growth_year": null,
            "eps_4q": null,
            "eps_4q_growth_year": null,
            "roe": null,
            "roe_4q": 0,
            "gross_profit": null,
            "gross_margin": null,
            "gross_margin_4q_avg": 0,
            "net_income": null,
            "revenue": null,
            "common_shares": null,
            "book_valuer_per_share": null,
            "book_valuer_per_share_4q_avg": 1.35,
            "equity": null,
            "current_ratio": null,
            "debt_ratio": null,
            "inventory_turnover_ratio": null,
            "account_receivable_turnover_ratio": null,
            "reinvestment_rate": null,
            "research_to_sale_ratio": null,
            "price_fair": 0,
            "eps_avg_yearly": 0,
            "eps_latest_yearly": 0,
            "eps_growth_yearly": 0
        },
        "20053": {
            "year_quarter": 20053,
            "year": 2005,
            "quarter": 3,
            "eps": null,
            "eps_growth_year": null,
            "eps_4q": null,
            "eps_4q_growth_year": null,
            "roe": null,
            "roe_4q": 0,
            "gross_profit": null,
            "gross_margin": null,
            "gross_margin_4q_avg": 0,
            "net_income": null,
            "revenue": null,
            "common_shares": null,
            "book_valuer_per_share": null,
            "book_valuer_per_share_4q_avg": 1.35,
            "equity": null,
            "current_ratio": null,
            "debt_ratio": null,
            "inventory_turnover_ratio": null,
            "account_receivable_turnover_ratio": null,
            "reinvestment_rate": null,
            "research_to_sale_ratio": null,
            "price_fair": 0,
            "eps_avg_yearly": 0,
            "eps_latest_yearly": 0,
            "eps_growth_yearly": 0
        },
        "20054": {
            "year_quarter": 20054,
            "year": 2005,
            "quarter": 4,
            "eps": null,
            "eps_growth_year": null,
            "eps_4q": null,
            "eps_4q_growth_year": null,
            "roe": null,
            "roe_4q": 0,
            "gross_profit": null,
            "gross_margin": null,
            "gross_margin_4q_avg": 0,
            "net_income": null,
            "revenue": null,
            "common_shares": 20000,
            "book_valuer_per_share": 4.84,
            "book_valuer_per_share_4q_avg": 1.21,
            "equity": 9676,
            "current_ratio": 195.77,
            "debt_ratio": 75.72,
            "inventory_turnover_ratio": null,
            "account_receivable_turnover_ratio": null,
            "reinvestment_rate": null,
            "research_to_sale_ratio": null,
            "price_fair": 0,
            "eps_avg_yearly": 0,
            "eps_latest_yearly": 0,
            "eps_growth_yearly": 0
        },
        "20061": {
            "year_quarter": 20061,
            "year": 2006,
            "quarter": 1,
            "eps": null,
            "eps_growth_year": null,
            "eps_4q": null,
            "eps_4q_growth_year": null,
            "roe": null,
            "roe_4q": 0,
            "gross_profit": null,
            "gross_margin": null,
            "gross_margin_4q_avg": 0,
            "net_income": null,
            "revenue": null,
            "common_shares": null,
            "book_valuer_per_share": null,
            "book_valuer_per_share_4q_avg": 1.21,
            "equity": null,
            "current_ratio": null,
            "debt_ratio": null,
            "inventory_turnover_ratio": null,
            "account_receivable_turnover_ratio": null,
            "reinvestment_rate": null,
            "research_to_sale_ratio": null,
            "price_fair": 0,
            "eps_avg_yearly": 0,
            "eps_latest_yearly": 0,
            "eps_growth_yearly": 0
        },
        "20062": {
            "year_quarter": 20062,
            "year": 2006,
            "quarter": 2,
            "eps": null,
            "eps_growth_year": null,
            "eps_4q": null,
            "eps_4q_growth_year": null,
            "roe": null,
            "roe_4q": 0,
            "gross_profit": null,
            "gross_margin": null,
            "gross_margin_4q_avg": 0,
            "net_income": null,
            "revenue": null,
            "common_shares": null,
            "book_valuer_per_share": null,
            "book_valuer_per_share_4q_avg": 1.21,
            "equity": null,
            "current_ratio": null,
            "debt_ratio": null,
            "inventory_turnover_ratio": null,
            "account_receivable_turnover_ratio": null,
            "reinvestment_rate": null,
            "research_to_sale_ratio": null,
            "price_fair": 0,
            "eps_avg_yearly": 0,
            "eps_latest_yearly": 0,
            "eps_growth_yearly": 0
        },
        "20063": {
            "year_quarter": 20063,
            "year": 2006,
            "quarter": 3,
            "eps": null,
            "eps_growth_year": null,
            "eps_4q": null,
            "eps_4q_growth_year": null,
            "roe": null,
            "roe_4q": 0,
            "gross_profit": null,
            "gross_margin": null,
            "gross_margin_4q_avg": 0,
            "net_income": null,
            "revenue": null,
            "common_shares": null,
            "book_valuer_per_share": null,
            "book_valuer_per_share_4q_avg": 1.21,
            "equity": null,
            "current_ratio": null,
            "debt_ratio": null,
            "inventory_turnover_ratio": null,
            "account_receivable_turnover_ratio": null,
            "reinvestment_rate": null,
            "research_to_sale_ratio": null,
            "price_fair": 0,
            "eps_avg_yearly": 0,
            "eps_latest_yearly": 0,
            "eps_growth_yearly": 0
        },
        "20064": {
            "year_quarter": 20064,
            "year": 2006,
            "quarter": 4,
            "eps": null,
            "eps_growth_year": null,
            "eps_4q": null,
            "eps_4q_growth_year": null,
            "roe": null,
            "roe_4q": 0,
            "gross_profit": null,
            "gross_margin": null,
            "gross_margin_4q_avg": 0,
            "net_income": null,
            "revenue": null,
            "common_shares": 20000,
            "book_valuer_per_share": 4.51,
            "book_valuer_per_share_4q_avg": 1.13,
            "equity": 9024,
            "current_ratio": 81,
            "debt_ratio": 69.62,
            "inventory_turnover_ratio": null,
            "account_receivable_turnover_ratio": null,
            "reinvestment_rate": null,
            "research_to_sale_ratio": null,
            "price_fair": 0,
            "eps_avg_yearly": 0,
            "eps_latest_yearly": 0,
            "eps_growth_yearly": 0
        },
        "20071": {
            "year_quarter": 20071,
            "year": 2007,
            "quarter": 1,
            "eps": null,
            "eps_growth_year": null,
            "eps_4q": null,
            "eps_4q_growth_year": null,
            "roe": null,
            "roe_4q": 0,
            "gross_profit": null,
            "gross_margin": null,
            "gross_margin_4q_avg": 0,
            "net_income": null,
            "revenue": null,
            "common_shares": null,
            "book_valuer_per_share": null,
            "book_valuer_per_share_4q_avg": 1.13,
            "equity": null,
            "current_ratio": null,
            "debt_ratio": null,
            "inventory_turnover_ratio": null,
            "account_receivable_turnover_ratio": null,
            "reinvestment_rate": null,
            "research_to_sale_ratio": null,
            "price_fair": 0,
            "eps_avg_yearly": 0,
            "eps_latest_yearly": 0,
            "eps_growth_yearly": 0
        },
        "20072": {
            "year_quarter": 20072,
            "year": 2007,
            "quarter": 2,
            "eps": null,
            "eps_growth_year": null,
            "eps_4q": null,
            "eps_4q_growth_year": null,
            "roe": null,
            "roe_4q": 0,
            "gross_profit": null,
            "gross_margin": null,
            "gross_margin_4q_avg": 0,
            "net_income": null,
            "revenue": null,
            "common_shares": null,
            "book_valuer_per_share": null,
            "book_valuer_per_share_4q_avg": 1.13,
            "equity": null,
            "current_ratio": null,
            "debt_ratio": null,
            "inventory_turnover_ratio": null,
            "account_receivable_turnover_ratio": null,
            "reinvestment_rate": null,
            "research_to_sale_ratio": null,
            "price_fair": 0,
            "eps_avg_yearly": 0,
            "eps_latest_yearly": 0,
            "eps_growth_yearly": 0
        },
        "20073": {
            "year_quarter": 20073,
            "year": 2007,
            "quarter": 3,
            "eps": null,
            "eps_growth_year": null,
            "eps_4q": null,
            "eps_4q_growth_year": null,
            "roe": null,
            "roe_4q": 0,
            "gross_profit": null,
            "gross_margin": null,
            "gross_margin_4q_avg": 0,
            "net_income": null,
            "revenue": null,
            "common_shares": null,
            "book_valuer_per_share": null,
            "book_valuer_per_share_4q_avg": 1.13,
            "equity": null,
            "current_ratio": null,
            "debt_ratio": null,
            "inventory_turnover_ratio": null,
            "account_receivable_turnover_ratio": null,
            "reinvestment_rate": null,
            "research_to_sale_ratio": null,
            "price_fair": 0,
            "eps_avg_yearly": 0,
            "eps_latest_yearly": 0,
            "eps_growth_yearly": 0
        },
        "20074": {
            "year_quarter": 20074,
            "year": 2007,
            "quarter": 4,
            "eps": null,
            "eps_growth_year": null,
            "eps_4q": null,
            "eps_4q_growth_year": null,
            "roe": null,
            "roe_4q": 0,
            "gross_profit": null,
            "gross_margin": null,
            "gross_margin_4q_avg": 0,
            "net_income": null,
            "revenue": null,
            "common_shares": 20000,
            "book_valuer_per_share": 59.43,
            "book_valuer_per_share_4q_avg": 14.86,
            "equity": 118857,
            "current_ratio": 126.34,
            "debt_ratio": 77.94,
            "inventory_turnover_ratio": null,
            "account_receivable_turnover_ratio": null,
            "reinvestment_rate": null,
            "research_to_sale_ratio": null,
            "price_fair": 0,
            "eps_avg_yearly": 0,
            "eps_latest_yearly": 0,
            "eps_growth_yearly": 0
        },
        "20081": {
            "year_quarter": 20081,
            "year": 2008,
            "quarter": 1,
            "eps": null,
            "eps_growth_year": null,
            "eps_4q": null,
            "eps_4q_growth_year": null,
            "roe": null,
            "roe_4q": 0,
            "gross_profit": null,
            "gross_margin": null,
            "gross_margin_4q_avg": 0,
            "net_income": null,
            "revenue": null,
            "common_shares": null,
            "book_valuer_per_share": null,
            "book_valuer_per_share_4q_avg": 14.86,
            "equity": null,
            "current_ratio": null,
            "debt_ratio": null,
            "inventory_turnover_ratio": null,
            "account_receivable_turnover_ratio": null,
            "reinvestment_rate": null,
            "research_to_sale_ratio": null,
            "price_fair": 0,
            "eps_avg_yearly": 0,
            "eps_latest_yearly": 0,
            "eps_growth_yearly": 0
        },
        "20082": {
            "year_quarter": 20082,
            "year": 2008,
            "quarter": 2,
            "eps": null,
            "eps_growth_year": null,
            "eps_4q": null,
            "eps_4q_growth_year": null,
            "roe": null,
            "roe_4q": 0,
            "gross_profit": null,
            "gross_margin": null,
            "gross_margin_4q_avg": 0,
            "net_income": null,
            "revenue": null,
            "common_shares": null,
            "book_valuer_per_share": null,
            "book_valuer_per_share_4q_avg": 14.86,
            "equity": null,
            "current_ratio": null,
            "debt_ratio": null,
            "inventory_turnover_ratio": null,
            "account_receivable_turnover_ratio": null,
            "reinvestment_rate": null,
            "research_to_sale_ratio": null,
            "price_fair": 0,
            "eps_avg_yearly": 0,
            "eps_latest_yearly": 0,
            "eps_growth_yearly": 0
        },
        "20083": {
            "year_quarter": 20083,
            "year": 2008,
            "quarter": 3,
            "eps": null,
            "eps_growth_year": null,
            "eps_4q": null,
            "eps_4q_growth_year": null,
            "roe": null,
            "roe_4q": 0,
            "gross_profit": null,
            "gross_margin": null,
            "gross_margin_4q_avg": 0,
            "net_income": null,
            "revenue": null,
            "common_shares": null,
            "book_valuer_per_share": null,
            "book_valuer_per_share_4q_avg": 14.86,
            "equity": null,
            "current_ratio": null,
            "debt_ratio": null,
            "inventory_turnover_ratio": null,
            "account_receivable_turnover_ratio": null,
            "reinvestment_rate": null,
            "research_to_sale_ratio": null,
            "price_fair": 0,
            "eps_avg_yearly": 0,
            "eps_latest_yearly": 0,
            "eps_growth_yearly": 0
        },
        "20084": {
            "year_quarter": 20084,
            "year": 2008,
            "quarter": 4,
            "eps": null,
            "eps_growth_year": null,
            "eps_4q": null,
            "eps_4q_growth_year": null,
            "roe": null,
            "roe_4q": 0,
            "gross_profit": null,
            "gross_margin": null,
            "gross_margin_4q_avg": 0,
            "net_income": null,
            "revenue": null,
            "common_shares": 592143,
            "book_valuer_per_share": 32.19,
            "book_valuer_per_share_4q_avg": 8.05,
            "equity": 1905899,
            "current_ratio": 209.48,
            "debt_ratio": 50.23,
            "inventory_turnover_ratio": null,
            "account_receivable_turnover_ratio": null,
            "reinvestment_rate": null,
            "research_to_sale_ratio": null,
            "price_fair": 0,
            "eps_avg_yearly": 0,
            "eps_latest_yearly": 0,
            "eps_growth_yearly": 0
        },
        "20091": {
            "year_quarter": 20091,
            "year": 2009,
            "quarter": 1,
            "eps": null,
            "eps_growth_year": null,
            "eps_4q": null,
            "eps_4q_growth_year": null,
            "roe": null,
            "roe_4q": 0,
            "gross_profit": null,
            "gross_margin": null,
            "gross_margin_4q_avg": 0,
            "net_income": null,
            "revenue": null,
            "common_shares": null,
            "book_valuer_per_share": null,
            "book_valuer_per_share_4q_avg": 8.05,
            "equity": null,
            "current_ratio": null,
            "debt_ratio": null,
            "inventory_turnover_ratio": null,
            "account_receivable_turnover_ratio": null,
            "reinvestment_rate": null,
            "research_to_sale_ratio": null,
            "price_fair": 0,
            "eps_avg_yearly": 0,
            "eps_latest_yearly": 0,
            "eps_growth_yearly": 0
        },
        "20092": {
            "year_quarter": 20092,
            "year": 2009,
            "quarter": 2,
            "eps": null,
            "eps_growth_year": null,
            "eps_4q": null,
            "eps_4q_growth_year": null,
            "roe": null,
            "roe_4q": 0,
            "gross_profit": null,
            "gross_margin": null,
            "gross_margin_4q_avg": 0,
            "net_income": null,
            "revenue": null,
            "common_shares": 709643,
            "book_valuer_per_share": null,
            "book_valuer_per_share_4q_avg": 8.05,
            "equity": 2517460,
            "current_ratio": null,
            "debt_ratio": null,
            "inventory_turnover_ratio": null,
            "account_receivable_turnover_ratio": null,
            "reinvestment_rate": null,
            "research_to_sale_ratio": null,
            "price_fair": 0,
            "eps_avg_yearly": 0,
            "eps_latest_yearly": 0,
            "eps_growth_yearly": 0
        },
        "20093": {
            "year_quarter": 20093,
            "year": 2009,
            "quarter": 3,
            "eps": null,
            "eps_growth_year": null,
            "eps_4q": null,
            "eps_4q_growth_year": null,
            "roe": null,
            "roe_4q": 0,
            "gross_profit": null,
            "gross_margin": null,
            "gross_margin_4q_avg": 0,
            "net_income": null,
            "revenue": null,
            "common_shares": null,
            "book_valuer_per_share": null,
            "book_valuer_per_share_4q_avg": 8.05,
            "equity": null,
            "current_ratio": null,
            "debt_ratio": null,
            "inventory_turnover_ratio": null,
            "account_receivable_turnover_ratio": null,
            "reinvestment_rate": null,
            "research_to_sale_ratio": null,
            "price_fair": 0,
            "eps_avg_yearly": 0,
            "eps_latest_yearly": 0,
            "eps_growth_yearly": 0
        },
        "20094": {
            "year_quarter": 20094,
            "year": 2009,
            "quarter": 4,
            "eps": null,
            "eps_growth_year": null,
            "eps_4q": null,
            "eps_4q_growth_year": null,
            "roe": null,
            "roe_4q": 0,
            "gross_profit": null,
            "gross_margin": null,
            "gross_margin_4q_avg": 0,
            "net_income": null,
            "revenue": null,
            "common_shares": 709643,
            "book_valuer_per_share": 41.25,
            "book_valuer_per_share_4q_avg": 10.31,
            "equity": 2926991,
            "current_ratio": 219.18,
            "debt_ratio": 40.68,
            "inventory_turnover_ratio": null,
            "account_receivable_turnover_ratio": null,
            "reinvestment_rate": null,
            "research_to_sale_ratio": null,
            "price_fair": 0,
            "eps_avg_yearly": 0,
            "eps_latest_yearly": 0,
            "eps_growth_yearly": 0
        },
        "20101": {
            "year_quarter": 20101,
            "year": 2010,
            "quarter": 1,
            "eps": null,
            "eps_growth_year": null,
            "eps_4q": null,
            "eps_4q_growth_year": null,
            "roe": null,
            "roe_4q": 0,
            "gross_profit": 289596,
            "gross_margin": null,
            "gross_margin_4q_avg": 0,
            "net_income": 117303,
            "revenue": 1019429,
            "common_shares": 709643,
            "book_valuer_per_share": 42.57,
            "book_valuer_per_share_4q_avg": 20.96,
            "equity": 3021274,
            "current_ratio": 222.19,
            "debt_ratio": 39.91,
            "inventory_turnover_ratio": null,
            "account_receivable_turnover_ratio": null,
            "reinvestment_rate": null,
            "research_to_sale_ratio": null,
            "price_fair": 0,
            "eps_avg_yearly": 0,
            "eps_latest_yearly": 0,
            "eps_growth_yearly": 0
        },
        "20102": {
            "year_quarter": 20102,
            "year": 2010,
            "quarter": 2,
            "eps": 1.97,
            "eps_growth_year": null,
            "eps_4q": null,
            "eps_4q_growth_year": null,
            "roe": 4.66,
            "roe_4q": 4.66,
            "gross_profit": 266179,
            "gross_margin": 21.87,
            "gross_margin_4q_avg": 5.47,
            "net_income": 139458,
            "revenue": 1217238,
            "common_shares": 709643,
            "book_valuer_per_share": 41.82,
            "book_valuer_per_share_4q_avg": 31.41,
            "equity": 2967682,
            "current_ratio": 172.16,
            "debt_ratio": 45.67,
            "inventory_turnover_ratio": 2,
            "account_receivable_turnover_ratio": 1.83,
            "reinvestment_rate": null,
            "research_to_sale_ratio": null,
            "price_fair": 0,
            "eps_avg_yearly": 0,
            "eps_latest_yearly": 0,
            "eps_growth_yearly": 0
        },
        "20103": {
            "year_quarter": 20103,
            "year": 2010,
            "quarter": 3,
            "eps": null,
            "eps_growth_year": null,
            "eps_4q": null,
            "eps_4q_growth_year": null,
            "roe": null,
            "roe_4q": 4.66,
            "gross_profit": 329510,
            "gross_margin": null,
            "gross_margin_4q_avg": 5.47,
            "net_income": 134260,
            "revenue": 1530014,
            "common_shares": 709643,
            "book_valuer_per_share": 43.33,
            "book_valuer_per_share_4q_avg": 42.24,
            "equity": 3075135,
            "current_ratio": 177.33,
            "debt_ratio": 43.31,
            "inventory_turnover_ratio": null,
            "account_receivable_turnover_ratio": null,
            "reinvestment_rate": null,
            "research_to_sale_ratio": null,
            "price_fair": 0,
            "eps_avg_yearly": 0,
            "eps_latest_yearly": 0,
            "eps_growth_yearly": 0
        },
        "20104": {
            "year_quarter": 20104,
            "year": 2010,
            "quarter": 4,
            "eps": null,
            "eps_growth_year": null,
            "eps_4q": null,
            "eps_4q_growth_year": null,
            "roe": null,
            "roe_4q": 4.66,
            "gross_profit": 385195,
            "gross_margin": null,
            "gross_margin_4q_avg": 5.47,
            "net_income": 189751,
            "revenue": 1529219,
            "common_shares": 739643,
            "book_valuer_per_share": 45.81,
            "book_valuer_per_share_4q_avg": 43.38,
            "equity": 3387938,
            "current_ratio": 213.84,
            "debt_ratio": 40.96,
            "inventory_turnover_ratio": null,
            "account_receivable_turnover_ratio": null,
            "reinvestment_rate": null,
            "research_to_sale_ratio": null,
            "price_fair": 0,
            "eps_avg_yearly": 0,
            "eps_latest_yearly": 0,
            "eps_growth_yearly": 0
        },
        "20111": {
            "year_quarter": 20111,
            "year": 2011,
            "quarter": 1,
            "eps": null,
            "eps_growth_year": null,
            "eps_4q": null,
            "eps_4q_growth_year": null,
            "roe": null,
            "roe_4q": 4.66,
            "gross_profit": 311333,
            "gross_margin": null,
            "gross_margin_4q_avg": 5.47,
            "net_income": 132014,
            "revenue": 1381219,
            "common_shares": 739643,
            "book_valuer_per_share": 48.5,
            "book_valuer_per_share_4q_avg": 44.87,
            "equity": 3587217,
            "current_ratio": 243.18,
            "debt_ratio": 37.04,
            "inventory_turnover_ratio": null,
            "account_receivable_turnover_ratio": null,
            "reinvestment_rate": null,
            "research_to_sale_ratio": null,
            "price_fair": 0,
            "eps_avg_yearly": 0,
            "eps_latest_yearly": 0,
            "eps_growth_yearly": 0
        },
        "20112": {
            "year_quarter": 20112,
            "year": 2011,
            "quarter": 2,
            "eps": 1.23,
            "eps_growth_year": -37.5,
            "eps_4q": 1.23,
            "eps_4q_growth_year": null,
            "roe": 2.58,
            "roe_4q": 2.58,
            "gross_profit": 243545,
            "gross_margin": 17.78,
            "gross_margin_4q_avg": 4.45,
            "net_income": 90840,
            "revenue": 1369486,
            "common_shares": 739643,
            "book_valuer_per_share": 46.72,
            "book_valuer_per_share_4q_avg": 46.09,
            "equity": 3455663,
            "current_ratio": 252.25,
            "debt_ratio": 40.75,
            "inventory_turnover_ratio": 2.37,
            "account_receivable_turnover_ratio": 2.12,
            "reinvestment_rate": null,
            "research_to_sale_ratio": null,
            "price_fair": 0,
            "eps_avg_yearly": 0,
            "eps_latest_yearly": 0,
            "eps_growth_yearly": 0
        },
        "20113": {
            "year_quarter": 20113,
            "year": 2011,
            "quarter": 3,
            "eps": 1.92,
            "eps_growth_year": null,
            "eps_4q": 3.09,
            "eps_4q_growth_year": null,
            "roe": 4.05,
            "roe_4q": 6.63,
            "gross_profit": 297996,
            "gross_margin": 20.41,
            "gross_margin_4q_avg": 9.55,
            "net_income": 148239,
            "revenue": 1459964,
            "common_shares": 739643,
            "book_valuer_per_share": 51.87,
            "book_valuer_per_share_4q_avg": 48.23,
            "equity": 3868789,
            "current_ratio": 299.26,
            "debt_ratio": 37.41,
            "inventory_turnover_ratio": 2.34,
            "account_receivable_turnover_ratio": 1.05,
            "reinvestment_rate": null,
            "research_to_sale_ratio": 0.88,
            "price_fair": 268.8,
            "eps_avg_yearly": 7.68,
            "eps_latest_yearly": 7.68,
            "eps_growth_yearly": 224.39
        },
        "20114": {
            "year_quarter": 20114,
            "year": 2011,
            "quarter": 4,
            "eps": 2.97,
            "eps_growth_year": null,
            "eps_4q": 5.92,
            "eps_4q_growth_year": null,
            "roe": 5.78,
            "roe_4q": 12.41,
            "gross_profit": 487270,
            "gross_margin": 24.99,
            "gross_margin_4q_avg": 15.8,
            "net_income": 241065,
            "revenue": 1949855,
            "common_shares": 811643,
            "book_valuer_per_share": 55.11,
            "book_valuer_per_share_4q_avg": 50.55,
            "equity": 4473291,
            "current_ratio": 305.42,
            "debt_ratio": 33.64,
            "inventory_turnover_ratio": 2.93,
            "account_receivable_turnover_ratio": 1.12,
            "reinvestment_rate": null,
            "research_to_sale_ratio": 1.21,
            "price_fair": 342.3,
            "eps_avg_yearly": 9.78,
            "eps_latest_yearly": 11.88,
            "eps_growth_yearly": 221.57
        },
        "20121": {
            "year_quarter": 20121,
            "year": 2012,
            "quarter": 1,
            "eps": 1.06,
            "eps_growth_year": null,
            "eps_4q": 6.97,
            "eps_4q_growth_year": null,
            "roe": 1.92,
            "roe_4q": 14.33,
            "gross_profit": 247437,
            "gross_margin": 19.73,
            "gross_margin_4q_avg": 20.73,
            "net_income": 85883,
            "revenue": 1254160,
            "common_shares": 811643,
            "book_valuer_per_share": 55,
            "book_valuer_per_share_4q_avg": 52.18,
            "equity": 4464233,
            "current_ratio": 366.4,
            "debt_ratio": 29.53,
            "inventory_turnover_ratio": 2.29,
            "account_receivable_turnover_ratio": 0.74,
            "reinvestment_rate": null,
            "research_to_sale_ratio": 1.08,
            "price_fair": 277.67,
            "eps_avg_yearly": 7.93,
            "eps_latest_yearly": 4.24,
            "eps_growth_yearly": 61.97
        },
        "20122": {
            "year_quarter": 20122,
            "year": 2012,
            "quarter": 2,
            "eps": 1.6,
            "eps_growth_year": 30.26,
            "eps_4q": 7.45,
            "eps_4q_growth_year": 506.96,
            "roe": 2.97,
            "roe_4q": 14.720000000000002,
            "gross_profit": 239368,
            "gross_margin": 17.84,
            "gross_margin_4q_avg": 20.74,
            "net_income": 129849,
            "revenue": 1342118,
            "common_shares": 811643,
            "book_valuer_per_share": 52.83,
            "book_valuer_per_share_4q_avg": 53.7,
            "equity": 4288067,
            "current_ratio": 289.81,
            "debt_ratio": 36.29,
            "inventory_turnover_ratio": 2.74,
            "account_receivable_turnover_ratio": 0.93,
            "reinvestment_rate": null,
            "research_to_sale_ratio": 1.16,
            "price_fair": 264.25,
            "eps_avg_yearly": 7.55,
            "eps_latest_yearly": 6.4,
            "eps_growth_yearly": 97.42
        },
        "20123": {
            "year_quarter": 20123,
            "year": 2012,
            "quarter": 3,
            "eps": 1.04,
            "eps_growth_year": -45.77,
            "eps_4q": 6.67,
            "eps_4q_growth_year": 115.7,
            "roe": 1.96,
            "roe_4q": 12.629999999999999,
            "gross_profit": 245433,
            "gross_margin": 17.6,
            "gross_margin_4q_avg": 20.04,
            "net_income": 84361,
            "revenue": 1394891,
            "common_shares": 811643,
            "book_valuer_per_share": 53.39,
            "book_valuer_per_share_4q_avg": 54.08,
            "equity": 4333762,
            "current_ratio": 337.68,
            "debt_ratio": 36.07,
            "inventory_turnover_ratio": 2.74,
            "account_receivable_turnover_ratio": 0.74,
            "reinvestment_rate": null,
            "research_to_sale_ratio": 1.22,
            "price_fair": 240.52,
            "eps_avg_yearly": 6.87,
            "eps_latest_yearly": 4.16,
            "eps_growth_yearly": 49.93
        },
        "20124": {
            "year_quarter": 20124,
            "year": 2012,
            "quarter": 4,
            "eps": 1.4,
            "eps_growth_year": -52.72,
            "eps_4q": 5.1,
            "eps_4q_growth_year": -13.76,
            "roe": 2.6,
            "roe_4q": 9.450000000000001,
            "gross_profit": 210470,
            "gross_margin": 15.82,
            "gross_margin_4q_avg": 17.75,
            "net_income": 113970,
            "revenue": 1330745,
            "common_shares": 811643,
            "book_valuer_per_share": 54.72,
            "book_valuer_per_share_4q_avg": 53.99,
            "equity": 4441698,
            "current_ratio": 356.19,
            "debt_ratio": 34.85,
            "inventory_turnover_ratio": 2.57,
            "account_receivable_turnover_ratio": 0.73,
            "reinvestment_rate": null,
            "research_to_sale_ratio": 1.19,
            "price_fair": 233.1,
            "eps_avg_yearly": 6.66,
            "eps_latest_yearly": 5.6,
            "eps_growth_yearly": 64.69
        },
        "20131": {
            "year_quarter": 20131,
            "year": 2013,
            "quarter": 1,
            "eps": 0.48,
            "eps_growth_year": -54.72,
            "eps_4q": 4.53,
            "eps_4q_growth_year": -35.09,
            "roe": 0.87,
            "roe_4q": 8.4,
            "gross_profit": 161537,
            "gross_margin": 13.78,
            "gross_margin_4q_avg": 16.26,
            "net_income": 39209,
            "revenue": 1172138,
            "common_shares": 811643,
            "book_valuer_per_share": 56.47,
            "book_valuer_per_share_4q_avg": 54.35,
            "equity": 4583270,
            "current_ratio": 386.72,
            "debt_ratio": 33.52,
            "inventory_turnover_ratio": 2.31,
            "account_receivable_turnover_ratio": 0.85,
            "reinvestment_rate": null,
            "research_to_sale_ratio": 1.97,
            "price_fair": 166.9,
            "eps_avg_yearly": 5.98,
            "eps_latest_yearly": 1.92,
            "eps_growth_yearly": 17.9
        },
        "20132": {
            "year_quarter": 20132,
            "year": 2013,
            "quarter": 2,
            "eps": 0.46,
            "eps_growth_year": -71.25,
            "eps_4q": 3.42,
            "eps_4q_growth_year": -54.11,
            "roe": 0.82,
            "roe_4q": 6.25,
            "gross_profit": 140484,
            "gross_margin": 13.19,
            "gross_margin_4q_avg": 15.1,
            "net_income": 36835,
            "revenue": 1065258,
            "common_shares": 811643,
            "book_valuer_per_share": 54.6,
            "book_valuer_per_share_4q_avg": 54.8,
            "equity": 4379051,
            "current_ratio": 355.14,
            "debt_ratio": 36.64,
            "inventory_turnover_ratio": 2.1,
            "account_receivable_turnover_ratio": 0.79,
            "reinvestment_rate": null,
            "research_to_sale_ratio": 1.73,
            "price_fair": 128.85,
            "eps_avg_yearly": 5.47,
            "eps_latest_yearly": 1.84,
            "eps_growth_yearly": 13.58
        },
        "20133": {
            "year_quarter": 20133,
            "year": 2013,
            "quarter": 3,
            "eps": 1.44,
            "eps_growth_year": 38.54,
            "eps_4q": 3.81,
            "eps_4q_growth_year": -42.8,
            "roe": 2.63,
            "roe_4q": 6.92,
            "gross_profit": 258807,
            "gross_margin": 19.01,
            "gross_margin_4q_avg": 15.45,
            "net_income": 115858,
            "revenue": 1361258,
            "common_shares": 811643,
            "book_valuer_per_share": 55.46,
            "book_valuer_per_share_4q_avg": 55.31,
            "equity": 4447718,
            "current_ratio": 411.91,
            "debt_ratio": 35.77,
            "inventory_turnover_ratio": 2.59,
            "account_receivable_turnover_ratio": 0.98,
            "reinvestment_rate": null,
            "research_to_sale_ratio": 1.46,
            "price_fair": 192.42,
            "eps_avg_yearly": 5.5,
            "eps_latest_yearly": 5.76,
            "eps_growth_yearly": 106.75
        },
        "20134": {
            "year_quarter": 20134,
            "year": 2013,
            "quarter": 4,
            "eps": 1.13,
            "eps_growth_year": -19.59,
            "eps_4q": 3.55,
            "eps_4q_growth_year": -30.43,
            "roe": 1.99,
            "roe_4q": 6.3100000000000005,
            "gross_profit": 219048,
            "gross_margin": 16.83,
            "gross_margin_4q_avg": 15.7,
            "net_income": 89546,
            "revenue": 1301232,
            "common_shares": 811643,
            "book_valuer_per_share": 57.54,
            "book_valuer_per_share_4q_avg": 56.02,
            "equity": 4563096,
            "current_ratio": 401.82,
            "debt_ratio": 34.84,
            "inventory_turnover_ratio": 2.76,
            "account_receivable_turnover_ratio": 0.94,
            "reinvestment_rate": -139.92,
            "research_to_sale_ratio": 1.56,
            "price_fair": 189,
            "eps_avg_yearly": 5.4,
            "eps_latest_yearly": 4.52,
            "eps_growth_yearly": 87.47
        },
        "20141": {
            "year_quarter": 20141,
            "year": 2014,
            "quarter": 1,
            "eps": 0.72,
            "eps_growth_year": 50,
            "eps_4q": 3.78,
            "eps_4q_growth_year": -16.52,
            "roe": 1.25,
            "roe_4q": 6.69,
            "gross_profit": 148194,
            "gross_margin": 17.88,
            "gross_margin_4q_avg": 16.73,
            "net_income": 57429,
            "revenue": 828841,
            "common_shares": 802653,
            "book_valuer_per_share": 58.33,
            "book_valuer_per_share_4q_avg": 56.48,
            "equity": 4625721,
            "current_ratio": 478.09,
            "debt_ratio": 31.63,
            "inventory_turnover_ratio": 1.91,
            "account_receivable_turnover_ratio": 0.75,
            "reinvestment_rate": 13.66,
            "research_to_sale_ratio": 2.02,
            "price_fair": 180.98,
            "eps_avg_yearly": 5.17,
            "eps_latest_yearly": 2.88,
            "eps_growth_yearly": 66.32
        },
        "20142": {
            "year_quarter": 20142,
            "year": 2014,
            "quarter": 2,
            "eps": 0.73,
            "eps_growth_year": 58.7,
            "eps_4q": 4.04,
            "eps_4q_growth_year": 18.22,
            "roe": 1.29,
            "roe_4q": 7.16,
            "gross_profit": 168927,
            "gross_margin": 18.09,
            "gross_margin_4q_avg": 17.95,
            "net_income": 57903,
            "revenue": 933726,
            "common_shares": 802653,
            "book_valuer_per_share": 55.09,
            "book_valuer_per_share_4q_avg": 56.61,
            "equity": 4368753,
            "current_ratio": 343.11,
            "debt_ratio": 34.72,
            "inventory_turnover_ratio": 2.2,
            "account_receivable_turnover_ratio": 0.99,
            "reinvestment_rate": -182.11,
            "research_to_sale_ratio": 1.96,
            "price_fair": 174.42,
            "eps_avg_yearly": 4.98,
            "eps_latest_yearly": 2.92,
            "eps_growth_yearly": 61.26
        },
        "20143": {
            "year_quarter": 20143,
            "year": 2014,
            "quarter": 3,
            "eps": 1.08,
            "eps_growth_year": -25,
            "eps_4q": 3.66,
            "eps_4q_growth_year": -3.99,
            "roe": 1.92,
            "roe_4q": 6.45,
            "gross_profit": 216822,
            "gross_margin": 18.7,
            "gross_margin_4q_avg": 17.88,
            "net_income": 85504,
            "revenue": 1159290,
            "common_shares": 802653,
            "book_valuer_per_share": 57.44,
            "book_valuer_per_share_4q_avg": 57.1,
            "equity": 4555243,
            "current_ratio": 420.45,
            "debt_ratio": 34.58,
            "inventory_turnover_ratio": 2.54,
            "account_receivable_turnover_ratio": 1.04,
            "reinvestment_rate": -12.42,
            "research_to_sale_ratio": 1.62,
            "price_fair": 172.63,
            "eps_avg_yearly": 4.93,
            "eps_latest_yearly": 4.32,
            "eps_growth_yearly": 71.3
        },
        "20144": {
            "year_quarter": 20144,
            "year": 2014,
            "quarter": 4,
            "eps": 1.14,
            "eps_growth_year": 0.94,
            "eps_4q": 3.67,
            "eps_4q_growth_year": 3.47,
            "roe": 1.93,
            "roe_4q": 6.39,
            "gross_profit": 214852,
            "gross_margin": 18.58,
            "gross_margin_4q_avg": 18.31,
            "net_income": 90384,
            "revenue": 1156303,
            "common_shares": 802653,
            "book_valuer_per_share": 60.45,
            "book_valuer_per_share_4q_avg": 57.83,
            "equity": 4794129,
            "current_ratio": 452.37,
            "debt_ratio": 33.61,
            "inventory_turnover_ratio": 2.43,
            "account_receivable_turnover_ratio": 0.94,
            "reinvestment_rate": -242.08,
            "research_to_sale_ratio": 1.77,
            "price_fair": 171.7,
            "eps_avg_yearly": 4.91,
            "eps_latest_yearly": 4.56,
            "eps_growth_yearly": 67.79
        },
        "20151": {
            "year_quarter": 20151,
            "year": 2015,
            "quarter": 1,
            "eps": 0.08,
            "eps_growth_year": -88.89,
            "eps_4q": 3.03,
            "eps_4q_growth_year": -19.87,
            "roe": 0.13,
            "roe_4q": 5.27,
            "gross_profit": 78066,
            "gross_margin": 9.69,
            "gross_margin_4q_avg": 16.27,
            "net_income": 6334,
            "revenue": 805871,
            "common_shares": 802653,
            "book_valuer_per_share": 59.95,
            "book_valuer_per_share_4q_avg": 58.23,
            "equity": 4754367,
            "current_ratio": 478.35,
            "debt_ratio": 32.71,
            "inventory_turnover_ratio": 1.81,
            "account_receivable_turnover_ratio": 0.74,
            "reinvestment_rate": -16.11,
            "research_to_sale_ratio": 2.88,
            "price_fair": 161,
            "eps_avg_yearly": 4.6,
            "eps_latest_yearly": 0.32,
            "eps_growth_yearly": 38.48
        },
        "20152": {
            "year_quarter": 20152,
            "year": 2015,
            "quarter": 2,
            "eps": 0.61,
            "eps_growth_year": -16.44,
            "eps_4q": 2.91,
            "eps_4q_growth_year": -28.09,
            "roe": 1.05,
            "roe_4q": 5.03,
            "gross_profit": 129387,
            "gross_margin": 12.08,
            "gross_margin_4q_avg": 14.76,
            "net_income": 48425,
            "revenue": 1070795,
            "common_shares": 802653,
            "book_valuer_per_share": 56.25,
            "book_valuer_per_share_4q_avg": 58.52,
            "equity": 4460445,
            "current_ratio": 312.5,
            "debt_ratio": 38.52,
            "inventory_turnover_ratio": 2.08,
            "account_receivable_turnover_ratio": 1,
            "reinvestment_rate": -286.77,
            "research_to_sale_ratio": 2.33,
            "price_fair": 156.28,
            "eps_avg_yearly": 4.47,
            "eps_latest_yearly": 2.44,
            "eps_growth_yearly": 201.7
        },
        "20153": {
            "year_quarter": 20153,
            "year": 2015,
            "quarter": 3,
            "eps": 1.75,
            "eps_growth_year": 62.04,
            "eps_4q": 3.58,
            "eps_4q_growth_year": -2.29,
            "roe": 3,
            "roe_4q": 6.109999999999999,
            "gross_profit": 307962,
            "gross_margin": 23.4,
            "gross_margin_4q_avg": 15.94,
            "net_income": 138592,
            "revenue": 1316148,
            "common_shares": 802653,
            "book_valuer_per_share": 60.45,
            "book_valuer_per_share_4q_avg": 59.28,
            "equity": 4794118,
            "current_ratio": 300.65,
            "debt_ratio": 35.65,
            "inventory_turnover_ratio": 2.07,
            "account_receivable_turnover_ratio": 0.94,
            "reinvestment_rate": -314.9,
            "research_to_sale_ratio": 1.7,
            "price_fair": 154.79,
            "eps_avg_yearly": 4.42,
            "eps_latest_yearly": 7,
            "eps_growth_yearly": 234.4
        },
        "20154": {
            "year_quarter": 20154,
            "year": 2015,
            "quarter": 4,
            "eps": 1.84,
            "eps_growth_year": 61.62,
            "eps_4q": 4.28,
            "eps_4q_growth_year": 16.55,
            "roe": 3.04,
            "roe_4q": 7.22,
            "gross_profit": 307117,
            "gross_margin": 25.48,
            "gross_margin_4q_avg": 17.66,
            "net_income": 146075,
            "revenue": 1205545,
            "common_shares": 802653,
            "book_valuer_per_share": 60.63,
            "book_valuer_per_share_4q_avg": 59.32,
            "equity": 4808496,
            "current_ratio": 417.6,
            "debt_ratio": 35.7,
            "inventory_turnover_ratio": 1.96,
            "account_receivable_turnover_ratio": 0.79,
            "reinvestment_rate": -358.92,
            "research_to_sale_ratio": 1.82,
            "price_fair": 144.9,
            "eps_avg_yearly": 4.14,
            "eps_latest_yearly": 7.36,
            "eps_growth_yearly": 222.01
        },
        "20161": {
            "year_quarter": 20161,
            "year": 2016,
            "quarter": 1,
            "eps": 1.08,
            "eps_growth_year": 1250,
            "eps_4q": 5.28,
            "eps_4q_growth_year": 74.41,
            "roe": 1.77,
            "roe_4q": 8.860000000000001,
            "gross_profit": 219725,
            "gross_margin": 24.28,
            "gross_margin_4q_avg": 21.31,
            "net_income": 85700,
            "revenue": 905093,
            "common_shares": 802653,
            "book_valuer_per_share": 61.26,
            "book_valuer_per_share_4q_avg": 59.65,
            "equity": 4857930,
            "current_ratio": 443.74,
            "debt_ratio": 32.44,
            "inventory_turnover_ratio": 1.63,
            "account_receivable_turnover_ratio": 0.67,
            "reinvestment_rate": -356.16,
            "research_to_sale_ratio": 2.31,
            "price_fair": 145.08,
            "eps_avg_yearly": 4.15,
            "eps_latest_yearly": 4.32,
            "eps_growth_yearly": 227.76
        },
        "20162": {
            "year_quarter": 20162,
            "year": 2016,
            "quarter": 2,
            "eps": 1.95,
            "eps_growth_year": 219.67,
            "eps_4q": 6.62,
            "eps_4q_growth_year": 127.46,
            "roe": 3.26,
            "roe_4q": 11.07,
            "gross_profit": 264937,
            "gross_margin": 26.59,
            "gross_margin_4q_avg": 24.94,
            "net_income": 154263,
            "revenue": 996556,
            "common_shares": 802653,
            "book_valuer_per_share": 57.98,
            "book_valuer_per_share_4q_avg": 60.08,
            "equity": 4598396,
            "current_ratio": 356.34,
            "debt_ratio": 36.96,
            "inventory_turnover_ratio": 1.86,
            "account_receivable_turnover_ratio": 0.8,
            "reinvestment_rate": -360.81,
            "research_to_sale_ratio": 2.31,
            "price_fair": 148.14,
            "eps_avg_yearly": 4.23,
            "eps_latest_yearly": 7.8,
            "eps_growth_yearly": 235.16
        },
        "20163": {
            "year_quarter": 20163,
            "year": 2016,
            "quarter": 3,
            "eps": 2.21,
            "eps_growth_year": 26.29,
            "eps_4q": 7.09,
            "eps_4q_growth_year": 98.08,
            "roe": 3.81,
            "roe_4q": 11.879999999999999,
            "gross_profit": 307393,
            "gross_margin": 27.15,
            "gross_margin_4q_avg": 25.88,
            "net_income": 175981,
            "revenue": 1132221,
            "common_shares": 793033,
            "book_valuer_per_share": 58.35,
            "book_valuer_per_share_4q_avg": 59.56,
            "equity": 4627525,
            "current_ratio": 378.86,
            "debt_ratio": 37.89,
            "inventory_turnover_ratio": 2.09,
            "account_receivable_turnover_ratio": 0.86,
            "reinvestment_rate": -341.33,
            "research_to_sale_ratio": 3.56,
            "price_fair": 158.38,
            "eps_avg_yearly": 4.53,
            "eps_latest_yearly": 8.84,
            "eps_growth_yearly": 247.25
        },
        "20164": {
            "year_quarter": 20164,
            "year": 2016,
            "quarter": 4,
            "eps": 2.35,
            "eps_growth_year": 27.42,
            "eps_4q": 7.59,
            "eps_4q_growth_year": 77.38,
            "roe": 3.96,
            "roe_4q": 12.799999999999999,
            "gross_profit": 285246,
            "gross_margin": 25.86,
            "gross_margin_4q_avg": 25.97,
            "net_income": 186132,
            "revenue": 1103075,
            "common_shares": 793033,
            "book_valuer_per_share": 60.32,
            "book_valuer_per_share_4q_avg": 59.48,
            "equity": 4783366,
            "current_ratio": 410.37,
            "debt_ratio": 36.33,
            "inventory_turnover_ratio": 1.99,
            "account_receivable_turnover_ratio": 0.78,
            "reinvestment_rate": -327.16,
            "research_to_sale_ratio": 1.57,
            "price_fair": 166.69,
            "eps_avg_yearly": 4.76,
            "eps_latest_yearly": 9.4,
            "eps_growth_yearly": 240.18
        },
        "20171": {
            "year_quarter": 20171,
            "year": 2017,
            "quarter": 1,
            "eps": 1.36,
            "eps_growth_year": 25.93,
            "eps_4q": 7.87,
            "eps_4q_growth_year": 49.08,
            "roe": 2.29,
            "roe_4q": 13.32,
            "gross_profit": 231867,
            "gross_margin": 26.79,
            "gross_margin_4q_avg": 26.6,
            "net_income": 107940,
            "revenue": 865575,
            "common_shares": 793033,
            "book_valuer_per_share": 58.72,
            "book_valuer_per_share_4q_avg": 58.84,
            "equity": 4656348,
            "current_ratio": 491.77,
            "debt_ratio": 35.42,
            "inventory_turnover_ratio": 1.49,
            "account_receivable_turnover_ratio": 0.67,
            "reinvestment_rate": -18.74,
            "research_to_sale_ratio": 2.13,
            "price_fair": 174.39,
            "eps_avg_yearly": 4.98,
            "eps_latest_yearly": 5.44,
            "eps_growth_yearly": 246.07
        },
        "20172": {
            "year_quarter": 20172,
            "year": 2017,
            "quarter": 2,
            "eps": 1.28,
            "eps_growth_year": -34.36,
            "eps_4q": 7.21,
            "eps_4q_growth_year": 8.97,
            "roe": 2.3,
            "roe_4q": 12.360000000000001,
            "gross_profit": 239612,
            "gross_margin": 24.52,
            "gross_margin_4q_avg": 26.08,
            "net_income": 101617,
            "revenue": 977074,
            "common_shares": 793033,
            "book_valuer_per_share": 52.79,
            "book_valuer_per_share_4q_avg": 57.55,
            "equity": 4186270,
            "current_ratio": 314.53,
            "debt_ratio": 43.66,
            "inventory_turnover_ratio": 1.65,
            "account_receivable_turnover_ratio": 0.78,
            "reinvestment_rate": -17.08,
            "research_to_sale_ratio": 2.22,
            "price_fair": 181.56,
            "eps_avg_yearly": 5.19,
            "eps_latest_yearly": 5.12,
            "eps_growth_yearly": 245.64
        },
        "20173": {
            "year_quarter": 20173,
            "year": 2017,
            "quarter": 3,
            "eps": 1.67,
            "eps_growth_year": -24.43,
            "eps_4q": 6.66,
            "eps_4q_growth_year": -6.07,
            "roe": 3.09,
            "roe_4q": 11.64,
            "gross_profit": 285975,
            "gross_margin": 25.16,
            "gross_margin_4q_avg": 25.58,
            "net_income": 132210,
            "revenue": 1136597,
            "common_shares": 793033,
            "book_valuer_per_share": 55.01,
            "book_valuer_per_share_4q_avg": 56.71,
            "equity": 4362368,
            "current_ratio": 449.74,
            "debt_ratio": 43.96,
            "inventory_turnover_ratio": 1.79,
            "account_receivable_turnover_ratio": 0.83,
            "reinvestment_rate": -9.31,
            "research_to_sale_ratio": 1.98,
            "price_fair": 183.58,
            "eps_avg_yearly": 5.25,
            "eps_latest_yearly": 6.68,
            "eps_growth_yearly": 200
        },
        "20174": {
            "year_quarter": 20174,
            "year": 2017,
            "quarter": 4,
            "eps": 1.19,
            "eps_growth_year": -49.43,
            "eps_4q": 5.5,
            "eps_4q_growth_year": -27.6,
            "roe": 2.14,
            "roe_4q": 9.82,
            "gross_profit": 236586,
            "gross_margin": 22.74,
            "gross_margin_4q_avg": 24.8,
            "net_income": 94127,
            "revenue": 1040262,
            "common_shares": 793033,
            "book_valuer_per_share": 56.03,
            "book_valuer_per_share_4q_avg": 55.64,
            "equity": 4443298,
            "current_ratio": 377.92,
            "debt_ratio": 43.59,
            "inventory_turnover_ratio": 1.63,
            "account_receivable_turnover_ratio": 0.76,
            "reinvestment_rate": -7.43,
            "research_to_sale_ratio": 2.15,
            "price_fair": 184.1,
            "eps_avg_yearly": 5.26,
            "eps_latest_yearly": 4.76,
            "eps_growth_yearly": 198.2
        },
        "20181": {
            "year_quarter": 20181,
            "year": 2018,
            "quarter": 1,
            "eps": -1.68,
            "eps_growth_year": -223.53,
            "eps_4q": 2.46,
            "eps_4q_growth_year": -68.79,
            "roe": -3.03,
            "roe_4q": 4.5,
            "gross_profit": 119323,
            "gross_margin": 14.51,
            "gross_margin_4q_avg": 21.73,
            "net_income": -133097,
            "revenue": 822220,
            "common_shares": 793033,
            "book_valuer_per_share": 54.77,
            "book_valuer_per_share_4q_avg": 54.65,
            "equity": 4343654,
            "current_ratio": 365.43,
            "debt_ratio": 43.2,
            "inventory_turnover_ratio": 1.39,
            "account_receivable_turnover_ratio": 0.65,
            "reinvestment_rate": -3.35,
            "research_to_sale_ratio": 3.03,
            "price_fair": 189.65,
            "eps_avg_yearly": 5.42,
            "eps_latest_yearly": 4.76,
            "eps_growth_yearly": 221.09
        },
        "20182": {
            "year_quarter": 20182,
            "year": 2018,
            "quarter": 2,
            "eps": 1.78,
            "eps_growth_year": 39.06,
            "eps_4q": 3,
            "eps_4q_growth_year": -58.32,
            "roe": 3.41,
            "roe_4q": 5.61,
            "gross_profit": 196318,
            "gross_margin": 18.92,
            "gross_margin_4q_avg": 20.33,
            "net_income": 140924,
            "revenue": 1037893,
            "common_shares": 793033,
            "book_valuer_per_share": 50.32,
            "book_valuer_per_share_4q_avg": 54.03,
            "equity": 3921831,
            "current_ratio": 299.47,
            "debt_ratio": 49,
            "inventory_turnover_ratio": 1.55,
            "account_receivable_turnover_ratio": 0.84,
            "reinvestment_rate": 1.43,
            "research_to_sale_ratio": 2.57,
            "price_fair": 195.9,
            "eps_avg_yearly": 5.6,
            "eps_latest_yearly": 4.76,
            "eps_growth_yearly": 236.48
        },
        "20183": {
            "year_quarter": 20183,
            "year": 2018,
            "quarter": 3,
            "eps": 2.02,
            "eps_growth_year": 20.96,
            "eps_4q": 3.85,
            "eps_4q_growth_year": -42.1,
            "roe": 3.58,
            "roe_4q": 6.1000000000000005,
            "gross_profit": 266228,
            "gross_margin": 21.66,
            "gross_margin_4q_avg": 19.46,
            "net_income": 138135,
            "revenue": 1229305,
            "common_shares": 634426,
            "book_valuer_per_share": 74.69,
            "book_valuer_per_share_4q_avg": 58.95,
            "equity": 3796761,
            "current_ratio": 246.25,
            "debt_ratio": 52.39,
            "inventory_turnover_ratio": 1.7,
            "account_receivable_turnover_ratio": 0.88,
            "reinvestment_rate": 5.05,
            "research_to_sale_ratio": 2.16,
            "price_fair": 205.3,
            "eps_avg_yearly": 5.87,
            "eps_latest_yearly": 8.08,
            "eps_growth_yearly": 226.63
        },
        "20184": {
            "year_quarter": 20184,
            "year": 2018,
            "quarter": 4,
            "eps": 1.54,
            "eps_growth_year": 29.55,
            "eps_4q": 3.88,
            "eps_4q_growth_year": -29.4,
            "roe": 2.48,
            "roe_4q": 6.440000000000001,
            "gross_profit": 215948,
            "gross_margin": 19.12,
            "gross_margin_4q_avg": 18.55,
            "net_income": 95790,
            "revenue": 1129424,
            "common_shares": 622962,
            "book_valuer_per_share": 63.05,
            "book_valuer_per_share_4q_avg": 60.71,
            "equity": 3927570,
            "current_ratio": 303.42,
            "debt_ratio": 46.65,
            "inventory_turnover_ratio": 1.7,
            "account_receivable_turnover_ratio": 0.8,
            "reinvestment_rate": 5.55,
            "research_to_sale_ratio": 2.35,
            "price_fair": 209.3,
            "eps_avg_yearly": 5.98,
            "eps_latest_yearly": 6.16,
            "eps_growth_yearly": 218.26
        },
        "20191": {
            "year_quarter": 20191,
            "year": 2019,
            "quarter": 1,
            "eps": -0.96,
            "eps_growth_year": null,
            "eps_4q": 5.06,
            "eps_4q_growth_year": 105.74,
            "roe": -1.52,
            "roe_4q": 7.95,
            "gross_profit": 48337,
            "gross_margin": 7.58,
            "gross_margin_4q_avg": 16.82,
            "net_income": -59918,
            "revenue": 638018,
            "common_shares": 622962,
            "book_valuer_per_share": 63.34,
            "book_valuer_per_share_4q_avg": 62.85,
            "equity": 3945789,
            "current_ratio": 331.99,
            "debt_ratio": 46.11,
            "inventory_turnover_ratio": 1.17,
            "account_receivable_turnover_ratio": 0.56,
            "reinvestment_rate": 6.85,
            "research_to_sale_ratio": 3.56,
            "price_fair": 224.54,
            "eps_avg_yearly": 6.42,
            "eps_latest_yearly": 6.16,
            "eps_growth_yearly": 263.66
        },
        "20192": {
            "year_quarter": 20192,
            "year": 2019,
            "quarter": 2,
            "eps": 1.65,
            "eps_growth_year": -7.3,
            "eps_4q": 4.44,
            "eps_4q_growth_year": 47.94,
            "roe": 2.64,
            "roe_4q": 7.18,
            "gross_profit": 215440,
            "gross_margin": 21.29,
            "gross_margin_4q_avg": 17.41,
            "net_income": 102892,
            "revenue": 1011778,
            "common_shares": 622962,
            "book_valuer_per_share": 61.59,
            "book_valuer_per_share_4q_avg": 65.67,
            "equity": 3836651,
            "current_ratio": 298.73,
            "debt_ratio": 48.66,
            "inventory_turnover_ratio": 1.62,
            "account_receivable_turnover_ratio": 0.95,
            "reinvestment_rate": 2.64,
            "research_to_sale_ratio": 3.12,
            "price_fair": 236.13,
            "eps_avg_yearly": 6.75,
            "eps_latest_yearly": 6.16,
            "eps_growth_yearly": 64.79
        },
        "20193": {
            "year_quarter": 20193,
            "year": 2019,
            "quarter": 3,
            "eps": 3.04,
            "eps_growth_year": 50.5,
            "eps_4q": 5.27,
            "eps_4q_growth_year": 36.73,
            "roe": 4.89,
            "roe_4q": 8.49,
            "gross_profit": 282569,
            "gross_margin": 26.31,
            "gross_margin_4q_avg": 18.58,
            "net_income": 189498,
            "revenue": 1073816,
            "common_shares": 622962,
            "book_valuer_per_share": 62.71,
            "book_valuer_per_share_4q_avg": 62.67,
            "equity": 3906889,
            "current_ratio": 304,
            "debt_ratio": 48.61,
            "inventory_turnover_ratio": 1.62,
            "account_receivable_turnover_ratio": 0.87,
            "reinvestment_rate": -6.95,
            "research_to_sale_ratio": 2.92,
            "price_fair": 251.18,
            "eps_avg_yearly": 7.18,
            "eps_latest_yearly": 12.16,
            "eps_growth_yearly": 30.58
        },
        "20194": {
            "year_quarter": 20194,
            "year": 2019,
            "quarter": 4,
            "eps": 1.69,
            "eps_growth_year": 9.77,
            "eps_4q": 5.42,
            "eps_4q_growth_year": 39.66,
            "roe": 2.68,
            "roe_4q": 8.690000000000001,
            "gross_profit": 332367,
            "gross_margin": 26.94,
            "gross_margin_4q_avg": 20.53,
            "net_income": 105150,
            "revenue": 1233532,
            "common_shares": 622962,
            "book_valuer_per_share": 63.3,
            "book_valuer_per_share_4q_avg": 62.74,
            "equity": 3943460,
            "current_ratio": 299.43,
            "debt_ratio": 49.32,
            "inventory_turnover_ratio": 1.83,
            "account_receivable_turnover_ratio": 0.92,
            "reinvestment_rate": -4.92,
            "research_to_sale_ratio": 2.19,
            "price_fair": 171.49,
            "eps_avg_yearly": 7.13,
            "eps_latest_yearly": 6.76,
            "eps_growth_yearly": 14.06
        },
        "20201": {
            "year_quarter": 20201,
            "year": 2020,
            "quarter": 1,
            "eps": 0.62,
            "eps_growth_year": null,
            "eps_4q": 7,
            "eps_4q_growth_year": 38.56,
            "roe": 0.98,
            "roe_4q": 11.190000000000001,
            "gross_profit": 112551,
            "gross_margin": 18.01,
            "gross_margin_4q_avg": 23.14,
            "net_income": 38826,
            "revenue": 625018,
            "common_shares": 622962,
            "book_valuer_per_share": 63.54,
            "book_valuer_per_share_4q_avg": 62.79,
            "equity": 3958323,
            "current_ratio": 333.14,
            "debt_ratio": 47.5,
            "inventory_turnover_ratio": 1.06,
            "account_receivable_turnover_ratio": 0.53,
            "reinvestment_rate": -4.19,
            "research_to_sale_ratio": 2.93,
            "price_fair": 116.64,
            "eps_avg_yearly": 6.97,
            "eps_latest_yearly": 2.48,
            "eps_growth_yearly": 6.73
        },
        "20202": {
            "year_quarter": 20202,
            "year": 2020,
            "quarter": 2,
            "eps": 3.77,
            "eps_growth_year": 128.48,
            "eps_4q": 9.12,
            "eps_4q_growth_year": 105.28,
            "roe": 6,
            "roe_4q": 14.55,
            "gross_profit": 351447,
            "gross_margin": 31.75,
            "gross_margin_4q_avg": 25.75,
            "net_income": 234954,
            "revenue": 1106935,
            "common_shares": 622962,
            "book_valuer_per_share": 62.14,
            "book_valuer_per_share_4q_avg": 62.92,
            "equity": 3870948,
            "current_ratio": 261.21,
            "debt_ratio": 47.59,
            "inventory_turnover_ratio": 1.74,
            "account_receivable_turnover_ratio": 1.02,
            "reinvestment_rate": -4.05,
            "research_to_sale_ratio": 1.92,
            "price_fair": 265.3,
            "eps_avg_yearly": 7.58,
            "eps_latest_yearly": 15.08,
            "eps_growth_yearly": 149.23
        },
        "20203": {
            "year_quarter": 20203,
            "year": 2020,
            "quarter": 3,
            "eps": 3.88,
            "eps_growth_year": 27.63,
            "eps_4q": 9.81,
            "eps_4q_growth_year": 86.08,
            "roe": 6.01,
            "roe_4q": 15.67,
            "gross_profit": 506878,
            "gross_margin": 34.03,
            "gross_margin_4q_avg": 27.68,
            "net_income": 241681,
            "revenue": 1489590,
            "common_shares": 622962,
            "book_valuer_per_share": 65.88,
            "book_valuer_per_share_4q_avg": 63.72,
            "equity": 4169720,
            "current_ratio": 251.2,
            "debt_ratio": 48.22,
            "inventory_turnover_ratio": 2.37,
            "account_receivable_turnover_ratio": 1.05,
            "reinvestment_rate": -1.77,
            "research_to_sale_ratio": 1.55,
            "price_fair": 284.78,
            "eps_avg_yearly": 8.14,
            "eps_latest_yearly": 15.52,
            "eps_growth_yearly": 145.76
        },
        "20204": {
            "year_quarter": 20204,
            "year": 2020,
            "quarter": 4,
            "eps": 3.28,
            "eps_growth_year": 94.41,
            "eps_4q": 11.5,
            "eps_4q_growth_year": 112.13,
            "roe": 4.77,
            "roe_4q": 17.76,
            "gross_profit": 569004,
            "gross_margin": 35.86,
            "gross_margin_4q_avg": 29.91,
            "net_income": 205901,
            "revenue": 1586718,
            "common_shares": 624462,
            "book_valuer_per_share": 71.33,
            "book_valuer_per_share_4q_avg": 65.72,
            "equity": 4457246,
            "current_ratio": 252.34,
            "debt_ratio": 48.28,
            "inventory_turnover_ratio": 2.09,
            "account_receivable_turnover_ratio": 0.92,
            "reinvestment_rate": 8.83,
            "research_to_sale_ratio": 1.54,
            "price_fair": 295.63,
            "eps_avg_yearly": 8.45,
            "eps_latest_yearly": 13.12,
            "eps_growth_yearly": 138.49
        },
        "20211": {
            "year_quarter": 20211,
            "year": 2021,
            "quarter": 1,
            "eps": 3.49,
            "eps_growth_year": 462.9,
            "eps_4q": 14.3,
            "eps_4q_growth_year": 104.18,
            "roe": 4.78,
            "roe_4q": 21.560000000000002,
            "gross_profit": 431098,
            "gross_margin": 30.7,
            "gross_margin_4q_avg": 33.09,
            "net_income": 217879,
            "revenue": 1404291,
            "common_shares": 624912,
            "book_valuer_per_share": 74.37,
            "book_valuer_per_share_4q_avg": 68.43,
            "equity": 4652543,
            "current_ratio": 274.9,
            "debt_ratio": 46.95,
            "inventory_turnover_ratio": 1.85,
            "account_receivable_turnover_ratio": 0.83,
            "reinvestment_rate": 8.91,
            "research_to_sale_ratio": 1.79,
            "price_fair": 320.48,
            "eps_avg_yearly": 9.16,
            "eps_latest_yearly": 13.96,
            "eps_growth_yearly": 154.67
        },
        "20212": {
            "year_quarter": 20212,
            "year": 2021,
            "quarter": 2,
            "eps": 1.2,
            "eps_growth_year": -68.17,
            "eps_4q": 11.83,
            "eps_4q_growth_year": 29.7,
            "roe": 1.72,
            "roe_4q": 17.28,
            "gross_profit": 310378,
            "gross_margin": 26.43,
            "gross_margin_4q_avg": 31.76,
            "net_income": 74908,
            "revenue": 1174518,
            "common_shares": 625612,
            "book_valuer_per_share": 65.01,
            "book_valuer_per_share_4q_avg": 69.15,
            "equity": 4066898,
            "current_ratio": 213.21,
            "debt_ratio": 54.1,
            "inventory_turnover_ratio": 1.63,
            "account_receivable_turnover_ratio": 0.81,
            "reinvestment_rate": 8.08,
            "research_to_sale_ratio": 2.02,
            "price_fair": 319.55,
            "eps_avg_yearly": 9.13,
            "eps_latest_yearly": 4.8,
            "eps_growth_yearly": 134.76
        },
        "20213": {
            "year_quarter": 20213,
            "year": 2021,
            "quarter": 3,
            "eps": 2.26,
            "eps_growth_year": -41.75,
            "eps_4q": 10.12,
            "eps_4q_growth_year": 3.22,
            "roe": 3.41,
            "roe_4q": 14.68,
            "gross_profit": 287181,
            "gross_margin": 27.04,
            "gross_margin_4q_avg": 30.01,
            "net_income": 141348,
            "revenue": 1061990,
            "common_shares": 625612,
            "book_valuer_per_share": 66.64,
            "book_valuer_per_share_4q_avg": 69.34,
            "equity": 4214268,
            "current_ratio": 218.21,
            "debt_ratio": 51.83,
            "inventory_turnover_ratio": 1.51,
            "account_receivable_turnover_ratio": 0.83,
            "reinvestment_rate": 3.72,
            "research_to_sale_ratio": 2.1,
            "price_fair": 326.43,
            "eps_avg_yearly": 9.33,
            "eps_latest_yearly": 9.04,
            "eps_growth_yearly": 154.05
        },
        "20214": {
            "year_quarter": 20214,
            "year": 2021,
            "quarter": 4,
            "eps": 2.75,
            "eps_growth_year": -16.1,
            "eps_4q": 9.68,
            "eps_4q_growth_year": -15.8,
            "roe": 4,
            "roe_4q": 13.91,
            "gross_profit": 336361,
            "gross_margin": 28.31,
            "gross_margin_4q_avg": 28.12,
            "net_income": 172553,
            "revenue": 1188311,
            "common_shares": 626712,
            "book_valuer_per_share": 70.46,
            "book_valuer_per_share_4q_avg": 69.12,
            "equity": 4415699,
            "current_ratio": 212.47,
            "debt_ratio": 51.46,
            "inventory_turnover_ratio": 1.68,
            "account_receivable_turnover_ratio": 0.92,
            "reinvestment_rate": 4.62,
            "research_to_sale_ratio": 2.08,
            "price_fair": 344.63,
            "eps_avg_yearly": 9.85,
            "eps_latest_yearly": 11,
            "eps_growth_yearly": 170.85
        },
        "20221": {
            "year_quarter": 20221,
            "year": 2022,
            "quarter": 1,
            "eps": 2.28,
            "eps_growth_year": -34.67,
            "eps_4q": 8.48,
            "eps_4q_growth_year": -40.7,
            "roe": 3.14,
            "roe_4q": 12.270000000000001,
            "gross_profit": 225236,
            "gross_margin": 23.99,
            "gross_margin_4q_avg": 26.44,
            "net_income": 142948,
            "revenue": 938992,
            "common_shares": 626712,
            "book_valuer_per_share": 75,
            "book_valuer_per_share_4q_avg": 69.28,
            "equity": 4700811,
            "current_ratio": 225.68,
            "debt_ratio": 49.78,
            "inventory_turnover_ratio": 1.31,
            "account_receivable_turnover_ratio": 0.74,
            "reinvestment_rate": 2.73,
            "research_to_sale_ratio": 2.39,
            "price_fair": 342.68,
            "eps_avg_yearly": 9.79,
            "eps_latest_yearly": 9.12,
            "eps_growth_yearly": 152.45
        },
        "20222": {
            "year_quarter": 20222,
            "year": 2022,
            "quarter": 2,
            "eps": 2.96,
            "eps_growth_year": 146.67,
            "eps_4q": 10.25,
            "eps_4q_growth_year": -13.41,
            "roe": 4.13,
            "roe_4q": 14.68,
            "gross_profit": 149055,
            "gross_margin": 17.75,
            "gross_margin_4q_avg": 24.27,
            "net_income": 185424,
            "revenue": 839692,
            "common_shares": 626762,
            "book_valuer_per_share": 68.38,
            "book_valuer_per_share_4q_avg": 70.12,
            "equity": 4285695,
            "current_ratio": 193.36,
            "debt_ratio": 52.81,
            "inventory_turnover_ratio": 1.26,
            "account_receivable_turnover_ratio": 0.77,
            "reinvestment_rate": 1.04,
            "research_to_sale_ratio": 2.68,
            "price_fair": 347.8,
            "eps_avg_yearly": 9.94,
            "eps_latest_yearly": 11.84,
            "eps_growth_yearly": 150.08
        },
        "20223": {
            "year_quarter": 20223,
            "year": 2022,
            "quarter": 3,
            "eps": 5.52,
            "eps_growth_year": 144.25,
            "eps_4q": 13.44,
            "eps_4q_growth_year": 32.75,
            "roe": 7.73,
            "roe_4q": 19,
            "gross_profit": 279780,
            "gross_margin": 24.66,
            "gross_margin_4q_avg": 23.68,
            "net_income": 346154,
            "revenue": 1134395,
            "common_shares": 630482,
            "book_valuer_per_share": 74.1,
            "book_valuer_per_share_4q_avg": 71.99,
            "equity": 4671726,
            "current_ratio": 249.52,
            "debt_ratio": 49.8,
            "inventory_turnover_ratio": 1.61,
            "account_receivable_turnover_ratio": 0.96,
            "reinvestment_rate": 2.96,
            "research_to_sale_ratio": 2.51,
            "price_fair": 382.8,
            "eps_avg_yearly": 10.94,
            "eps_latest_yearly": 22.08,
            "eps_growth_yearly": 170.94
        },
        "20224": {
            "year_quarter": 20224,
            "year": 2022,
            "quarter": 4,
            "eps": 0.56,
            "eps_growth_year": -79.77,
            "eps_4q": 11.26,
            "eps_4q_growth_year": 16.27,
            "roe": 0.75,
            "roe_4q": 15.75,
            "gross_profit": 277598,
            "gross_margin": 27.35,
            "gross_margin_4q_avg": 23.44,
            "net_income": 35117,
            "revenue": 1014850,
            "common_shares": 630482,
            "book_valuer_per_share": 73.7,
            "book_valuer_per_share_4q_avg": 72.8,
            "equity": 4646377,
            "current_ratio": 256.24,
            "debt_ratio": 47.78,
            "inventory_turnover_ratio": 1.5,
            "account_receivable_turnover_ratio": 0.8,
            "reinvestment_rate": 0.83,
            "research_to_sale_ratio": 2.42,
            "price_fair": 373,
            "eps_avg_yearly": 10.66,
            "eps_latest_yearly": 2.24,
            "eps_growth_yearly": 152.06
        },
        "20231": {
            "year_quarter": 20231,
            "year": 2023,
            "quarter": 1,
            "eps": 0.28,
            "eps_growth_year": -87.72,
            "eps_4q": 9.26,
            "eps_4q_growth_year": 9.21,
            "roe": 0.37,
            "roe_4q": 12.98,
            "gross_profit": 123792,
            "gross_margin": 18.22,
            "gross_margin_4q_avg": 22,
            "net_income": 17266,
            "revenue": 679344,
            "common_shares": 630482,
            "book_valuer_per_share": 74.23,
            "book_valuer_per_share_4q_avg": 72.6,
            "equity": 4680058,
            "current_ratio": 271.37,
            "debt_ratio": 44.44,
            "inventory_turnover_ratio": 1.34,
            "account_receivable_turnover_ratio": 0.67,
            "reinvestment_rate": -0.34,
            "research_to_sale_ratio": 2.96,
            "price_fair": 350.75,
            "eps_avg_yearly": 10.02,
            "eps_latest_yearly": 1.12,
            "eps_growth_yearly": 128.59
        }
    },
    "months": {
        "2009-11": {
            "month": "2009-11",
            "price": "111.13",
            "revenue": 183659
        },
        "2009-12": {
            "month": "2009-12",
            "price": "116.17",
            "revenue": 188047
        },
        "2010-01": {
            "month": "2010-01",
            "price": "111.85",
            "revenue": 229217
        },
        "2010-02": {
            "month": "2010-02",
            "price": "112.85",
            "revenue": 148383
        },
        "2010-03": {
            "month": "2010-03",
            "price": "112.95",
            "revenue": 208632
        },
        "2010-04": {
            "month": "2010-04",
            "price": "121.47",
            "revenue": 229353
        },
        "2010-05": {
            "month": "2010-05",
            "price": "122.44",
            "revenue": 205212
        },
        "2010-06": {
            "month": "2010-06",
            "price": "121.94",
            "revenue": 181484
        },
        "2010-07": {
            "month": "2010-07",
            "price": "125.25",
            "revenue": 258461
        },
        "2010-08": {
            "month": "2010-08",
            "price": "120.66",
            "revenue": 240375
        },
        "2010-09": {
            "month": "2010-09",
            "price": "109.44",
            "revenue": 306209
        },
        "2010-10": {
            "month": "2010-10",
            "price": "108.30",
            "revenue": 227148
        },
        "2010-11": {
            "month": "2010-11",
            "price": "103.17",
            "revenue": 299545
        },
        "2010-12": {
            "month": "2010-12",
            "price": "99.42",
            "revenue": 374499
        },
        "2011-01": {
            "month": "2011-01",
            "price": "100.32",
            "revenue": 226638
        },
        "2011-02": {
            "month": "2011-02",
            "price": "99.28",
            "revenue": 202084
        },
        "2011-03": {
            "month": "2011-03",
            "price": "97.55",
            "revenue": 283204
        },
        "2011-04": {
            "month": "2011-04",
            "price": "97.03",
            "revenue": 200569
        },
        "2011-05": {
            "month": "2011-05",
            "price": "105.04",
            "revenue": 251674
        },
        "2011-06": {
            "month": "2011-06",
            "price": "99.93",
            "revenue": 294013
        },
        "2011-07": {
            "month": "2011-07",
            "price": "90.98",
            "revenue": 289635
        },
        "2011-08": {
            "month": "2011-08",
            "price": "81.56",
            "revenue": 237570
        },
        "2011-09": {
            "month": "2011-09",
            "price": "74.06",
            "revenue": 243589
        },
        "2011-10": {
            "month": "2011-10",
            "price": "56.64",
            "revenue": 308595
        },
        "2011-11": {
            "month": "2011-11",
            "price": "63.69",
            "revenue": 360060
        },
        "2011-12": {
            "month": "2011-12",
            "price": "58.73",
            "revenue": 325267
        },
        "2012-01": {
            "month": "2012-01",
            "price": "58.86",
            "revenue": 204768
        },
        "2012-02": {
            "month": "2012-02",
            "price": "74.48",
            "revenue": 187968
        },
        "2012-03": {
            "month": "2012-03",
            "price": "83.03",
            "revenue": 265585
        },
        "2012-04": {
            "month": "2012-04",
            "price": "72.06",
            "revenue": 441836
        },
        "2012-05": {
            "month": "2012-05",
            "price": "64.91",
            "revenue": 466914
        },
        "2012-06": {
            "month": "2012-06",
            "price": "60.94",
            "revenue": 433368
        },
        "2012-07": {
            "month": "2012-07",
            "price": "60.15",
            "revenue": 457380
        },
        "2012-08": {
            "month": "2012-08",
            "price": "60.99",
            "revenue": 509693
        },
        "2012-09": {
            "month": "2012-09",
            "price": "66.94",
            "revenue": 427818
        },
        "2012-10": {
            "month": "2012-10",
            "price": "60.01",
            "revenue": 420136
        },
        "2012-11": {
            "month": "2012-11",
            "price": "50.12",
            "revenue": 482267
        },
        "2012-12": {
            "month": "2012-12",
            "price": "50.01",
            "revenue": 428342
        },
        "2013-01": {
            "month": "2013-01",
            "price": "52.10",
            "revenue": 436049
        },
        "2013-02": {
            "month": "2013-02",
            "price": "52.26",
            "revenue": 290967
        },
        "2013-03": {
            "month": "2013-03",
            "price": "58.47",
            "revenue": 445122
        },
        "2013-04": {
            "month": "2013-04",
            "price": "60.65",
            "revenue": 357623
        },
        "2013-05": {
            "month": "2013-05",
            "price": "53.86",
            "revenue": 338916
        },
        "2013-06": {
            "month": "2013-06",
            "price": "49.77",
            "revenue": 368719
        },
        "2013-07": {
            "month": "2013-07",
            "price": "48.05",
            "revenue": 430605
        },
        "2013-08": {
            "month": "2013-08",
            "price": "43.79",
            "revenue": 491382
        },
        "2013-09": {
            "month": "2013-09",
            "price": "40.66",
            "revenue": 439271
        },
        "2013-10": {
            "month": "2013-10",
            "price": "41.38",
            "revenue": 415372
        },
        "2013-11": {
            "month": "2013-11",
            "price": "43.55",
            "revenue": 448748
        },
        "2013-12": {
            "month": "2013-12",
            "price": "52.05",
            "revenue": 437112
        },
        "2014-01": {
            "month": "2014-01",
            "price": "53.11",
            "revenue": 303433
        },
        "2014-02": {
            "month": "2014-02",
            "price": "47.80",
            "revenue": 208980
        },
        "2014-03": {
            "month": "2014-03",
            "price": "47.50",
            "revenue": 316428
        },
        "2014-04": {
            "month": "2014-04",
            "price": "46.90",
            "revenue": 302617
        },
        "2014-05": {
            "month": "2014-05",
            "price": "46.02",
            "revenue": 308738
        },
        "2014-06": {
            "month": "2014-06",
            "price": "48.72",
            "revenue": 322371
        },
        "2014-07": {
            "month": "2014-07",
            "price": "48.76",
            "revenue": 405318
        },
        "2014-08": {
            "month": "2014-08",
            "price": "48.75",
            "revenue": 331499
        },
        "2014-09": {
            "month": "2014-09",
            "price": "46.70",
            "revenue": 422473
        },
        "2014-10": {
            "month": "2014-10",
            "price": "42.35",
            "revenue": 376645
        },
        "2014-11": {
            "month": "2014-11",
            "price": "41.84",
            "revenue": 383550
        },
        "2014-12": {
            "month": "2014-12",
            "price": "42.24",
            "revenue": 396108
        },
        "2015-01": {
            "month": "2015-01",
            "price": "45.67",
            "revenue": 305322
        },
        "2015-02": {
            "month": "2015-02",
            "price": "45.59",
            "revenue": 214549
        },
        "2015-03": {
            "month": "2015-03",
            "price": "45.82",
            "revenue": 286000
        },
        "2015-04": {
            "month": "2015-04",
            "price": "46.02",
            "revenue": 343329
        },
        "2015-05": {
            "month": "2015-05",
            "price": "46.24",
            "revenue": 344195
        },
        "2015-06": {
            "month": "2015-06",
            "price": "43.85",
            "revenue": 383271
        },
        "2015-07": {
            "month": "2015-07",
            "price": "42.64",
            "revenue": 464181
        },
        "2015-08": {
            "month": "2015-08",
            "price": "35.92",
            "revenue": 422160
        },
        "2015-09": {
            "month": "2015-09",
            "price": "36.62",
            "revenue": 429807
        },
        "2015-10": {
            "month": "2015-10",
            "price": "41.12",
            "revenue": 423180
        },
        "2015-11": {
            "month": "2015-11",
            "price": "43.84",
            "revenue": 419548
        },
        "2015-12": {
            "month": "2015-12",
            "price": "43.00",
            "revenue": 362817
        },
        "2016-01": {
            "month": "2016-01",
            "price": "40.79",
            "revenue": 325940
        },
        "2016-02": {
            "month": "2016-02",
            "price": "41.89",
            "revenue": 226139
        },
        "2016-03": {
            "month": "2016-03",
            "price": "47.46",
            "revenue": 353014
        },
        "2016-04": {
            "month": "2016-04",
            "price": "48.49",
            "revenue": 317370
        },
        "2016-05": {
            "month": "2016-05",
            "price": "49.78",
            "revenue": 342647
        },
        "2016-06": {
            "month": "2016-06",
            "price": "53.32",
            "revenue": 336539
        },
        "2016-07": {
            "month": "2016-07",
            "price": "52.98",
            "revenue": 350678
        },
        "2016-08": {
            "month": "2016-08",
            "price": "68.80",
            "revenue": 402271
        },
        "2016-09": {
            "month": "2016-09",
            "price": "74.96",
            "revenue": 379272
        },
        "2016-10": {
            "month": "2016-10",
            "price": "74.64",
            "revenue": 355547
        },
        "2016-11": {
            "month": "2016-11",
            "price": "73.78",
            "revenue": 399660
        },
        "2016-12": {
            "month": "2016-12",
            "price": "69.30",
            "revenue": 347868
        },
        "2017-01": {
            "month": "2017-01",
            "price": "71.76",
            "revenue": 274329
        },
        "2017-02": {
            "month": "2017-02",
            "price": "74.42",
            "revenue": 271673
        },
        "2017-03": {
            "month": "2017-03",
            "price": "85.29",
            "revenue": 319574
        },
        "2017-04": {
            "month": "2017-04",
            "price": "81.59",
            "revenue": 280511
        },
        "2017-05": {
            "month": "2017-05",
            "price": "91.80",
            "revenue": 312915
        },
        "2017-06": {
            "month": "2017-06",
            "price": "90.87",
            "revenue": 383647
        },
        "2017-07": {
            "month": "2017-07",
            "price": "88.71",
            "revenue": 374498
        },
        "2017-08": {
            "month": "2017-08",
            "price": "73.00",
            "revenue": 375255
        },
        "2017-09": {
            "month": "2017-09",
            "price": "70.98",
            "revenue": 386844
        },
        "2017-10": {
            "month": "2017-10",
            "price": "70.78",
            "revenue": 391155
        },
        "2017-11": {
            "month": "2017-11",
            "price": "70.12",
            "revenue": 350166
        },
        "2017-12": {
            "month": "2017-12",
            "price": "73.59",
            "revenue": 298941
        },
        "2018-01": {
            "month": "2018-01",
            "price": "71.65",
            "revenue": 358809
        },
        "2018-02": {
            "month": "2018-02",
            "price": "70.59",
            "revenue": 175660
        },
        "2018-03": {
            "month": "2018-03",
            "price": "77.75",
            "revenue": 287751
        },
        "2018-04": {
            "month": "2018-04",
            "price": "82.96",
            "revenue": 310629
        },
        "2018-05": {
            "month": "2018-05",
            "price": "77.25",
            "revenue": 367176
        },
        "2018-06": {
            "month": "2018-06",
            "price": "79.02",
            "revenue": 360088
        },
        "2018-07": {
            "month": "2018-07",
            "price": "73.77",
            "revenue": 448787
        },
        "2018-08": {
            "month": "2018-08",
            "price": "69.15",
            "revenue": 405953
        },
        "2018-09": {
            "month": "2018-09",
            "price": "71.81",
            "revenue": 374565
        },
        "2018-10": {
            "month": "2018-10",
            "price": "60.98",
            "revenue": 374719
        },
        "2018-11": {
            "month": "2018-11",
            "price": "54.79",
            "revenue": 421046
        },
        "2018-12": {
            "month": "2018-12",
            "price": "56.04",
            "revenue": 333659
        },
        "2019-01": {
            "month": "2019-01",
            "price": "57.04",
            "revenue": 265023
        },
        "2019-02": {
            "month": "2019-02",
            "price": "58.59",
            "revenue": 123921
        },
        "2019-03": {
            "month": "2019-03",
            "price": "56.73",
            "revenue": 249074
        },
        "2019-04": {
            "month": "2019-04",
            "price": "55.18",
            "revenue": 365957
        },
        "2019-05": {
            "month": "2019-05",
            "price": "49.89",
            "revenue": 347381
        },
        "2019-06": {
            "month": "2019-06",
            "price": "48.23",
            "revenue": 298440
        },
        "2019-07": {
            "month": "2019-07",
            "price": "46.94",
            "revenue": 361273
        },
        "2019-08": {
            "month": "2019-08",
            "price": "44.34",
            "revenue": 340912
        },
        "2019-09": {
            "month": "2019-09",
            "price": "47.24",
            "revenue": 371631
        },
        "2019-10": {
            "month": "2019-10",
            "price": "48.81",
            "revenue": 382475
        },
        "2019-11": {
            "month": "2019-11",
            "price": "65.30",
            "revenue": 440622
        },
        "2019-12": {
            "month": "2019-12",
            "price": "66.17",
            "revenue": 410435
        },
        "2020-01": {
            "month": "2020-01",
            "price": "69.07",
            "revenue": 248990
        },
        "2020-02": {
            "month": "2020-02",
            "price": "61.22",
            "revenue": 105297
        },
        "2020-03": {
            "month": "2020-03",
            "price": "51.92",
            "revenue": 270731
        },
        "2020-04": {
            "month": "2020-04",
            "price": "55.38",
            "revenue": 408510
        },
        "2020-05": {
            "month": "2020-05",
            "price": "61.10",
            "revenue": 325881
        },
        "2020-06": {
            "month": "2020-06",
            "price": "64.06",
            "revenue": 372543
        },
        "2020-07": {
            "month": "2020-07",
            "price": "65.51",
            "revenue": 446719
        },
        "2020-08": {
            "month": "2020-08",
            "price": "89.98",
            "revenue": 505408
        },
        "2020-09": {
            "month": "2020-09",
            "price": "96.57",
            "revenue": 537464
        },
        "2020-10": {
            "month": "2020-10",
            "price": "105.37",
            "revenue": 484805
        },
        "2020-11": {
            "month": "2020-11",
            "price": "110.67",
            "revenue": 535551
        },
        "2020-12": {
            "month": "2020-12",
            "price": "114.02",
            "revenue": 566362
        },
        "2021-01": {
            "month": "2021-01",
            "price": "105.82",
            "revenue": 595023
        },
        "2021-02": {
            "month": "2021-02",
            "price": "113.38",
            "revenue": 424740
        },
        "2021-03": {
            "month": "2021-03",
            "price": "153.23",
            "revenue": 384528
        },
        "2021-04": {
            "month": "2021-04",
            "price": "144.11",
            "revenue": 402258
        },
        "2021-05": {
            "month": "2021-05",
            "price": "133.29",
            "revenue": 413468
        },
        "2021-06": {
            "month": "2021-06",
            "price": "134.93",
            "revenue": 358792
        },
        "2021-07": {
            "month": "2021-07",
            "price": "120.23",
            "revenue": 345003
        },
        "2021-08": {
            "month": "2021-08",
            "price": "92.57",
            "revenue": 367646
        },
        "2021-09": {
            "month": "2021-09",
            "price": "82.14",
            "revenue": 349341
        },
        "2021-10": {
            "month": "2021-10",
            "price": "77.44",
            "revenue": 378952
        },
        "2021-11": {
            "month": "2021-11",
            "price": "84.26",
            "revenue": 419352
        },
        "2021-12": {
            "month": "2021-12",
            "price": "88.58",
            "revenue": 390007
        },
        "2022-01": {
            "month": "2022-01",
            "price": "87.07",
            "revenue": 378456
        },
        "2022-02": {
            "month": "2022-02",
            "price": "88.17",
            "revenue": 231524
        },
        "2022-03": {
            "month": "2022-03",
            "price": "87.95",
            "revenue": 329012
        },
        "2022-04": {
            "month": "2022-04",
            "price": "85.26",
            "revenue": 141354
        },
        "2022-05": {
            "month": "2022-05",
            "price": "86.16",
            "revenue": 334864
        },
        "2022-06": {
            "month": "2022-06",
            "price": "81.30",
            "revenue": 363474
        },
        "2022-07": {
            "month": "2022-07",
            "price": "71.68",
            "revenue": 402394
        },
        "2022-08": {
            "month": "2022-08",
            "price": "82.97",
            "revenue": 414153
        },
        "2022-09": {
            "month": "2022-09",
            "price": "85.24",
            "revenue": 317848
        },
        "2022-10": {
            "month": "2022-10",
            "price": "81.13",
            "revenue": 381278
        },
        "2022-11": {
            "month": "2022-11",
            "price": "91.83",
            "revenue": 344169
        },
        "2022-12": {
            "month": "2022-12",
            "price": "92.97",
            "revenue": 289403
        },
        "2023-01": {
            "month": "2023-01",
            "price": "94.47",
            "revenue": 181885
        },
        "2023-02": {
            "month": "2023-02",
            "price": "95.19",
            "revenue": 214221
        },
        "2023-03": {
            "month": "2023-03",
            "price": "93.68",
            "revenue": 283238
        },
        "2023-04": {
            "month": "2023-04",
            "price": "89.63",
            "revenue": 310241
        }
    }
}
