{
    "summary": {
        "stock_name": "家登",
        "stock_id": "3680",
        "category": "半導體",
        "main_business": "光罩解決方案產品<br>晶圓解決方案產品<br>機台設備產品",
        "website_url": "http://www.gudeng.com",
        "ceo": "林添瑞",
        "pe_ratio": 27,
        "report_year_from": 2009,
        "report_year_to": 2023,
        "age": 14,
        "eps_negative_percentage": 29,
        "eps_growth_avg": {
            "last_all": 32.58,
            "last_2y": 53.26,
            "last_4y": 57.79,
            "last_8y": 40.68,
            "last_12y": 32.58,
            "last_16y": null,
            "last_20y": null,
            "at_2006_last_3y": null,
            "at_2007_last_3y": null,
            "at_2008_last_3y": null,
            "at_2009_last_3y": null,
            "at_2010_last_3y": null,
            "at_2011_last_3y": null,
            "at_2012_last_3y": null,
            "at_2013_last_3y": 8.25,
            "at_2014_last_3y": 29.33,
            "at_2015_last_3y": -12.01,
            "at_2016_last_3y": 9.08,
            "at_2017_last_3y": 19.3,
            "at_2018_last_3y": 3.45,
            "at_2019_last_3y": 44.79,
            "at_2020_last_3y": 43.7,
            "at_2021_last_3y": 47.24,
            "at_2022_last_3y": 64.94,
            "at_2023_last_3y": 64.94,
            "at_2006_last_all": null,
            "at_2007_last_all": null,
            "at_2008_last_all": null,
            "at_2009_last_all": null,
            "at_2010_last_all": null,
            "at_2011_last_all": 100,
            "at_2012_last_all": 57.81,
            "at_2013_last_all": 8.25,
            "at_2014_last_all": 29.33,
            "at_2015_last_all": 10.39,
            "at_2016_last_all": 25.33,
            "at_2017_last_all": 14.56,
            "at_2018_last_all": 16.39,
            "at_2019_last_all": 25.68,
            "at_2020_last_all": 32.68,
            "at_2021_last_all": 26.45,
            "at_2022_last_all": 32.58,
            "at_2023_last_all": 32.58
        },
        "latest_eps": 12.41,
        "latest_price": 340.5,
        "latest_roe": 22.2,
        "latest_gross_margin": 50.23,
        "latest_equity": 6050589,
        "latest_revenue": 1441083,
        "latest_gross_profit": 723915,
        "latest_net_income": 363556,
        "latest_debt_ratio": 55.53,
        "latest_current_ratio": 191.1,
        "latest_account_receivable_turnover_ratio": 1.14,
        "latest_inventory_turnover_ratio": 0.43,
        "latest_reinvestment_rate": 183.16,
        "latest_research_to_sale_ratio": 5.19
    },
    "eps_dividends": {
        "2001": {
            "cash": 0,
            "stock": 0,
            "eps": 0
        },
        "2002": {
            "cash": 0,
            "stock": 0,
            "eps": 0
        },
        "2003": {
            "cash": 0,
            "stock": 0,
            "eps": 0
        },
        "2004": {
            "cash": 0,
            "stock": 0,
            "eps": 0
        },
        "2005": {
            "cash": 0,
            "stock": 0,
            "eps": 0
        },
        "2006": {
            "cash": 0,
            "stock": 0,
            "eps": 0
        },
        "2007": {
            "cash": 0,
            "stock": 0,
            "eps": 0
        },
        "2008": {
            "cash": 0,
            "stock": 0,
            "eps": 0
        },
        "2009": {
            "cash": 0,
            "stock": 0,
            "eps": -0.9
        },
        "2010": {
            "cash": 0,
            "stock": 2,
            "eps": 0.63
        },
        "2011": {
            "cash": 0,
            "stock": 2,
            "eps": 2.56
        },
        "2012": {
            "cash": 1,
            "stock": 2,
            "eps": 2.96
        },
        "2013": {
            "cash": 1,
            "stock": 2,
            "eps": 0.27
        },
        "2014": {
            "cash": 1,
            "stock": 0,
            "eps": 0.52
        },
        "2015": {
            "cash": 1,
            "stock": 0,
            "eps": 0.18
        },
        "2016": {
            "cash": 1,
            "stock": 0,
            "eps": 0.48
        },
        "2017": {
            "cash": 0,
            "stock": 0,
            "eps": 0.24
        },
        "2018": {
            "cash": 0,
            "stock": 0,
            "eps": 0.31
        },
        "2019": {
            "cash": 0,
            "stock": 0,
            "eps": 3.22
        },
        "2020": {
            "cash": 2,
            "stock": 0,
            "eps": 6.3
        },
        "2021": {
            "cash": 5,
            "stock": 0,
            "eps": 4.04
        },
        "2022": {
            "cash": 3,
            "stock": 0,
            "eps": 11.11
        },
        "2023": {
            "cash": 8,
            "stock": 0,
            "eps": 3.94
        }
    },
    "dividends": {
        "2009-03-26": {
            "cash": 0.3,
            "stock": 0.12
        },
        "2010-03-12": {
            "cash": 0.3,
            "stock": 1.5
        },
        "2011-02-22": {
            "cash": 0.3,
            "stock": 1.7
        },
        "2012-05-25": {
            "cash": 0.5,
            "stock": 1.5
        },
        "2013-05-31": {
            "cash": 0.5,
            "stock": 1.5
        },
        "2014-08-08": {
            "cash": 0.5,
            "stock": 0
        },
        "2015-08-14": {
            "cash": 0.5,
            "stock": 0
        },
        "2016-09-09": {
            "cash": 0.5,
            "stock": 0
        },
        "2017-09-28": {
            "cash": 0.4,
            "stock": 0
        },
        "2018-09-07": {
            "cash": 0.25,
            "stock": 0
        },
        "2019-09-11": {
            "cash": 0.25,
            "stock": 0
        },
        "2020-04-10": {
            "cash": 0.95,
            "stock": 0
        },
        "2020-09-11": {
            "cash": 1.1,
            "stock": 0
        },
        "2021-04-09": {
            "cash": 1.36,
            "stock": 0
        },
        "2021-07-23": {
            "cash": 3.5,
            "stock": 0
        },
        "2022-01-21": {
            "cash": 0.8,
            "stock": 0
        },
        "2022-07-08": {
            "cash": 2,
            "stock": 0
        },
        "2023-01-06": {
            "cash": 4,
            "stock": 0
        },
        "2023-03-29": {
            "cash": 4,
            "stock": 0
        }
    },
    "prices": {
        "200101": "無",
        "200102": "無",
        "200103": "無",
        "200104": "無",
        "200105": "無",
        "200106": "無",
        "200107": "無",
        "200108": "無",
        "200109": "無",
        "200110": "無",
        "200111": "無",
        "200112": "無",
        "200201": "無",
        "200202": "無",
        "200203": "無",
        "200204": "無",
        "200205": "無",
        "200206": "無",
        "200207": "無",
        "200208": "無",
        "200209": "無",
        "200210": "無",
        "200211": "無",
        "200212": "無",
        "200301": "無",
        "200302": "無",
        "200303": "無",
        "200304": "無",
        "200305": "無",
        "200306": "無",
        "200307": "無",
        "200308": "無",
        "200309": "無",
        "200310": "無",
        "200311": "無",
        "200312": "無",
        "200401": "無",
        "200402": "無",
        "200403": "無",
        "200404": "無",
        "200405": "無",
        "200406": "無",
        "200407": "無",
        "200408": "無",
        "200409": "無",
        "200410": "無",
        "200411": "無",
        "200412": "無",
        "200501": "無",
        "200502": "無",
        "200503": "無",
        "200504": "無",
        "200505": "無",
        "200506": "無",
        "200507": "無",
        "200508": "無",
        "200509": "無",
        "200510": "無",
        "200511": "無",
        "200512": "無",
        "200601": "無",
        "200602": "無",
        "200603": "無",
        "200604": "無",
        "200605": "無",
        "200606": "無",
        "200607": "無",
        "200608": "無",
        "200609": "無",
        "200610": "無",
        "200611": "無",
        "200612": "無",
        "200701": "無",
        "200702": "無",
        "200703": "無",
        "200704": "無",
        "200705": "無",
        "200706": "無",
        "200707": "無",
        "200708": "無",
        "200709": "無",
        "200710": "無",
        "200711": "無",
        "200712": "無",
        "200801": "無",
        "200802": "無",
        "200803": "無",
        "200804": "無",
        "200805": "無",
        "200806": "無",
        "200807": "無",
        "200808": "無",
        "200809": "無",
        "200810": "無",
        "200811": "無",
        "200812": "無",
        "200901": "無",
        "200902": "無",
        "200903": "無",
        "200904": "無",
        "200905": "無",
        "200906": "無",
        "200907": "無",
        "200908": "無",
        "200909": "無",
        "200910": "39.87",
        "200911": "41.47",
        "200912": "48.64",
        "201001": "49.28",
        "201002": "49.64",
        "201003": "56.50",
        "201004": "69.65",
        "201005": "70.45",
        "201006": "65.09",
        "201007": "63.53",
        "201008": "65.70",
        "201009": "72.83",
        "201010": "55.91",
        "201011": "55.56",
        "201012": "50.68",
        "201101": "50.85",
        "201102": "53.83",
        "201103": "59.63",
        "201104": "62.08",
        "201105": "57.78",
        "201106": "51.83",
        "201107": "47.58",
        "201108": "36.00",
        "201109": "39.68",
        "201110": "40.24",
        "201111": "35.65",
        "201112": "33.83",
        "201201": "35.50",
        "201202": "41.60",
        "201203": "61.08",
        "201204": "65.13",
        "201205": "59.04",
        "201206": "54.13",
        "201207": "60.62",
        "201208": "62.83",
        "201209": "59.34",
        "201210": "65.14",
        "201211": "62.58",
        "201212": "67.82",
        "201301": "72.39",
        "201302": "84.12",
        "201303": "85.30",
        "201304": "78.38",
        "201305": "72.40",
        "201306": "63.19",
        "201307": "58.69",
        "201308": "48.54",
        "201309": "47.61",
        "201310": "50.83",
        "201311": "49.97",
        "201312": "50.96",
        "201401": "54.93",
        "201402": "53.65",
        "201403": "59.02",
        "201404": "58.19",
        "201405": "51.65",
        "201406": "50.32",
        "201407": "48.38",
        "201408": "42.08",
        "201409": "45.17",
        "201410": "43.80",
        "201411": "41.63",
        "201412": "47.12",
        "201501": "52.61",
        "201502": "50.75",
        "201503": "50.24",
        "201504": "46.81",
        "201505": "41.85",
        "201506": "38.78",
        "201507": "37.31",
        "201508": "29.65",
        "201509": "30.28",
        "201510": "31.83",
        "201511": "29.91",
        "201512": "29.92",
        "201601": "27.94",
        "201602": "29.83",
        "201603": "34.35",
        "201604": "32.53",
        "201605": "28.70",
        "201606": "31.31",
        "201607": "32.34",
        "201608": "31.40",
        "201609": "31.03",
        "201610": "30.92",
        "201611": "29.89",
        "201612": "32.86",
        "201701": "33.70",
        "201702": "33.62",
        "201703": "36.96",
        "201704": "34.85",
        "201705": "34.34",
        "201706": "33.95",
        "201707": "33.76",
        "201708": "32.31",
        "201709": "34.81",
        "201710": "36.30",
        "201711": "37.47",
        "201712": "39.86",
        "201801": "39.64",
        "201802": "37.05",
        "201803": "36.44",
        "201804": "37.16",
        "201805": "36.08",
        "201806": "35.39",
        "201807": "33.89",
        "201808": "33.16",
        "201809": "32.43",
        "201810": "30.05",
        "201811": "30.63",
        "201812": "32.60",
        "201901": "32.90",
        "201902": "33.72",
        "201903": "33.01",
        "201904": "32.64",
        "201905": "34.73",
        "201906": "37.56",
        "201907": "51.81",
        "201908": "73.36",
        "201909": "82.06",
        "201910": "116.82",
        "201911": "131.69",
        "201912": "178.16",
        "202001": "183.60",
        "202002": "174.11",
        "202003": "134.22",
        "202004": "142.42",
        "202005": "196.28",
        "202006": "231.40",
        "202007": "292.63",
        "202008": "269.62",
        "202009": "263.89",
        "202010": "279.08",
        "202011": "279.64",
        "202012": "273.30",
        "202101": "310.12",
        "202102": "347.85",
        "202103": "322.23",
        "202104": "340.92",
        "202105": "259.81",
        "202106": "277.36",
        "202107": "280.41",
        "202108": "250.30",
        "202109": "234.42",
        "202110": "232.30",
        "202111": "259.93",
        "202112": "315.18",
        "202201": "290.78",
        "202202": "261.20",
        "202203": "247.04",
        "202204": "225.39",
        "202205": "226.31",
        "202206": "234.64",
        "202207": "200.95",
        "202208": "257.57",
        "202209": "280.74",
        "202210": "231.22",
        "202211": "231.27",
        "202212": "257.93",
        "202301": "276.08",
        "202302": "287.94",
        "202303": "334.28",
        "202304": "352.82",
        "202305": "341.32"
    },
    "quarters": {
        "20011": {
            "year_quarter": 20011,
            "year": 2001,
            "quarter": 1,
            "eps": null,
            "eps_growth_year": null,
            "eps_4q": null,
            "eps_4q_growth_year": null,
            "roe": null,
            "gross_profit": null,
            "gross_margin": null,
            "net_income": null,
            "revenue": null,
            "common_shares": null,
            "equity": null,
            "current_ratio": null,
            "debt_ratio": null,
            "inventory_turnover_ratio": null,
            "account_receivable_turnover_ratio": null,
            "reinvestment_rate": null,
            "research_to_sale_ratio": null,
            "price_fair": 0,
            "eps_avg_yearly": 0,
            "eps_latest_yearly": 0,
            "eps_growth_yearly": 0
        },
        "20012": {
            "year_quarter": 20012,
            "year": 2001,
            "quarter": 2,
            "eps": null,
            "eps_growth_year": null,
            "eps_4q": null,
            "eps_4q_growth_year": null,
            "roe": null,
            "gross_profit": null,
            "gross_margin": null,
            "net_income": null,
            "revenue": null,
            "common_shares": null,
            "equity": null,
            "current_ratio": null,
            "debt_ratio": null,
            "inventory_turnover_ratio": null,
            "account_receivable_turnover_ratio": null,
            "reinvestment_rate": null,
            "research_to_sale_ratio": null,
            "price_fair": 0,
            "eps_avg_yearly": 0,
            "eps_latest_yearly": 0,
            "eps_growth_yearly": 0
        },
        "20013": {
            "year_quarter": 20013,
            "year": 2001,
            "quarter": 3,
            "eps": null,
            "eps_growth_year": null,
            "eps_4q": null,
            "eps_4q_growth_year": null,
            "roe": null,
            "gross_profit": null,
            "gross_margin": null,
            "net_income": null,
            "revenue": null,
            "common_shares": null,
            "equity": null,
            "current_ratio": null,
            "debt_ratio": null,
            "inventory_turnover_ratio": null,
            "account_receivable_turnover_ratio": null,
            "reinvestment_rate": null,
            "research_to_sale_ratio": null,
            "price_fair": 0,
            "eps_avg_yearly": 0,
            "eps_latest_yearly": 0,
            "eps_growth_yearly": 0
        },
        "20014": {
            "year_quarter": 20014,
            "year": 2001,
            "quarter": 4,
            "eps": null,
            "eps_growth_year": null,
            "eps_4q": null,
            "eps_4q_growth_year": null,
            "roe": null,
            "gross_profit": null,
            "gross_margin": null,
            "net_income": null,
            "revenue": null,
            "common_shares": null,
            "equity": null,
            "current_ratio": null,
            "debt_ratio": null,
            "inventory_turnover_ratio": null,
            "account_receivable_turnover_ratio": null,
            "reinvestment_rate": null,
            "research_to_sale_ratio": null,
            "price_fair": 0,
            "eps_avg_yearly": 0,
            "eps_latest_yearly": 0,
            "eps_growth_yearly": 0
        },
        "20021": {
            "year_quarter": 20021,
            "year": 2002,
            "quarter": 1,
            "eps": null,
            "eps_growth_year": null,
            "eps_4q": null,
            "eps_4q_growth_year": null,
            "roe": null,
            "gross_profit": null,
            "gross_margin": null,
            "net_income": null,
            "revenue": null,
            "common_shares": null,
            "equity": null,
            "current_ratio": null,
            "debt_ratio": null,
            "inventory_turnover_ratio": null,
            "account_receivable_turnover_ratio": null,
            "reinvestment_rate": null,
            "research_to_sale_ratio": null,
            "price_fair": 0,
            "eps_avg_yearly": 0,
            "eps_latest_yearly": 0,
            "eps_growth_yearly": 0
        },
        "20022": {
            "year_quarter": 20022,
            "year": 2002,
            "quarter": 2,
            "eps": null,
            "eps_growth_year": null,
            "eps_4q": null,
            "eps_4q_growth_year": null,
            "roe": null,
            "gross_profit": null,
            "gross_margin": null,
            "net_income": null,
            "revenue": null,
            "common_shares": null,
            "equity": null,
            "current_ratio": null,
            "debt_ratio": null,
            "inventory_turnover_ratio": null,
            "account_receivable_turnover_ratio": null,
            "reinvestment_rate": null,
            "research_to_sale_ratio": null,
            "price_fair": 0,
            "eps_avg_yearly": 0,
            "eps_latest_yearly": 0,
            "eps_growth_yearly": 0
        },
        "20023": {
            "year_quarter": 20023,
            "year": 2002,
            "quarter": 3,
            "eps": null,
            "eps_growth_year": null,
            "eps_4q": null,
            "eps_4q_growth_year": null,
            "roe": null,
            "gross_profit": null,
            "gross_margin": null,
            "net_income": null,
            "revenue": null,
            "common_shares": null,
            "equity": null,
            "current_ratio": null,
            "debt_ratio": null,
            "inventory_turnover_ratio": null,
            "account_receivable_turnover_ratio": null,
            "reinvestment_rate": null,
            "research_to_sale_ratio": null,
            "price_fair": 0,
            "eps_avg_yearly": 0,
            "eps_latest_yearly": 0,
            "eps_growth_yearly": 0
        },
        "20024": {
            "year_quarter": 20024,
            "year": 2002,
            "quarter": 4,
            "eps": null,
            "eps_growth_year": null,
            "eps_4q": null,
            "eps_4q_growth_year": null,
            "roe": null,
            "gross_profit": null,
            "gross_margin": null,
            "net_income": null,
            "revenue": null,
            "common_shares": null,
            "equity": null,
            "current_ratio": null,
            "debt_ratio": null,
            "inventory_turnover_ratio": null,
            "account_receivable_turnover_ratio": null,
            "reinvestment_rate": null,
            "research_to_sale_ratio": null,
            "price_fair": 0,
            "eps_avg_yearly": 0,
            "eps_latest_yearly": 0,
            "eps_growth_yearly": 0
        },
        "20031": {
            "year_quarter": 20031,
            "year": 2003,
            "quarter": 1,
            "eps": null,
            "eps_growth_year": null,
            "eps_4q": null,
            "eps_4q_growth_year": null,
            "roe": null,
            "gross_profit": null,
            "gross_margin": null,
            "net_income": null,
            "revenue": null,
            "common_shares": null,
            "equity": null,
            "current_ratio": null,
            "debt_ratio": null,
            "inventory_turnover_ratio": null,
            "account_receivable_turnover_ratio": null,
            "reinvestment_rate": null,
            "research_to_sale_ratio": null,
            "price_fair": 0,
            "eps_avg_yearly": 0,
            "eps_latest_yearly": 0,
            "eps_growth_yearly": 0
        },
        "20032": {
            "year_quarter": 20032,
            "year": 2003,
            "quarter": 2,
            "eps": null,
            "eps_growth_year": null,
            "eps_4q": null,
            "eps_4q_growth_year": null,
            "roe": null,
            "gross_profit": null,
            "gross_margin": null,
            "net_income": null,
            "revenue": null,
            "common_shares": null,
            "equity": null,
            "current_ratio": null,
            "debt_ratio": null,
            "inventory_turnover_ratio": null,
            "account_receivable_turnover_ratio": null,
            "reinvestment_rate": null,
            "research_to_sale_ratio": null,
            "price_fair": 0,
            "eps_avg_yearly": 0,
            "eps_latest_yearly": 0,
            "eps_growth_yearly": 0
        },
        "20033": {
            "year_quarter": 20033,
            "year": 2003,
            "quarter": 3,
            "eps": null,
            "eps_growth_year": null,
            "eps_4q": null,
            "eps_4q_growth_year": null,
            "roe": null,
            "gross_profit": null,
            "gross_margin": null,
            "net_income": null,
            "revenue": null,
            "common_shares": null,
            "equity": null,
            "current_ratio": null,
            "debt_ratio": null,
            "inventory_turnover_ratio": null,
            "account_receivable_turnover_ratio": null,
            "reinvestment_rate": null,
            "research_to_sale_ratio": null,
            "price_fair": 0,
            "eps_avg_yearly": 0,
            "eps_latest_yearly": 0,
            "eps_growth_yearly": 0
        },
        "20034": {
            "year_quarter": 20034,
            "year": 2003,
            "quarter": 4,
            "eps": null,
            "eps_growth_year": null,
            "eps_4q": null,
            "eps_4q_growth_year": null,
            "roe": null,
            "gross_profit": null,
            "gross_margin": null,
            "net_income": null,
            "revenue": null,
            "common_shares": null,
            "equity": null,
            "current_ratio": null,
            "debt_ratio": null,
            "inventory_turnover_ratio": null,
            "account_receivable_turnover_ratio": null,
            "reinvestment_rate": null,
            "research_to_sale_ratio": null,
            "price_fair": 0,
            "eps_avg_yearly": 0,
            "eps_latest_yearly": 0,
            "eps_growth_yearly": 0
        },
        "20041": {
            "year_quarter": 20041,
            "year": 2004,
            "quarter": 1,
            "eps": null,
            "eps_growth_year": null,
            "eps_4q": null,
            "eps_4q_growth_year": null,
            "roe": null,
            "gross_profit": null,
            "gross_margin": null,
            "net_income": null,
            "revenue": null,
            "common_shares": null,
            "equity": null,
            "current_ratio": null,
            "debt_ratio": null,
            "inventory_turnover_ratio": null,
            "account_receivable_turnover_ratio": null,
            "reinvestment_rate": null,
            "research_to_sale_ratio": null,
            "price_fair": 0,
            "eps_avg_yearly": 0,
            "eps_latest_yearly": 0,
            "eps_growth_yearly": 0
        },
        "20042": {
            "year_quarter": 20042,
            "year": 2004,
            "quarter": 2,
            "eps": null,
            "eps_growth_year": null,
            "eps_4q": null,
            "eps_4q_growth_year": null,
            "roe": null,
            "gross_profit": null,
            "gross_margin": null,
            "net_income": null,
            "revenue": null,
            "common_shares": null,
            "equity": null,
            "current_ratio": null,
            "debt_ratio": null,
            "inventory_turnover_ratio": null,
            "account_receivable_turnover_ratio": null,
            "reinvestment_rate": null,
            "research_to_sale_ratio": null,
            "price_fair": 0,
            "eps_avg_yearly": 0,
            "eps_latest_yearly": 0,
            "eps_growth_yearly": 0
        },
        "20043": {
            "year_quarter": 20043,
            "year": 2004,
            "quarter": 3,
            "eps": null,
            "eps_growth_year": null,
            "eps_4q": null,
            "eps_4q_growth_year": null,
            "roe": null,
            "gross_profit": null,
            "gross_margin": null,
            "net_income": null,
            "revenue": null,
            "common_shares": null,
            "equity": null,
            "current_ratio": null,
            "debt_ratio": null,
            "inventory_turnover_ratio": null,
            "account_receivable_turnover_ratio": null,
            "reinvestment_rate": null,
            "research_to_sale_ratio": null,
            "price_fair": 0,
            "eps_avg_yearly": 0,
            "eps_latest_yearly": 0,
            "eps_growth_yearly": 0
        },
        "20044": {
            "year_quarter": 20044,
            "year": 2004,
            "quarter": 4,
            "eps": null,
            "eps_growth_year": null,
            "eps_4q": null,
            "eps_4q_growth_year": null,
            "roe": null,
            "gross_profit": null,
            "gross_margin": null,
            "net_income": null,
            "revenue": null,
            "common_shares": 60000,
            "equity": 71082,
            "current_ratio": 200.96,
            "debt_ratio": 38.76,
            "inventory_turnover_ratio": null,
            "account_receivable_turnover_ratio": null,
            "reinvestment_rate": null,
            "research_to_sale_ratio": null,
            "price_fair": 0,
            "eps_avg_yearly": 0,
            "eps_latest_yearly": 0,
            "eps_growth_yearly": 0
        },
        "20051": {
            "year_quarter": 20051,
            "year": 2005,
            "quarter": 1,
            "eps": null,
            "eps_growth_year": null,
            "eps_4q": null,
            "eps_4q_growth_year": null,
            "roe": null,
            "gross_profit": null,
            "gross_margin": null,
            "net_income": null,
            "revenue": null,
            "common_shares": null,
            "equity": null,
            "current_ratio": null,
            "debt_ratio": null,
            "inventory_turnover_ratio": null,
            "account_receivable_turnover_ratio": null,
            "reinvestment_rate": null,
            "research_to_sale_ratio": null,
            "price_fair": 0,
            "eps_avg_yearly": 0,
            "eps_latest_yearly": 0,
            "eps_growth_yearly": 0
        },
        "20052": {
            "year_quarter": 20052,
            "year": 2005,
            "quarter": 2,
            "eps": null,
            "eps_growth_year": null,
            "eps_4q": null,
            "eps_4q_growth_year": null,
            "roe": null,
            "gross_profit": null,
            "gross_margin": null,
            "net_income": null,
            "revenue": null,
            "common_shares": null,
            "equity": null,
            "current_ratio": null,
            "debt_ratio": null,
            "inventory_turnover_ratio": null,
            "account_receivable_turnover_ratio": null,
            "reinvestment_rate": null,
            "research_to_sale_ratio": null,
            "price_fair": 0,
            "eps_avg_yearly": 0,
            "eps_latest_yearly": 0,
            "eps_growth_yearly": 0
        },
        "20053": {
            "year_quarter": 20053,
            "year": 2005,
            "quarter": 3,
            "eps": null,
            "eps_growth_year": null,
            "eps_4q": null,
            "eps_4q_growth_year": null,
            "roe": null,
            "gross_profit": null,
            "gross_margin": null,
            "net_income": null,
            "revenue": null,
            "common_shares": null,
            "equity": null,
            "current_ratio": null,
            "debt_ratio": null,
            "inventory_turnover_ratio": null,
            "account_receivable_turnover_ratio": null,
            "reinvestment_rate": null,
            "research_to_sale_ratio": null,
            "price_fair": 0,
            "eps_avg_yearly": 0,
            "eps_latest_yearly": 0,
            "eps_growth_yearly": 0
        },
        "20054": {
            "year_quarter": 20054,
            "year": 2005,
            "quarter": 4,
            "eps": null,
            "eps_growth_year": null,
            "eps_4q": null,
            "eps_4q_growth_year": null,
            "roe": null,
            "gross_profit": null,
            "gross_margin": null,
            "net_income": null,
            "revenue": null,
            "common_shares": 76000,
            "equity": 90987,
            "current_ratio": 128.17,
            "debt_ratio": 51.66,
            "inventory_turnover_ratio": null,
            "account_receivable_turnover_ratio": null,
            "reinvestment_rate": null,
            "research_to_sale_ratio": null,
            "price_fair": 0,
            "eps_avg_yearly": 0,
            "eps_latest_yearly": 0,
            "eps_growth_yearly": 0
        },
        "20061": {
            "year_quarter": 20061,
            "year": 2006,
            "quarter": 1,
            "eps": null,
            "eps_growth_year": null,
            "eps_4q": null,
            "eps_4q_growth_year": null,
            "roe": null,
            "gross_profit": null,
            "gross_margin": null,
            "net_income": null,
            "revenue": null,
            "common_shares": null,
            "equity": null,
            "current_ratio": null,
            "debt_ratio": null,
            "inventory_turnover_ratio": null,
            "account_receivable_turnover_ratio": null,
            "reinvestment_rate": null,
            "research_to_sale_ratio": null,
            "price_fair": 0,
            "eps_avg_yearly": 0,
            "eps_latest_yearly": 0,
            "eps_growth_yearly": 0
        },
        "20062": {
            "year_quarter": 20062,
            "year": 2006,
            "quarter": 2,
            "eps": null,
            "eps_growth_year": null,
            "eps_4q": null,
            "eps_4q_growth_year": null,
            "roe": null,
            "gross_profit": null,
            "gross_margin": null,
            "net_income": null,
            "revenue": null,
            "common_shares": null,
            "equity": null,
            "current_ratio": null,
            "debt_ratio": null,
            "inventory_turnover_ratio": null,
            "account_receivable_turnover_ratio": null,
            "reinvestment_rate": null,
            "research_to_sale_ratio": null,
            "price_fair": 0,
            "eps_avg_yearly": 0,
            "eps_latest_yearly": 0,
            "eps_growth_yearly": 0
        },
        "20063": {
            "year_quarter": 20063,
            "year": 2006,
            "quarter": 3,
            "eps": null,
            "eps_growth_year": null,
            "eps_4q": null,
            "eps_4q_growth_year": null,
            "roe": null,
            "gross_profit": null,
            "gross_margin": null,
            "net_income": null,
            "revenue": null,
            "common_shares": null,
            "equity": null,
            "current_ratio": null,
            "debt_ratio": null,
            "inventory_turnover_ratio": null,
            "account_receivable_turnover_ratio": null,
            "reinvestment_rate": null,
            "research_to_sale_ratio": null,
            "price_fair": 0,
            "eps_avg_yearly": 0,
            "eps_latest_yearly": 0,
            "eps_growth_yearly": 0
        },
        "20064": {
            "year_quarter": 20064,
            "year": 2006,
            "quarter": 4,
            "eps": null,
            "eps_growth_year": null,
            "eps_4q": null,
            "eps_4q_growth_year": null,
            "roe": null,
            "gross_profit": null,
            "gross_margin": null,
            "net_income": null,
            "revenue": null,
            "common_shares": 100000,
            "equity": 142229,
            "current_ratio": 165.74,
            "debt_ratio": 44.22,
            "inventory_turnover_ratio": null,
            "account_receivable_turnover_ratio": null,
            "reinvestment_rate": null,
            "research_to_sale_ratio": null,
            "price_fair": 0,
            "eps_avg_yearly": 0,
            "eps_latest_yearly": 0,
            "eps_growth_yearly": 0
        },
        "20071": {
            "year_quarter": 20071,
            "year": 2007,
            "quarter": 1,
            "eps": null,
            "eps_growth_year": null,
            "eps_4q": null,
            "eps_4q_growth_year": null,
            "roe": null,
            "gross_profit": null,
            "gross_margin": null,
            "net_income": null,
            "revenue": null,
            "common_shares": null,
            "equity": null,
            "current_ratio": null,
            "debt_ratio": null,
            "inventory_turnover_ratio": null,
            "account_receivable_turnover_ratio": null,
            "reinvestment_rate": null,
            "research_to_sale_ratio": null,
            "price_fair": 0,
            "eps_avg_yearly": 0,
            "eps_latest_yearly": 0,
            "eps_growth_yearly": 0
        },
        "20072": {
            "year_quarter": 20072,
            "year": 2007,
            "quarter": 2,
            "eps": null,
            "eps_growth_year": null,
            "eps_4q": null,
            "eps_4q_growth_year": null,
            "roe": null,
            "gross_profit": null,
            "gross_margin": null,
            "net_income": null,
            "revenue": null,
            "common_shares": null,
            "equity": null,
            "current_ratio": null,
            "debt_ratio": null,
            "inventory_turnover_ratio": null,
            "account_receivable_turnover_ratio": null,
            "reinvestment_rate": null,
            "research_to_sale_ratio": null,
            "price_fair": 0,
            "eps_avg_yearly": 0,
            "eps_latest_yearly": 0,
            "eps_growth_yearly": 0
        },
        "20073": {
            "year_quarter": 20073,
            "year": 2007,
            "quarter": 3,
            "eps": null,
            "eps_growth_year": null,
            "eps_4q": null,
            "eps_4q_growth_year": null,
            "roe": null,
            "gross_profit": null,
            "gross_margin": null,
            "net_income": null,
            "revenue": null,
            "common_shares": null,
            "equity": null,
            "current_ratio": null,
            "debt_ratio": null,
            "inventory_turnover_ratio": null,
            "account_receivable_turnover_ratio": null,
            "reinvestment_rate": null,
            "research_to_sale_ratio": null,
            "price_fair": 0,
            "eps_avg_yearly": 0,
            "eps_latest_yearly": 0,
            "eps_growth_yearly": 0
        },
        "20074": {
            "year_quarter": 20074,
            "year": 2007,
            "quarter": 4,
            "eps": null,
            "eps_growth_year": null,
            "eps_4q": null,
            "eps_4q_growth_year": null,
            "roe": null,
            "gross_profit": null,
            "gross_margin": null,
            "net_income": null,
            "revenue": null,
            "common_shares": 143000,
            "equity": 208403,
            "current_ratio": 173.21,
            "debt_ratio": 45.32,
            "inventory_turnover_ratio": null,
            "account_receivable_turnover_ratio": null,
            "reinvestment_rate": null,
            "research_to_sale_ratio": null,
            "price_fair": 0,
            "eps_avg_yearly": 0,
            "eps_latest_yearly": 0,
            "eps_growth_yearly": 0
        },
        "20081": {
            "year_quarter": 20081,
            "year": 2008,
            "quarter": 1,
            "eps": null,
            "eps_growth_year": null,
            "eps_4q": null,
            "eps_4q_growth_year": null,
            "roe": null,
            "gross_profit": null,
            "gross_margin": null,
            "net_income": null,
            "revenue": null,
            "common_shares": null,
            "equity": null,
            "current_ratio": null,
            "debt_ratio": null,
            "inventory_turnover_ratio": null,
            "account_receivable_turnover_ratio": null,
            "reinvestment_rate": null,
            "research_to_sale_ratio": null,
            "price_fair": 0,
            "eps_avg_yearly": 0,
            "eps_latest_yearly": 0,
            "eps_growth_yearly": 0
        },
        "20082": {
            "year_quarter": 20082,
            "year": 2008,
            "quarter": 2,
            "eps": null,
            "eps_growth_year": null,
            "eps_4q": null,
            "eps_4q_growth_year": null,
            "roe": null,
            "gross_profit": null,
            "gross_margin": null,
            "net_income": null,
            "revenue": null,
            "common_shares": null,
            "equity": null,
            "current_ratio": null,
            "debt_ratio": null,
            "inventory_turnover_ratio": null,
            "account_receivable_turnover_ratio": null,
            "reinvestment_rate": null,
            "research_to_sale_ratio": null,
            "price_fair": 0,
            "eps_avg_yearly": 0,
            "eps_latest_yearly": 0,
            "eps_growth_yearly": 0
        },
        "20083": {
            "year_quarter": 20083,
            "year": 2008,
            "quarter": 3,
            "eps": null,
            "eps_growth_year": null,
            "eps_4q": null,
            "eps_4q_growth_year": null,
            "roe": null,
            "gross_profit": null,
            "gross_margin": null,
            "net_income": null,
            "revenue": null,
            "common_shares": null,
            "equity": null,
            "current_ratio": null,
            "debt_ratio": null,
            "inventory_turnover_ratio": null,
            "account_receivable_turnover_ratio": null,
            "reinvestment_rate": null,
            "research_to_sale_ratio": null,
            "price_fair": 0,
            "eps_avg_yearly": 0,
            "eps_latest_yearly": 0,
            "eps_growth_yearly": 0
        },
        "20084": {
            "year_quarter": 20084,
            "year": 2008,
            "quarter": 4,
            "eps": null,
            "eps_growth_year": null,
            "eps_4q": null,
            "eps_4q_growth_year": null,
            "roe": null,
            "gross_profit": null,
            "gross_margin": null,
            "net_income": null,
            "revenue": null,
            "common_shares": 200000,
            "equity": 261094,
            "current_ratio": 179.82,
            "debt_ratio": 46.28,
            "inventory_turnover_ratio": null,
            "account_receivable_turnover_ratio": null,
            "reinvestment_rate": null,
            "research_to_sale_ratio": null,
            "price_fair": 0,
            "eps_avg_yearly": 0,
            "eps_latest_yearly": 0,
            "eps_growth_yearly": 0
        },
        "20091": {
            "year_quarter": 20091,
            "year": 2009,
            "quarter": 1,
            "eps": -0.62,
            "eps_growth_year": null,
            "eps_4q": null,
            "eps_4q_growth_year": null,
            "roe": -4.83,
            "gross_profit": 18259,
            "gross_margin": 50.04,
            "net_income": -12311,
            "revenue": 36487,
            "common_shares": 200000,
            "equity": 248783,
            "current_ratio": 159.6,
            "debt_ratio": 50.89,
            "inventory_turnover_ratio": 0.27,
            "account_receivable_turnover_ratio": 2.67,
            "reinvestment_rate": null,
            "research_to_sale_ratio": null,
            "price_fair": 0,
            "eps_avg_yearly": 0,
            "eps_latest_yearly": 0,
            "eps_growth_yearly": 0
        },
        "20092": {
            "year_quarter": 20092,
            "year": 2009,
            "quarter": 2,
            "eps": -0.28,
            "eps_growth_year": null,
            "eps_4q": null,
            "eps_4q_growth_year": null,
            "roe": -3.08,
            "gross_profit": 25337,
            "gross_margin": 47.1,
            "net_income": -7450,
            "revenue": 53797,
            "common_shares": 224000,
            "equity": 235333,
            "current_ratio": 135.45,
            "debt_ratio": 55.96,
            "inventory_turnover_ratio": 0.35,
            "account_receivable_turnover_ratio": 1.79,
            "reinvestment_rate": null,
            "research_to_sale_ratio": null,
            "price_fair": 0,
            "eps_avg_yearly": 0,
            "eps_latest_yearly": 0,
            "eps_growth_yearly": 0
        },
        "20093": {
            "year_quarter": 20093,
            "year": 2009,
            "quarter": 3,
            "eps": null,
            "eps_growth_year": null,
            "eps_4q": null,
            "eps_4q_growth_year": null,
            "roe": null,
            "gross_profit": null,
            "gross_margin": null,
            "net_income": null,
            "revenue": null,
            "common_shares": null,
            "equity": null,
            "current_ratio": null,
            "debt_ratio": null,
            "inventory_turnover_ratio": null,
            "account_receivable_turnover_ratio": null,
            "reinvestment_rate": null,
            "research_to_sale_ratio": null,
            "price_fair": 0,
            "eps_avg_yearly": 0,
            "eps_latest_yearly": 0,
            "eps_growth_yearly": 0
        },
        "20094": {
            "year_quarter": 20094,
            "year": 2009,
            "quarter": 4,
            "eps": null,
            "eps_growth_year": null,
            "eps_4q": null,
            "eps_4q_growth_year": null,
            "roe": null,
            "gross_profit": null,
            "gross_margin": null,
            "net_income": null,
            "revenue": null,
            "common_shares": 280000,
            "equity": 393643,
            "current_ratio": 187.56,
            "debt_ratio": 43.13,
            "inventory_turnover_ratio": null,
            "account_receivable_turnover_ratio": null,
            "reinvestment_rate": null,
            "research_to_sale_ratio": null,
            "price_fair": 0,
            "eps_avg_yearly": 0,
            "eps_latest_yearly": 0,
            "eps_growth_yearly": 0
        },
        "20101": {
            "year_quarter": 20101,
            "year": 2010,
            "quarter": 1,
            "eps": null,
            "eps_growth_year": null,
            "eps_4q": null,
            "eps_4q_growth_year": null,
            "roe": null,
            "gross_profit": 82055,
            "gross_margin": null,
            "net_income": 35694,
            "revenue": 153065,
            "common_shares": 280000,
            "equity": 429337,
            "current_ratio": 208.27,
            "debt_ratio": 40.05,
            "inventory_turnover_ratio": null,
            "account_receivable_turnover_ratio": null,
            "reinvestment_rate": null,
            "research_to_sale_ratio": null,
            "price_fair": 0,
            "eps_avg_yearly": 0,
            "eps_latest_yearly": 0,
            "eps_growth_yearly": 0
        },
        "20102": {
            "year_quarter": 20102,
            "year": 2010,
            "quarter": 2,
            "eps": 0.63,
            "eps_growth_year": null,
            "eps_4q": null,
            "eps_4q_growth_year": null,
            "roe": 4.68,
            "gross_profit": 88006,
            "gross_margin": 49.52,
            "net_income": 20382,
            "revenue": 177712,
            "common_shares": 322000,
            "equity": 441319,
            "current_ratio": 187.45,
            "debt_ratio": 44.03,
            "inventory_turnover_ratio": 0.63,
            "account_receivable_turnover_ratio": 2.96,
            "reinvestment_rate": null,
            "research_to_sale_ratio": null,
            "price_fair": 0,
            "eps_avg_yearly": 0,
            "eps_latest_yearly": 0,
            "eps_growth_yearly": 0
        },
        "20103": {
            "year_quarter": 20103,
            "year": 2010,
            "quarter": 3,
            "eps": null,
            "eps_growth_year": null,
            "eps_4q": null,
            "eps_4q_growth_year": null,
            "roe": null,
            "gross_profit": 60249,
            "gross_margin": null,
            "net_income": 60,
            "revenue": 137276,
            "common_shares": 322000,
            "equity": 441379,
            "current_ratio": 205.25,
            "debt_ratio": 41.05,
            "inventory_turnover_ratio": null,
            "account_receivable_turnover_ratio": null,
            "reinvestment_rate": null,
            "research_to_sale_ratio": null,
            "price_fair": 0,
            "eps_avg_yearly": 0,
            "eps_latest_yearly": 0,
            "eps_growth_yearly": 0
        },
        "20104": {
            "year_quarter": 20104,
            "year": 2010,
            "quarter": 4,
            "eps": null,
            "eps_growth_year": null,
            "eps_4q": null,
            "eps_4q_growth_year": null,
            "roe": null,
            "gross_profit": 96724,
            "gross_margin": null,
            "net_income": 26837,
            "revenue": 206238,
            "common_shares": 322000,
            "equity": 468216,
            "current_ratio": 215.77,
            "debt_ratio": 39.92,
            "inventory_turnover_ratio": null,
            "account_receivable_turnover_ratio": null,
            "reinvestment_rate": null,
            "research_to_sale_ratio": null,
            "price_fair": 0,
            "eps_avg_yearly": 0,
            "eps_latest_yearly": 0,
            "eps_growth_yearly": 0
        },
        "20111": {
            "year_quarter": 20111,
            "year": 2011,
            "quarter": 1,
            "eps": 0.49,
            "eps_growth_year": null,
            "eps_4q": 1.13,
            "eps_4q_growth_year": null,
            "roe": 3.33,
            "gross_profit": 74281,
            "gross_margin": 38.21,
            "net_income": 15851,
            "revenue": 194379,
            "common_shares": 322000,
            "equity": 484067,
            "current_ratio": 214.84,
            "debt_ratio": 40.82,
            "inventory_turnover_ratio": 0.68,
            "account_receivable_turnover_ratio": 1.53,
            "reinvestment_rate": null,
            "research_to_sale_ratio": 13.45,
            "price_fair": 0,
            "eps_avg_yearly": 0,
            "eps_latest_yearly": 0,
            "eps_growth_yearly": 0
        },
        "20112": {
            "year_quarter": 20112,
            "year": 2011,
            "quarter": 2,
            "eps": 1.08,
            "eps_growth_year": 70.68,
            "eps_4q": 1.5,
            "eps_4q_growth_year": null,
            "roe": 8.15,
            "gross_profit": 102833,
            "gross_margin": 54.03,
            "net_income": 40702,
            "revenue": 190328,
            "common_shares": 376740,
            "equity": 515109,
            "current_ratio": 226.72,
            "debt_ratio": 35.02,
            "inventory_turnover_ratio": 0.49,
            "account_receivable_turnover_ratio": 1.76,
            "reinvestment_rate": null,
            "research_to_sale_ratio": 13.34,
            "price_fair": 151.2,
            "eps_avg_yearly": 4.32,
            "eps_latest_yearly": 4.32,
            "eps_growth_yearly": 481.63
        },
        "20113": {
            "year_quarter": 20113,
            "year": 2011,
            "quarter": 3,
            "eps": 0.56,
            "eps_growth_year": null,
            "eps_4q": 1.92,
            "eps_4q_growth_year": null,
            "roe": 3.93,
            "gross_profit": 87439,
            "gross_margin": 46.07,
            "net_income": 23454,
            "revenue": 189789,
            "common_shares": 415770,
            "equity": 677404,
            "current_ratio": 311.09,
            "debt_ratio": 27.23,
            "inventory_turnover_ratio": 0.55,
            "account_receivable_turnover_ratio": 2.54,
            "reinvestment_rate": null,
            "research_to_sale_ratio": 13.5,
            "price_fair": 114.8,
            "eps_avg_yearly": 3.28,
            "eps_latest_yearly": 2.24,
            "eps_growth_yearly": 144.52
        },
        "20114": {
            "year_quarter": 20114,
            "year": 2011,
            "quarter": 4,
            "eps": 0.43,
            "eps_growth_year": null,
            "eps_4q": 2.36,
            "eps_4q_growth_year": null,
            "roe": 2.63,
            "gross_profit": 80469,
            "gross_margin": 46.22,
            "net_income": 18046,
            "revenue": 174088,
            "common_shares": 415770,
            "equity": 694688,
            "current_ratio": 259.83,
            "debt_ratio": 30.22,
            "inventory_turnover_ratio": 0.52,
            "account_receivable_turnover_ratio": 2.22,
            "reinvestment_rate": null,
            "research_to_sale_ratio": 13.92,
            "price_fair": 96.6,
            "eps_avg_yearly": 2.76,
            "eps_latest_yearly": 1.72,
            "eps_growth_yearly": 65.39
        },
        "20121": {
            "year_quarter": 20121,
            "year": 2012,
            "quarter": 1,
            "eps": 0.84,
            "eps_growth_year": 71.43,
            "eps_4q": 2.82,
            "eps_4q_growth_year": 150.49,
            "roe": 4.91,
            "gross_profit": 99868,
            "gross_margin": 54.45,
            "net_income": 34987,
            "revenue": 183427,
            "common_shares": 415770,
            "equity": 729114,
            "current_ratio": 282.6,
            "debt_ratio": 34.26,
            "inventory_turnover_ratio": 0.54,
            "account_receivable_turnover_ratio": 1.56,
            "reinvestment_rate": null,
            "research_to_sale_ratio": 13.03,
            "price_fair": 101.85,
            "eps_avg_yearly": 2.91,
            "eps_latest_yearly": 3.36,
            "eps_growth_yearly": 144.39
        },
        "20122": {
            "year_quarter": 20122,
            "year": 2012,
            "quarter": 2,
            "eps": 0.62,
            "eps_growth_year": -42.73,
            "eps_4q": 2.22,
            "eps_4q_growth_year": 47.79,
            "roe": 4.03,
            "gross_profit": 98778,
            "gross_margin": 47.24,
            "net_income": 29584,
            "revenue": 209082,
            "common_shares": 415770,
            "equity": 739190,
            "current_ratio": 176.22,
            "debt_ratio": 46.1,
            "inventory_turnover_ratio": 0.7,
            "account_receivable_turnover_ratio": 1.45,
            "reinvestment_rate": null,
            "research_to_sale_ratio": 10.44,
            "price_fair": 98.84,
            "eps_avg_yearly": 2.82,
            "eps_latest_yearly": 2.48,
            "eps_growth_yearly": 94.56
        },
        "20123": {
            "year_quarter": 20123,
            "year": 2012,
            "quarter": 3,
            "eps": 0.81,
            "eps_growth_year": 43.88,
            "eps_4q": 2.33,
            "eps_4q_growth_year": 21.22,
            "roe": 4.87,
            "gross_profit": 132535,
            "gross_margin": 28.52,
            "net_income": 44082,
            "revenue": 464670,
            "common_shares": 543135,
            "equity": 1069974,
            "current_ratio": 175.93,
            "debt_ratio": 32.26,
            "inventory_turnover_ratio": 1.51,
            "account_receivable_turnover_ratio": 3.19,
            "reinvestment_rate": null,
            "research_to_sale_ratio": 6.21,
            "price_fair": 101.27,
            "eps_avg_yearly": 2.89,
            "eps_latest_yearly": 3.24,
            "eps_growth_yearly": 99.23
        },
        "20124": {
            "year_quarter": 20124,
            "year": 2012,
            "quarter": 4,
            "eps": 0.69,
            "eps_growth_year": 59.06,
            "eps_4q": 2.69,
            "eps_4q_growth_year": 14.1,
            "roe": 3.44,
            "gross_profit": 144308,
            "gross_margin": 24.89,
            "net_income": 37496,
            "revenue": 579848,
            "common_shares": 543136,
            "equity": 1107107,
            "current_ratio": 158.63,
            "debt_ratio": 37.39,
            "inventory_turnover_ratio": 1.79,
            "account_receivable_turnover_ratio": 3.01,
            "reinvestment_rate": null,
            "research_to_sale_ratio": 6.71,
            "price_fair": 100.6,
            "eps_avg_yearly": 2.87,
            "eps_latest_yearly": 2.76,
            "eps_growth_yearly": 76.59
        },
        "20131": {
            "year_quarter": 20131,
            "year": 2013,
            "quarter": 1,
            "eps": -0.37,
            "eps_growth_year": -144.05,
            "eps_4q": 1.68,
            "eps_4q_growth_year": -40.56,
            "roe": -1.83,
            "gross_profit": 68629,
            "gross_margin": 15.16,
            "net_income": -20168,
            "revenue": 452755,
            "common_shares": 543136,
            "equity": 1100481,
            "current_ratio": 129.16,
            "debt_ratio": 50.76,
            "inventory_turnover_ratio": 1.93,
            "account_receivable_turnover_ratio": 2.34,
            "reinvestment_rate": null,
            "research_to_sale_ratio": 6.18,
            "price_fair": 100.6,
            "eps_avg_yearly": 2.87,
            "eps_latest_yearly": 2.76,
            "eps_growth_yearly": 76.59
        },
        "20132": {
            "year_quarter": 20132,
            "year": 2013,
            "quarter": 2,
            "eps": -0.42,
            "eps_growth_year": -167.88,
            "eps_4q": 0.57,
            "eps_4q_growth_year": -74.47,
            "roe": -2.4,
            "gross_profit": 51025,
            "gross_margin": 14.91,
            "net_income": -26033,
            "revenue": 342196,
            "common_shares": 543136,
            "equity": 1068623,
            "current_ratio": 196.82,
            "debt_ratio": 54.33,
            "inventory_turnover_ratio": 1.48,
            "account_receivable_turnover_ratio": 2.62,
            "reinvestment_rate": null,
            "research_to_sale_ratio": 7.87,
            "price_fair": 100.6,
            "eps_avg_yearly": 2.87,
            "eps_latest_yearly": 2.76,
            "eps_growth_yearly": 76.59
        },
        "20133": {
            "year_quarter": 20133,
            "year": 2013,
            "quarter": 3,
            "eps": 0.14,
            "eps_growth_year": -82.75,
            "eps_4q": 0,
            "eps_4q_growth_year": -99.86,
            "roe": 0.83,
            "gross_profit": 71047,
            "gross_margin": 17.79,
            "net_income": 8903,
            "revenue": 399330,
            "common_shares": 624606,
            "equity": 1075032,
            "current_ratio": 135.67,
            "debt_ratio": 57.79,
            "inventory_turnover_ratio": 1.49,
            "account_receivable_turnover_ratio": 3.53,
            "reinvestment_rate": null,
            "research_to_sale_ratio": 6.03,
            "price_fair": 100.6,
            "eps_avg_yearly": 2.87,
            "eps_latest_yearly": 2.76,
            "eps_growth_yearly": 76.59
        },
        "20134": {
            "year_quarter": 20134,
            "year": 2013,
            "quarter": 4,
            "eps": 0.92,
            "eps_growth_year": 33.12,
            "eps_4q": 0.32,
            "eps_4q_growth_year": -88.04,
            "roe": 5.19,
            "gross_profit": 91429,
            "gross_margin": 19.09,
            "net_income": 57402,
            "revenue": 479018,
            "common_shares": 624606,
            "equity": 1136273,
            "current_ratio": 183.72,
            "debt_ratio": 56.78,
            "inventory_turnover_ratio": 2.06,
            "account_receivable_turnover_ratio": 4.23,
            "reinvestment_rate": 331.92,
            "research_to_sale_ratio": 4.41,
            "price_fair": 104.13,
            "eps_avg_yearly": 2.98,
            "eps_latest_yearly": 3.68,
            "eps_growth_yearly": 345.59
        },
        "20141": {
            "year_quarter": 20141,
            "year": 2014,
            "quarter": 1,
            "eps": 0.19,
            "eps_growth_year": null,
            "eps_4q": 0.83,
            "eps_4q_growth_year": -50.45,
            "roe": 1.01,
            "gross_profit": 96721,
            "gross_margin": 19.42,
            "net_income": 11580,
            "revenue": 498044,
            "common_shares": 624606,
            "equity": 1147101,
            "current_ratio": 188.88,
            "debt_ratio": 56.4,
            "inventory_turnover_ratio": 2.18,
            "account_receivable_turnover_ratio": 4.32,
            "reinvestment_rate": 358.75,
            "research_to_sale_ratio": 4.57,
            "price_fair": 95.51,
            "eps_avg_yearly": 2.73,
            "eps_latest_yearly": 0.76,
            "eps_growth_yearly": 271.92
        },
        "20142": {
            "year_quarter": 20142,
            "year": 2014,
            "quarter": 2,
            "eps": 0.04,
            "eps_growth_year": null,
            "eps_4q": 1.28,
            "eps_4q_growth_year": 126.49,
            "roe": 0.16,
            "gross_profit": 75066,
            "gross_margin": 17.73,
            "net_income": 1832,
            "revenue": 423361,
            "common_shares": 624606,
            "equity": 1120796,
            "current_ratio": 167.86,
            "debt_ratio": 58.44,
            "inventory_turnover_ratio": 1.44,
            "account_receivable_turnover_ratio": 3.52,
            "reinvestment_rate": 413.4,
            "research_to_sale_ratio": 5.14,
            "price_fair": 86.52,
            "eps_avg_yearly": 2.47,
            "eps_latest_yearly": 0.16,
            "eps_growth_yearly": 213.15
        },
        "20143": {
            "year_quarter": 20143,
            "year": 2014,
            "quarter": 3,
            "eps": 0.15,
            "eps_growth_year": 7.14,
            "eps_4q": 1.29,
            "eps_4q_growth_year": 40526.75,
            "roe": 0.77,
            "gross_profit": 79350,
            "gross_margin": 18,
            "net_income": 8734,
            "revenue": 440788,
            "common_shares": 624606,
            "equity": 1134520,
            "current_ratio": 151.1,
            "debt_ratio": 59.28,
            "inventory_turnover_ratio": 1.27,
            "account_receivable_turnover_ratio": 3.52,
            "reinvestment_rate": 418.19,
            "research_to_sale_ratio": 5.81,
            "price_fair": 80.56,
            "eps_avg_yearly": 2.3,
            "eps_latest_yearly": 0.6,
            "eps_growth_yearly": 293.78
        },
        "20144": {
            "year_quarter": 20144,
            "year": 2014,
            "quarter": 4,
            "eps": 0.14,
            "eps_growth_year": -84.35,
            "eps_4q": 0.51,
            "eps_4q_growth_year": 59.29,
            "roe": 0.71,
            "gross_profit": 108497,
            "gross_margin": 21.63,
            "net_income": 8152,
            "revenue": 501696,
            "common_shares": 624606,
            "equity": 1149915,
            "current_ratio": 162.75,
            "debt_ratio": 59.03,
            "inventory_turnover_ratio": 1.25,
            "account_receivable_turnover_ratio": 3.42,
            "reinvestment_rate": 443.36,
            "research_to_sale_ratio": 5.45,
            "price_fair": 75.48,
            "eps_avg_yearly": 2.16,
            "eps_latest_yearly": 0.56,
            "eps_growth_yearly": 267.07
        },
        "20151": {
            "year_quarter": 20151,
            "year": 2015,
            "quarter": 1,
            "eps": -0.37,
            "eps_growth_year": -294.74,
            "eps_4q": -0.04,
            "eps_4q_growth_year": -105.18,
            "roe": -2.11,
            "gross_profit": 64374,
            "gross_margin": 13.83,
            "net_income": -23959,
            "revenue": 465372,
            "common_shares": 624606,
            "equity": 1120389,
            "current_ratio": 153.28,
            "debt_ratio": 60.05,
            "inventory_turnover_ratio": 1.25,
            "account_receivable_turnover_ratio": 3.14,
            "reinvestment_rate": 541.65,
            "research_to_sale_ratio": 5.62,
            "price_fair": 75.48,
            "eps_avg_yearly": 2.16,
            "eps_latest_yearly": 0.56,
            "eps_growth_yearly": 267.07
        },
        "20152": {
            "year_quarter": 20152,
            "year": 2015,
            "quarter": 2,
            "eps": -0.24,
            "eps_growth_year": -700,
            "eps_4q": -0.32,
            "eps_4q_growth_year": -125.05,
            "roe": -1.43,
            "gross_profit": 78337,
            "gross_margin": 18.04,
            "net_income": -15700,
            "revenue": 434143,
            "common_shares": 624606,
            "equity": 1069355,
            "current_ratio": 88.39,
            "debt_ratio": 63.12,
            "inventory_turnover_ratio": 1,
            "account_receivable_turnover_ratio": 3.01,
            "reinvestment_rate": 658.9,
            "research_to_sale_ratio": 5.43,
            "price_fair": 68.6,
            "eps_avg_yearly": 1.96,
            "eps_latest_yearly": 0.56,
            "eps_growth_yearly": 247.57
        },
        "20153": {
            "year_quarter": 20153,
            "year": 2015,
            "quarter": 3,
            "eps": 0.35,
            "eps_growth_year": 133.33,
            "eps_4q": -0.12,
            "eps_4q_growth_year": -109.32,
            "roe": 1.93,
            "gross_profit": 90829,
            "gross_margin": 19.29,
            "net_income": 20941,
            "revenue": 470845,
            "common_shares": 624606,
            "equity": 1095316,
            "current_ratio": 96.42,
            "debt_ratio": 64.24,
            "inventory_turnover_ratio": 0.93,
            "account_receivable_turnover_ratio": 3.15,
            "reinvestment_rate": 683.56,
            "research_to_sale_ratio": 5.2,
            "price_fair": 67.62,
            "eps_avg_yearly": 1.93,
            "eps_latest_yearly": 0.56,
            "eps_growth_yearly": 291.58
        },
        "20154": {
            "year_quarter": 20154,
            "year": 2015,
            "quarter": 4,
            "eps": 0.44,
            "eps_growth_year": 207.95,
            "eps_4q": 0.18,
            "eps_4q_growth_year": -65.61,
            "roe": 2.33,
            "gross_profit": 116518,
            "gross_margin": 20.72,
            "net_income": 25508,
            "revenue": 562237,
            "common_shares": 624606,
            "equity": 1096683,
            "current_ratio": 93.54,
            "debt_ratio": 65.84,
            "inventory_turnover_ratio": 1,
            "account_receivable_turnover_ratio": 3.54,
            "reinvestment_rate": 653.12,
            "research_to_sale_ratio": 4.26,
            "price_fair": 67.76,
            "eps_avg_yearly": 1.94,
            "eps_latest_yearly": 1.76,
            "eps_growth_yearly": 311.15
        },
        "20161": {
            "year_quarter": 20161,
            "year": 2016,
            "quarter": 1,
            "eps": -0.44,
            "eps_growth_year": null,
            "eps_4q": 0.11,
            "eps_4q_growth_year": null,
            "roe": -2.48,
            "gross_profit": 60796,
            "gross_margin": 12.17,
            "net_income": -26901,
            "revenue": 499493,
            "common_shares": 624606,
            "equity": 1068483,
            "current_ratio": 90.35,
            "debt_ratio": 68.97,
            "inventory_turnover_ratio": 0.91,
            "account_receivable_turnover_ratio": 3.16,
            "reinvestment_rate": 1011.33,
            "research_to_sale_ratio": 4.45,
            "price_fair": 62.22,
            "eps_avg_yearly": 1.78,
            "eps_latest_yearly": 1.76,
            "eps_growth_yearly": 303.35
        },
        "20162": {
            "year_quarter": 20162,
            "year": 2016,
            "quarter": 2,
            "eps": 0.11,
            "eps_growth_year": null,
            "eps_4q": 0.47,
            "eps_4q_growth_year": null,
            "roe": 0.65,
            "gross_profit": 99558,
            "gross_margin": 20.34,
            "net_income": 6806,
            "revenue": 489548,
            "common_shares": 624606,
            "equity": 1038274,
            "current_ratio": 136.47,
            "debt_ratio": 70.94,
            "inventory_turnover_ratio": 0.77,
            "account_receivable_turnover_ratio": 3,
            "reinvestment_rate": 1213.6,
            "research_to_sale_ratio": 5.24,
            "price_fair": 59.15,
            "eps_avg_yearly": 1.69,
            "eps_latest_yearly": 1.76,
            "eps_growth_yearly": 354.36
        },
        "20163": {
            "year_quarter": 20163,
            "year": 2016,
            "quarter": 3,
            "eps": 0.07,
            "eps_growth_year": -80,
            "eps_4q": 0.19,
            "eps_4q_growth_year": null,
            "roe": 0.38,
            "gross_profit": 95779,
            "gross_margin": 17.91,
            "net_income": 3896,
            "revenue": 534753,
            "common_shares": 624606,
            "equity": 1037774,
            "current_ratio": 124.49,
            "debt_ratio": 70.83,
            "inventory_turnover_ratio": 0.85,
            "account_receivable_turnover_ratio": 2.78,
            "reinvestment_rate": 1517.18,
            "research_to_sale_ratio": 4.93,
            "price_fair": 46.2,
            "eps_avg_yearly": 1.32,
            "eps_latest_yearly": 0.28,
            "eps_growth_yearly": 320.86
        },
        "20164": {
            "year_quarter": 20164,
            "year": 2016,
            "quarter": 4,
            "eps": 0.74,
            "eps_growth_year": 67.68,
            "eps_4q": 0.5,
            "eps_4q_growth_year": 183.52,
            "roe": 4.33,
            "gross_profit": 77742,
            "gross_margin": 13.37,
            "net_income": 48016,
            "revenue": 581422,
            "common_shares": 659606,
            "equity": 1182163,
            "current_ratio": 114.56,
            "debt_ratio": 67.21,
            "inventory_turnover_ratio": 1.01,
            "account_receivable_turnover_ratio": 2.46,
            "reinvestment_rate": 1243.36,
            "research_to_sale_ratio": 4.89,
            "price_fair": 47.08,
            "eps_avg_yearly": 1.35,
            "eps_latest_yearly": 2.96,
            "eps_growth_yearly": 806.84
        },
        "20171": {
            "year_quarter": 20171,
            "year": 2017,
            "quarter": 1,
            "eps": 0.94,
            "eps_growth_year": null,
            "eps_4q": 1.85,
            "eps_4q_growth_year": 1527.06,
            "roe": 5.07,
            "gross_profit": 14082,
            "gross_margin": 4.55,
            "net_income": 61177,
            "revenue": 309394,
            "common_shares": 659606,
            "equity": 1232092,
            "current_ratio": 91.95,
            "debt_ratio": 66.31,
            "inventory_turnover_ratio": 0.6,
            "account_receivable_turnover_ratio": 1.35,
            "reinvestment_rate": 720.55,
            "research_to_sale_ratio": 8.4,
            "price_fair": 56.47,
            "eps_avg_yearly": 1.61,
            "eps_latest_yearly": 3.76,
            "eps_growth_yearly": 729.2
        },
        "20172": {
            "year_quarter": 20172,
            "year": 2017,
            "quarter": 2,
            "eps": -0.86,
            "eps_growth_year": -881.82,
            "eps_4q": 0.88,
            "eps_4q_growth_year": 85.6,
            "roe": -4.47,
            "gross_profit": 25435,
            "gross_margin": 6.84,
            "net_income": -56192,
            "revenue": 372062,
            "common_shares": 659606,
            "equity": 1282887,
            "current_ratio": 96.55,
            "debt_ratio": 65.48,
            "inventory_turnover_ratio": 0.7,
            "account_receivable_turnover_ratio": 2.04,
            "reinvestment_rate": 861.26,
            "research_to_sale_ratio": 6.83,
            "price_fair": 56.47,
            "eps_avg_yearly": 1.61,
            "eps_latest_yearly": 3.76,
            "eps_growth_yearly": 729.2
        },
        "20173": {
            "year_quarter": 20173,
            "year": 2017,
            "quarter": 3,
            "eps": -0.04,
            "eps_growth_year": -157.14,
            "eps_4q": 0.73,
            "eps_4q_growth_year": 289.81,
            "roe": 0.56,
            "gross_profit": 105696,
            "gross_margin": 21.36,
            "net_income": 7822,
            "revenue": 494859,
            "common_shares": 705606,
            "equity": 1505819,
            "current_ratio": 130.08,
            "debt_ratio": 58.77,
            "inventory_turnover_ratio": 0.87,
            "account_receivable_turnover_ratio": 2.53,
            "reinvestment_rate": 826.45,
            "research_to_sale_ratio": 4.59,
            "price_fair": 56.47,
            "eps_avg_yearly": 1.61,
            "eps_latest_yearly": 3.76,
            "eps_growth_yearly": 729.2
        },
        "20174": {
            "year_quarter": 20174,
            "year": 2017,
            "quarter": 4,
            "eps": 0.2,
            "eps_growth_year": -72.74,
            "eps_4q": 0.24,
            "eps_4q_growth_year": -51.69,
            "roe": 0.56,
            "gross_profit": 74542,
            "gross_margin": 12.8,
            "net_income": 8355,
            "revenue": 582507,
            "common_shares": 705606,
            "equity": 1479364,
            "current_ratio": 117.65,
            "debt_ratio": 59.86,
            "inventory_turnover_ratio": 1.24,
            "account_receivable_turnover_ratio": 2.65,
            "reinvestment_rate": 1198.19,
            "research_to_sale_ratio": 3.76,
            "price_fair": 47.43,
            "eps_avg_yearly": 1.36,
            "eps_latest_yearly": 3.76,
            "eps_growth_yearly": 541.78
        },
        "20181": {
            "year_quarter": 20181,
            "year": 2018,
            "quarter": 1,
            "eps": -0.36,
            "eps_growth_year": -138.3,
            "eps_4q": -0.98,
            "eps_4q_growth_year": -153.07,
            "roe": -1.91,
            "gross_profit": 55624,
            "gross_margin": 16.1,
            "net_income": -27995,
            "revenue": 345396,
            "common_shares": 705606,
            "equity": 1446435,
            "current_ratio": 153.47,
            "debt_ratio": 59.75,
            "inventory_turnover_ratio": 0.67,
            "account_receivable_turnover_ratio": 1.75,
            "reinvestment_rate": 1464.41,
            "research_to_sale_ratio": 5.28,
            "price_fair": 50.4,
            "eps_avg_yearly": 1.44,
            "eps_latest_yearly": 3.76,
            "eps_growth_yearly": 664.52
        },
        "20182": {
            "year_quarter": 20182,
            "year": 2018,
            "quarter": 2,
            "eps": -0.67,
            "eps_growth_year": null,
            "eps_4q": -0.86,
            "eps_4q_growth_year": -198.31,
            "roe": -3.31,
            "gross_profit": 83257,
            "gross_margin": 22.34,
            "net_income": -46692,
            "revenue": 372692,
            "common_shares": 705606,
            "equity": 1377282,
            "current_ratio": 224.23,
            "debt_ratio": 62.21,
            "inventory_turnover_ratio": 0.59,
            "account_receivable_turnover_ratio": 1.95,
            "reinvestment_rate": 2155.75,
            "research_to_sale_ratio": 4.58,
            "price_fair": 57.87,
            "eps_avg_yearly": 1.65,
            "eps_latest_yearly": 3.76,
            "eps_growth_yearly": 827.9
        },
        "20183": {
            "year_quarter": 20183,
            "year": 2018,
            "quarter": 3,
            "eps": -0.77,
            "eps_growth_year": null,
            "eps_4q": -1.6,
            "eps_4q_growth_year": -319.99,
            "roe": -4.19,
            "gross_profit": 63068,
            "gross_margin": 17.26,
            "net_income": -56396,
            "revenue": 365304,
            "common_shares": 705606,
            "equity": 1312161,
            "current_ratio": 189.68,
            "debt_ratio": 64.29,
            "inventory_turnover_ratio": 0.58,
            "account_receivable_turnover_ratio": 1.66,
            "reinvestment_rate": null,
            "research_to_sale_ratio": 4.2,
            "price_fair": 65.24,
            "eps_avg_yearly": 1.86,
            "eps_latest_yearly": 3.76,
            "eps_growth_yearly": 773.48
        },
        "20184": {
            "year_quarter": 20184,
            "year": 2018,
            "quarter": 4,
            "eps": 2.11,
            "eps_growth_year": 942.56,
            "eps_4q": 0.28,
            "eps_4q_growth_year": 14.07,
            "roe": 11.08,
            "gross_profit": 177964,
            "gross_margin": 32.28,
            "net_income": 151427,
            "revenue": 551348,
            "common_shares": 705606,
            "equity": 1420991,
            "current_ratio": 201.05,
            "debt_ratio": 62.95,
            "inventory_turnover_ratio": 0.69,
            "account_receivable_turnover_ratio": 2.18,
            "reinvestment_rate": -244.63,
            "research_to_sale_ratio": 3.93,
            "price_fair": 76.65,
            "eps_avg_yearly": 2.19,
            "eps_latest_yearly": 3.76,
            "eps_growth_yearly": 973.52
        },
        "20191": {
            "year_quarter": 20191,
            "year": 2019,
            "quarter": 1,
            "eps": 0.1,
            "eps_growth_year": null,
            "eps_4q": 0.73,
            "eps_4q_growth_year": null,
            "roe": 0.52,
            "gross_profit": 97954,
            "gross_margin": 23.98,
            "net_income": 7604,
            "revenue": 408430,
            "common_shares": 705606,
            "equity": 1482565,
            "current_ratio": 253.78,
            "debt_ratio": 62.5,
            "inventory_turnover_ratio": 0.56,
            "account_receivable_turnover_ratio": 1.6,
            "reinvestment_rate": -730.27,
            "research_to_sale_ratio": 4.15,
            "price_fair": 64.12,
            "eps_avg_yearly": 1.83,
            "eps_latest_yearly": 0.4,
            "eps_growth_yearly": 702.61
        },
        "20192": {
            "year_quarter": 20192,
            "year": 2019,
            "quarter": 2,
            "eps": 1.75,
            "eps_growth_year": null,
            "eps_4q": 3.18,
            "eps_4q_growth_year": null,
            "roe": 8.27,
            "gross_profit": 209025,
            "gross_margin": 31.6,
            "net_income": 122869,
            "revenue": 661476,
            "common_shares": 705606,
            "equity": 1487744,
            "current_ratio": 100.04,
            "debt_ratio": 63.94,
            "inventory_turnover_ratio": 0.86,
            "account_receivable_turnover_ratio": 3.35,
            "reinvestment_rate": -333.5,
            "research_to_sale_ratio": 2.88,
            "price_fair": 94.27,
            "eps_avg_yearly": 2.69,
            "eps_latest_yearly": 7,
            "eps_growth_yearly": 1685.51
        },
        "20193": {
            "year_quarter": 20193,
            "year": 2019,
            "quarter": 3,
            "eps": 0.87,
            "eps_growth_year": null,
            "eps_4q": 4.8,
            "eps_4q_growth_year": null,
            "roe": 4.21,
            "gross_profit": 199394,
            "gross_margin": 33.97,
            "net_income": 64348,
            "revenue": 586949,
            "common_shares": 705606,
            "equity": 1566490,
            "current_ratio": 102.71,
            "debt_ratio": 63.26,
            "inventory_turnover_ratio": 0.67,
            "account_receivable_turnover_ratio": 2.87,
            "reinvestment_rate": -317.43,
            "research_to_sale_ratio": 4.28,
            "price_fair": 98.2,
            "eps_avg_yearly": 2.81,
            "eps_latest_yearly": 3.48,
            "eps_growth_yearly": 1415.99
        },
        "20194": {
            "year_quarter": 20194,
            "year": 2019,
            "quarter": 4,
            "eps": 0.5,
            "eps_growth_year": -76.52,
            "eps_4q": 3.05,
            "eps_4q_growth_year": 1008.73,
            "roe": 2.3,
            "gross_profit": 241298,
            "gross_margin": 33.61,
            "net_income": 39739,
            "revenue": 717966,
            "common_shares": 705606,
            "equity": 1886725,
            "current_ratio": 132.96,
            "debt_ratio": 60.87,
            "inventory_turnover_ratio": 0.69,
            "account_receivable_turnover_ratio": 2.77,
            "reinvestment_rate": -347.1,
            "research_to_sale_ratio": 4.98,
            "price_fair": 99.4,
            "eps_avg_yearly": 2.84,
            "eps_latest_yearly": 2,
            "eps_growth_yearly": 1376.99
        },
        "20201": {
            "year_quarter": 20201,
            "year": 2020,
            "quarter": 1,
            "eps": 0.15,
            "eps_growth_year": 50,
            "eps_4q": 3.11,
            "eps_4q_growth_year": 328.01,
            "roe": 0.95,
            "gross_profit": 131109,
            "gross_margin": 28.85,
            "net_income": 18061,
            "revenue": 454504,
            "common_shares": 740606,
            "equity": 1911241,
            "current_ratio": 121.54,
            "debt_ratio": 61.33,
            "inventory_turnover_ratio": 0.43,
            "account_receivable_turnover_ratio": 1.62,
            "reinvestment_rate": -260.09,
            "research_to_sale_ratio": 4.03,
            "price_fair": 89.6,
            "eps_avg_yearly": 2.56,
            "eps_latest_yearly": 0.6,
            "eps_growth_yearly": 1169.87
        },
        "20202": {
            "year_quarter": 20202,
            "year": 2020,
            "quarter": 2,
            "eps": 1.64,
            "eps_growth_year": -6.29,
            "eps_4q": 3.06,
            "eps_4q_growth_year": -3.66,
            "roe": 6.47,
            "gross_profit": 326932,
            "gross_margin": 42.15,
            "net_income": 131430,
            "revenue": 775724,
            "common_shares": 740606,
            "equity": 2149285,
            "current_ratio": 134.14,
            "debt_ratio": 61.54,
            "inventory_turnover_ratio": 0.57,
            "account_receivable_turnover_ratio": 1.99,
            "reinvestment_rate": -168.68,
            "research_to_sale_ratio": 3.01,
            "price_fair": 105.16,
            "eps_avg_yearly": 3,
            "eps_latest_yearly": 6.56,
            "eps_growth_yearly": 1481.36
        },
        "20203": {
            "year_quarter": 20203,
            "year": 2020,
            "quarter": 3,
            "eps": 4.85,
            "eps_growth_year": 457.47,
            "eps_4q": 6.97,
            "eps_4q_growth_year": 45.01,
            "roe": 15.12,
            "gross_profit": 157029,
            "gross_margin": 28.14,
            "net_income": 365890,
            "revenue": 557988,
            "common_shares": 756867,
            "equity": 2692059,
            "current_ratio": 167.93,
            "debt_ratio": 54.42,
            "inventory_turnover_ratio": 0.49,
            "account_receivable_turnover_ratio": 1.5,
            "reinvestment_rate": -87.25,
            "research_to_sale_ratio": 7.98,
            "price_fair": 179.51,
            "eps_avg_yearly": 5.13,
            "eps_latest_yearly": 19.4,
            "eps_growth_yearly": 1584.52
        },
        "20204": {
            "year_quarter": 20204,
            "year": 2020,
            "quarter": 4,
            "eps": -0.34,
            "eps_growth_year": -167.68,
            "eps_4q": 5.51,
            "eps_4q_growth_year": 80.29,
            "roe": -0.86,
            "gross_profit": 189136,
            "gross_margin": 26.11,
            "net_income": -23726,
            "revenue": 724462,
            "common_shares": 760586,
            "equity": 2810861,
            "current_ratio": 184.63,
            "debt_ratio": 54.88,
            "inventory_turnover_ratio": 0.65,
            "account_receivable_turnover_ratio": 2.15,
            "reinvestment_rate": -22.15,
            "research_to_sale_ratio": 6.38,
            "price_fair": 189,
            "eps_avg_yearly": 5.4,
            "eps_latest_yearly": 19.4,
            "eps_growth_yearly": 1304.01
        },
        "20211": {
            "year_quarter": 20211,
            "year": 2021,
            "quarter": 1,
            "eps": 0.36,
            "eps_growth_year": 140,
            "eps_4q": 5.73,
            "eps_4q_growth_year": 84.45,
            "roe": 1.27,
            "gross_profit": 213028,
            "gross_margin": 33.04,
            "net_income": 44688,
            "revenue": 644666,
            "common_shares": 836586,
            "equity": 4239028,
            "current_ratio": 230.41,
            "debt_ratio": 40.92,
            "inventory_turnover_ratio": 0.53,
            "account_receivable_turnover_ratio": 1.52,
            "reinvestment_rate": -43.92,
            "research_to_sale_ratio": 5.12,
            "price_fair": 197.2,
            "eps_avg_yearly": 5.63,
            "eps_latest_yearly": 19.4,
            "eps_growth_yearly": 1474.85
        },
        "20212": {
            "year_quarter": 20212,
            "year": 2021,
            "quarter": 2,
            "eps": 0.54,
            "eps_growth_year": -67.07,
            "eps_4q": 4.83,
            "eps_4q_growth_year": 57.64,
            "roe": 1.25,
            "gross_profit": 223303,
            "gross_margin": 36.93,
            "net_income": 53425,
            "revenue": 604677,
            "common_shares": 840922,
            "equity": 4290615,
            "current_ratio": 221.29,
            "debt_ratio": 45.82,
            "inventory_turnover_ratio": 0.45,
            "account_receivable_turnover_ratio": 1.23,
            "reinvestment_rate": 89.87,
            "research_to_sale_ratio": 5.9,
            "price_fair": 182,
            "eps_avg_yearly": 5.2,
            "eps_latest_yearly": 2.16,
            "eps_growth_yearly": 1315.49
        },
        "20213": {
            "year_quarter": 20213,
            "year": 2021,
            "quarter": 3,
            "eps": 0.71,
            "eps_growth_year": -85.36,
            "eps_4q": 1.26,
            "eps_4q_growth_year": -81.89,
            "roe": 1.4,
            "gross_profit": 237069,
            "gross_margin": 35.12,
            "net_income": 60094,
            "revenue": 675047,
            "common_shares": 840922,
            "equity": 4269801,
            "current_ratio": 244.34,
            "debt_ratio": 49.91,
            "inventory_turnover_ratio": 0.47,
            "account_receivable_turnover_ratio": 1.4,
            "reinvestment_rate": 98.32,
            "research_to_sale_ratio": 6.59,
            "price_fair": 172.82,
            "eps_avg_yearly": 4.94,
            "eps_latest_yearly": 2.84,
            "eps_growth_yearly": 1183.32
        },
        "20214": {
            "year_quarter": 20214,
            "year": 2021,
            "quarter": 4,
            "eps": 2.43,
            "eps_growth_year": null,
            "eps_4q": 4.02,
            "eps_4q_growth_year": -26.91,
            "roe": 4.81,
            "gross_profit": 564608,
            "gross_margin": 47.18,
            "net_income": 211622,
            "revenue": 1196796,
            "common_shares": 840973,
            "equity": 4525674,
            "current_ratio": 176.8,
            "debt_ratio": 52.37,
            "inventory_turnover_ratio": 0.64,
            "account_receivable_turnover_ratio": 2.31,
            "reinvestment_rate": 162.32,
            "research_to_sale_ratio": 4.38,
            "price_fair": 189.56,
            "eps_avg_yearly": 5.42,
            "eps_latest_yearly": 9.72,
            "eps_growth_yearly": 1161.89
        },
        "20221": {
            "year_quarter": 20221,
            "year": 2022,
            "quarter": 1,
            "eps": 2.32,
            "eps_growth_year": 544.44,
            "eps_4q": 5.98,
            "eps_4q_growth_year": 4.46,
            "roe": 4.53,
            "gross_profit": 477048,
            "gross_margin": 46.52,
            "net_income": 207204,
            "revenue": 1025402,
            "common_shares": 840973,
            "equity": 4615062,
            "current_ratio": 185.51,
            "debt_ratio": 55.57,
            "inventory_turnover_ratio": 0.53,
            "account_receivable_turnover_ratio": 1.6,
            "reinvestment_rate": 128.2,
            "research_to_sale_ratio": 5.36,
            "price_fair": 201.85,
            "eps_avg_yearly": 5.77,
            "eps_latest_yearly": 9.28,
            "eps_growth_yearly": 1054.62
        },
        "20222": {
            "year_quarter": 20222,
            "year": 2022,
            "quarter": 2,
            "eps": 3.38,
            "eps_growth_year": 525.93,
            "eps_4q": 8.82,
            "eps_4q_growth_year": 82.8,
            "roe": 6.49,
            "gross_profit": 529359,
            "gross_margin": 49.66,
            "net_income": 305699,
            "revenue": 1066043,
            "common_shares": 840973,
            "equity": 4803923,
            "current_ratio": 193.89,
            "debt_ratio": 54.42,
            "inventory_turnover_ratio": 0.47,
            "account_receivable_turnover_ratio": 1.48,
            "reinvestment_rate": 95.68,
            "research_to_sale_ratio": 6.5,
            "price_fair": 224.47,
            "eps_avg_yearly": 6.41,
            "eps_latest_yearly": 13.52,
            "eps_growth_yearly": 981.96
        },
        "20223": {
            "year_quarter": 20223,
            "year": 2022,
            "quarter": 3,
            "eps": 2.7,
            "eps_growth_year": 280.28,
            "eps_4q": 10.8,
            "eps_4q_growth_year": 755.58,
            "roe": 5.2,
            "gross_profit": 533596,
            "gross_margin": 49.91,
            "net_income": 262075,
            "revenue": 1069102,
            "common_shares": 840973,
            "equity": 5285475,
            "current_ratio": 209.21,
            "debt_ratio": 52.84,
            "inventory_turnover_ratio": 0.39,
            "account_receivable_turnover_ratio": 1.3,
            "reinvestment_rate": 93.02,
            "research_to_sale_ratio": 5.53,
            "price_fair": 236.28,
            "eps_avg_yearly": 6.75,
            "eps_latest_yearly": 10.8,
            "eps_growth_yearly": 900.24
        },
        "20224": {
            "year_quarter": 20224,
            "year": 2022,
            "quarter": 4,
            "eps": 2.71,
            "eps_growth_year": 11.62,
            "eps_4q": 11.08,
            "eps_4q_growth_year": 175.18,
            "roe": 4.74,
            "gross_profit": 650312,
            "gross_margin": 48.77,
            "net_income": 252351,
            "revenue": 1333484,
            "common_shares": 840973,
            "equity": 5354624,
            "current_ratio": 210.52,
            "debt_ratio": 56.23,
            "inventory_turnover_ratio": 0.43,
            "account_receivable_turnover_ratio": 1.37,
            "reinvestment_rate": 176.67,
            "research_to_sale_ratio": 8.58,
            "price_fair": 246.5,
            "eps_avg_yearly": 7.04,
            "eps_latest_yearly": 10.84,
            "eps_growth_yearly": 836.04
        },
        "20231": {
            "year_quarter": 20231,
            "year": 2023,
            "quarter": 1,
            "eps": 3.94,
            "eps_growth_year": 69.83,
            "eps_4q": 12.41,
            "eps_4q_growth_year": 107.38,
            "roe": 6.38,
            "gross_profit": 723915,
            "gross_margin": 50.23,
            "net_income": 363556,
            "revenue": 1441083,
            "common_shares": 840973,
            "equity": 6050589,
            "current_ratio": 191.1,
            "debt_ratio": 55.53,
            "inventory_turnover_ratio": 0.43,
            "account_receivable_turnover_ratio": 1.14,
            "reinvestment_rate": 183.16,
            "research_to_sale_ratio": 5.19,
            "price_fair": 284.9,
            "eps_avg_yearly": 8.14,
            "eps_latest_yearly": 15.76,
            "eps_growth_yearly": 876.23
        }
    },
    "months": {
        "2009-10": {
            "month": "2009-10",
            "price": "39.87",
            "revenue": 67161
        },
        "2009-11": {
            "month": "2009-11",
            "price": "41.47",
            "revenue": 74331
        },
        "2009-12": {
            "month": "2009-12",
            "price": "48.64",
            "revenue": 60192
        },
        "2010-01": {
            "month": "2010-01",
            "price": "49.28",
            "revenue": 43167
        },
        "2010-02": {
            "month": "2010-02",
            "price": "49.64",
            "revenue": 51807
        },
        "2010-03": {
            "month": "2010-03",
            "price": "56.50",
            "revenue": 58091
        },
        "2010-04": {
            "month": "2010-04",
            "price": "69.65",
            "revenue": 51755
        },
        "2010-05": {
            "month": "2010-05",
            "price": "70.45",
            "revenue": 76154
        },
        "2010-06": {
            "month": "2010-06",
            "price": "65.09",
            "revenue": 49802
        },
        "2010-07": {
            "month": "2010-07",
            "price": "63.53",
            "revenue": 53334
        },
        "2010-08": {
            "month": "2010-08",
            "price": "65.70",
            "revenue": 57881
        },
        "2010-09": {
            "month": "2010-09",
            "price": "72.83",
            "revenue": 26061
        },
        "2010-10": {
            "month": "2010-10",
            "price": "55.91",
            "revenue": 59332
        },
        "2010-11": {
            "month": "2010-11",
            "price": "55.56",
            "revenue": 46089
        },
        "2010-12": {
            "month": "2010-12",
            "price": "50.68",
            "revenue": 100816
        },
        "2011-01": {
            "month": "2011-01",
            "price": "50.85",
            "revenue": 50526
        },
        "2011-02": {
            "month": "2011-02",
            "price": "53.83",
            "revenue": 44208
        },
        "2011-03": {
            "month": "2011-03",
            "price": "59.63",
            "revenue": 99645
        },
        "2011-04": {
            "month": "2011-04",
            "price": "62.08",
            "revenue": 42253
        },
        "2011-05": {
            "month": "2011-05",
            "price": "57.78",
            "revenue": 64550
        },
        "2011-06": {
            "month": "2011-06",
            "price": "51.83",
            "revenue": 83525
        },
        "2011-07": {
            "month": "2011-07",
            "price": "47.58",
            "revenue": 69821
        },
        "2011-08": {
            "month": "2011-08",
            "price": "36.00",
            "revenue": 59991
        },
        "2011-09": {
            "month": "2011-09",
            "price": "39.68",
            "revenue": 59976
        },
        "2011-10": {
            "month": "2011-10",
            "price": "40.24",
            "revenue": 42413
        },
        "2011-11": {
            "month": "2011-11",
            "price": "35.65",
            "revenue": 65881
        },
        "2011-12": {
            "month": "2011-12",
            "price": "33.83",
            "revenue": 65794
        },
        "2012-01": {
            "month": "2012-01",
            "price": "35.50",
            "revenue": 35049
        },
        "2012-02": {
            "month": "2012-02",
            "price": "41.60",
            "revenue": 85081
        },
        "2012-03": {
            "month": "2012-03",
            "price": "61.08",
            "revenue": 63297
        },
        "2012-04": {
            "month": "2012-04",
            "price": "65.13",
            "revenue": 60047
        },
        "2012-05": {
            "month": "2012-05",
            "price": "59.04",
            "revenue": 71792
        },
        "2012-06": {
            "month": "2012-06",
            "price": "54.13",
            "revenue": 77227
        },
        "2012-07": {
            "month": "2012-07",
            "price": "60.62",
            "revenue": 85135
        },
        "2012-08": {
            "month": "2012-08",
            "price": "62.83",
            "revenue": 77227
        },
        "2012-09": {
            "month": "2012-09",
            "price": "59.34",
            "revenue": 93915
        },
        "2012-10": {
            "month": "2012-10",
            "price": "65.14",
            "revenue": 85418
        },
        "2012-11": {
            "month": "2012-11",
            "price": "62.58",
            "revenue": 95916
        },
        "2012-12": {
            "month": "2012-12",
            "price": "67.82",
            "revenue": 102277
        },
        "2013-01": {
            "month": "2013-01",
            "price": "72.39",
            "revenue": 189443
        },
        "2013-02": {
            "month": "2013-02",
            "price": "84.12",
            "revenue": 109499
        },
        "2013-03": {
            "month": "2013-03",
            "price": "85.30",
            "revenue": 159426
        },
        "2013-04": {
            "month": "2013-04",
            "price": "78.38",
            "revenue": 131425
        },
        "2013-05": {
            "month": "2013-05",
            "price": "72.40",
            "revenue": 105248
        },
        "2013-06": {
            "month": "2013-06",
            "price": "63.19",
            "revenue": 101891
        },
        "2013-07": {
            "month": "2013-07",
            "price": "58.69",
            "revenue": 133001
        },
        "2013-08": {
            "month": "2013-08",
            "price": "48.54",
            "revenue": 128159
        },
        "2013-09": {
            "month": "2013-09",
            "price": "47.61",
            "revenue": 137667
        },
        "2013-10": {
            "month": "2013-10",
            "price": "50.83",
            "revenue": 123714
        },
        "2013-11": {
            "month": "2013-11",
            "price": "49.97",
            "revenue": 160522
        },
        "2013-12": {
            "month": "2013-12",
            "price": "50.96",
            "revenue": 195466
        },
        "2014-01": {
            "month": "2014-01",
            "price": "54.93",
            "revenue": 192218
        },
        "2014-02": {
            "month": "2014-02",
            "price": "53.65",
            "revenue": 134146
        },
        "2014-03": {
            "month": "2014-03",
            "price": "59.02",
            "revenue": 169545
        },
        "2014-04": {
            "month": "2014-04",
            "price": "58.19",
            "revenue": 150049
        },
        "2014-05": {
            "month": "2014-05",
            "price": "51.65",
            "revenue": 141713
        },
        "2014-06": {
            "month": "2014-06",
            "price": "50.32",
            "revenue": 127316
        },
        "2014-07": {
            "month": "2014-07",
            "price": "48.38",
            "revenue": 150398
        },
        "2014-08": {
            "month": "2014-08",
            "price": "42.08",
            "revenue": 137907
        },
        "2014-09": {
            "month": "2014-09",
            "price": "45.17",
            "revenue": 158076
        },
        "2014-10": {
            "month": "2014-10",
            "price": "43.80",
            "revenue": 152526
        },
        "2014-11": {
            "month": "2014-11",
            "price": "41.63",
            "revenue": 126742
        },
        "2014-12": {
            "month": "2014-12",
            "price": "47.12",
            "revenue": 222679
        },
        "2015-01": {
            "month": "2015-01",
            "price": "52.61",
            "revenue": 166612
        },
        "2015-02": {
            "month": "2015-02",
            "price": "50.75",
            "revenue": 120990
        },
        "2015-03": {
            "month": "2015-03",
            "price": "50.24",
            "revenue": 176741
        },
        "2015-04": {
            "month": "2015-04",
            "price": "46.81",
            "revenue": 145902
        },
        "2015-05": {
            "month": "2015-05",
            "price": "41.85",
            "revenue": 149438
        },
        "2015-06": {
            "month": "2015-06",
            "price": "38.78",
            "revenue": 138648
        },
        "2015-07": {
            "month": "2015-07",
            "price": "37.31",
            "revenue": 122343
        },
        "2015-08": {
            "month": "2015-08",
            "price": "29.65",
            "revenue": 178798
        },
        "2015-09": {
            "month": "2015-09",
            "price": "30.28",
            "revenue": 172775
        },
        "2015-10": {
            "month": "2015-10",
            "price": "31.83",
            "revenue": 177036
        },
        "2015-11": {
            "month": "2015-11",
            "price": "29.91",
            "revenue": 169237
        },
        "2015-12": {
            "month": "2015-12",
            "price": "29.92",
            "revenue": 214904
        },
        "2016-01": {
            "month": "2016-01",
            "price": "27.94",
            "revenue": 185208
        },
        "2016-02": {
            "month": "2016-02",
            "price": "29.83",
            "revenue": 140325
        },
        "2016-03": {
            "month": "2016-03",
            "price": "34.35",
            "revenue": 173499
        },
        "2016-04": {
            "month": "2016-04",
            "price": "32.53",
            "revenue": 151265
        },
        "2016-05": {
            "month": "2016-05",
            "price": "28.70",
            "revenue": 151150
        },
        "2016-06": {
            "month": "2016-06",
            "price": "31.31",
            "revenue": 185687
        },
        "2016-07": {
            "month": "2016-07",
            "price": "32.34",
            "revenue": 169891
        },
        "2016-08": {
            "month": "2016-08",
            "price": "31.40",
            "revenue": 183012
        },
        "2016-09": {
            "month": "2016-09",
            "price": "31.03",
            "revenue": 181241
        },
        "2016-10": {
            "month": "2016-10",
            "price": "30.92",
            "revenue": 187662
        },
        "2016-11": {
            "month": "2016-11",
            "price": "29.89",
            "revenue": 217727
        },
        "2016-12": {
            "month": "2016-12",
            "price": "32.86",
            "revenue": 248441
        },
        "2017-01": {
            "month": "2017-01",
            "price": "33.70",
            "revenue": 123174
        },
        "2017-02": {
            "month": "2017-02",
            "price": "33.62",
            "revenue": 100385
        },
        "2017-03": {
            "month": "2017-03",
            "price": "36.96",
            "revenue": 105322
        },
        "2017-04": {
            "month": "2017-04",
            "price": "34.85",
            "revenue": 107015
        },
        "2017-05": {
            "month": "2017-05",
            "price": "34.34",
            "revenue": 128550
        },
        "2017-06": {
            "month": "2017-06",
            "price": "33.95",
            "revenue": 135737
        },
        "2017-07": {
            "month": "2017-07",
            "price": "33.76",
            "revenue": 126441
        },
        "2017-08": {
            "month": "2017-08",
            "price": "32.31",
            "revenue": 187541
        },
        "2017-09": {
            "month": "2017-09",
            "price": "34.81",
            "revenue": 181148
        },
        "2017-10": {
            "month": "2017-10",
            "price": "36.30",
            "revenue": 166061
        },
        "2017-11": {
            "month": "2017-11",
            "price": "37.47",
            "revenue": 201448
        },
        "2017-12": {
            "month": "2017-12",
            "price": "39.86",
            "revenue": 214261
        },
        "2018-01": {
            "month": "2018-01",
            "price": "39.64",
            "revenue": 123983
        },
        "2018-02": {
            "month": "2018-02",
            "price": "37.05",
            "revenue": 93015
        },
        "2018-03": {
            "month": "2018-03",
            "price": "36.44",
            "revenue": 128244
        },
        "2018-04": {
            "month": "2018-04",
            "price": "37.16",
            "revenue": 131819
        },
        "2018-05": {
            "month": "2018-05",
            "price": "36.08",
            "revenue": 113671
        },
        "2018-06": {
            "month": "2018-06",
            "price": "35.39",
            "revenue": 126389
        },
        "2018-07": {
            "month": "2018-07",
            "price": "33.89",
            "revenue": 113783
        },
        "2018-08": {
            "month": "2018-08",
            "price": "33.16",
            "revenue": 137978
        },
        "2018-09": {
            "month": "2018-09",
            "price": "32.43",
            "revenue": 115895
        },
        "2018-10": {
            "month": "2018-10",
            "price": "30.05",
            "revenue": 140510
        },
        "2018-11": {
            "month": "2018-11",
            "price": "30.63",
            "revenue": 175325
        },
        "2018-12": {
            "month": "2018-12",
            "price": "32.60",
            "revenue": 238422
        },
        "2019-01": {
            "month": "2019-01",
            "price": "32.90",
            "revenue": 171199
        },
        "2019-02": {
            "month": "2019-02",
            "price": "33.72",
            "revenue": 81360
        },
        "2019-03": {
            "month": "2019-03",
            "price": "33.01",
            "revenue": 155830
        },
        "2019-04": {
            "month": "2019-04",
            "price": "32.64",
            "revenue": 126146
        },
        "2019-05": {
            "month": "2019-05",
            "price": "34.73",
            "revenue": 299415
        },
        "2019-06": {
            "month": "2019-06",
            "price": "37.56",
            "revenue": 235544
        },
        "2019-07": {
            "month": "2019-07",
            "price": "51.81",
            "revenue": 172876
        },
        "2019-08": {
            "month": "2019-08",
            "price": "73.36",
            "revenue": 217180
        },
        "2019-09": {
            "month": "2019-09",
            "price": "82.06",
            "revenue": 196606
        },
        "2019-10": {
            "month": "2019-10",
            "price": "116.82",
            "revenue": 180441
        },
        "2019-11": {
            "month": "2019-11",
            "price": "131.69",
            "revenue": 257752
        },
        "2019-12": {
            "month": "2019-12",
            "price": "178.16",
            "revenue": 276998
        },
        "2020-01": {
            "month": "2020-01",
            "price": "183.60",
            "revenue": 143326
        },
        "2020-02": {
            "month": "2020-02",
            "price": "174.11",
            "revenue": 112587
        },
        "2020-03": {
            "month": "2020-03",
            "price": "134.22",
            "revenue": 198676
        },
        "2020-04": {
            "month": "2020-04",
            "price": "142.42",
            "revenue": 242471
        },
        "2020-05": {
            "month": "2020-05",
            "price": "196.28",
            "revenue": 213966
        },
        "2020-06": {
            "month": "2020-06",
            "price": "231.40",
            "revenue": 319322
        },
        "2020-07": {
            "month": "2020-07",
            "price": "292.63",
            "revenue": 214587
        },
        "2020-08": {
            "month": "2020-08",
            "price": "269.62",
            "revenue": 171127
        },
        "2020-09": {
            "month": "2020-09",
            "price": "263.89",
            "revenue": 172362
        },
        "2020-10": {
            "month": "2020-10",
            "price": "279.08",
            "revenue": 190373
        },
        "2020-11": {
            "month": "2020-11",
            "price": "279.64",
            "revenue": 167087
        },
        "2020-12": {
            "month": "2020-12",
            "price": "273.30",
            "revenue": 358585
        },
        "2021-01": {
            "month": "2021-01",
            "price": "310.12",
            "revenue": 220723
        },
        "2021-02": {
            "month": "2021-02",
            "price": "347.85",
            "revenue": 181396
        },
        "2021-03": {
            "month": "2021-03",
            "price": "322.23",
            "revenue": 236096
        },
        "2021-04": {
            "month": "2021-04",
            "price": "340.92",
            "revenue": 166098
        },
        "2021-05": {
            "month": "2021-05",
            "price": "259.81",
            "revenue": 235286
        },
        "2021-06": {
            "month": "2021-06",
            "price": "277.36",
            "revenue": 202245
        },
        "2021-07": {
            "month": "2021-07",
            "price": "280.41",
            "revenue": 232698
        },
        "2021-08": {
            "month": "2021-08",
            "price": "250.30",
            "revenue": 197872
        },
        "2021-09": {
            "month": "2021-09",
            "price": "234.42",
            "revenue": 239028
        },
        "2021-10": {
            "month": "2021-10",
            "price": "232.30",
            "revenue": 380524
        },
        "2021-11": {
            "month": "2021-11",
            "price": "259.93",
            "revenue": 410296
        },
        "2021-12": {
            "month": "2021-12",
            "price": "315.18",
            "revenue": 405980
        },
        "2022-01": {
            "month": "2022-01",
            "price": "290.78",
            "revenue": 336883
        },
        "2022-02": {
            "month": "2022-02",
            "price": "261.20",
            "revenue": 277086
        },
        "2022-03": {
            "month": "2022-03",
            "price": "247.04",
            "revenue": 409967
        },
        "2022-04": {
            "month": "2022-04",
            "price": "225.39",
            "revenue": 366345
        },
        "2022-05": {
            "month": "2022-05",
            "price": "226.31",
            "revenue": 319884
        },
        "2022-06": {
            "month": "2022-06",
            "price": "234.64",
            "revenue": 379707
        },
        "2022-07": {
            "month": "2022-07",
            "price": "200.95",
            "revenue": 317637
        },
        "2022-08": {
            "month": "2022-08",
            "price": "257.57",
            "revenue": 400169
        },
        "2022-09": {
            "month": "2022-09",
            "price": "280.74",
            "revenue": 348727
        },
        "2022-10": {
            "month": "2022-10",
            "price": "231.22",
            "revenue": 251293
        },
        "2022-11": {
            "month": "2022-11",
            "price": "231.27",
            "revenue": 432432
        },
        "2022-12": {
            "month": "2022-12",
            "price": "257.93",
            "revenue": 647635
        },
        "2023-01": {
            "month": "2023-01",
            "price": "276.08",
            "revenue": 313518
        },
        "2023-02": {
            "month": "2023-02",
            "price": "287.94",
            "revenue": 426531
        },
        "2023-03": {
            "month": "2023-03",
            "price": "334.28",
            "revenue": 698080
        },
        "2023-04": {
            "month": "2023-04",
            "price": "352.82",
            "revenue": 300773
        }
    }
}
