{
    "summary": {
        "stock_name": "亞太電",
        "stock_id": "3682",
        "category": "通信網路",
        "main_business": "通訊業",
        "website_url": "http://www.aptg.com.tw",
        "ceo": "陳鵬",
        "pe_ratio": -7,
        "report_year_from": 2009,
        "report_year_to": 2023,
        "age": 15,
        "eps_negative_percentage": 91,
        "eps_growth_avg": {
            "last_all": -100,
            "last_2y": null,
            "last_4y": null,
            "last_8y": null,
            "last_12y": null,
            "last_16y": null,
            "last_20y": null,
            "at_2006_last_3y": null,
            "at_2007_last_3y": null,
            "at_2008_last_3y": null,
            "at_2009_last_3y": null,
            "at_2010_last_3y": null,
            "at_2011_last_3y": null,
            "at_2012_last_3y": null,
            "at_2013_last_3y": null,
            "at_2014_last_3y": null,
            "at_2015_last_3y": null,
            "at_2016_last_3y": null,
            "at_2017_last_3y": -100,
            "at_2018_last_3y": null,
            "at_2019_last_3y": null,
            "at_2020_last_3y": null,
            "at_2021_last_3y": null,
            "at_2022_last_3y": null,
            "at_2023_last_3y": null,
            "at_2024_last_3y": null,
            "at_2006_last_all": null,
            "at_2007_last_all": null,
            "at_2008_last_all": null,
            "at_2009_last_all": null,
            "at_2010_last_all": null,
            "at_2011_last_all": null,
            "at_2012_last_all": null,
            "at_2013_last_all": null,
            "at_2014_last_all": null,
            "at_2015_last_all": -100,
            "at_2016_last_all": -100,
            "at_2017_last_all": -100,
            "at_2018_last_all": -100,
            "at_2019_last_all": -100,
            "at_2020_last_all": -100,
            "at_2021_last_all": -100,
            "at_2022_last_all": -100,
            "at_2023_last_all": -100,
            "at_2024_last_all": -100
        },
        "latest_eps": -1.12,
        "latest_price": 7.47,
        "latest_roe": -21.29,
        "latest_gross_margin": 9.18,
        "latest_equity": 19821727,
        "latest_revenue": 2639493,
        "latest_gross_profit": 242424,
        "latest_net_income": -1112176,
        "latest_debt_ratio": 45.15,
        "latest_current_ratio": 21.21,
        "latest_account_receivable_turnover_ratio": 2.27,
        "latest_inventory_turnover_ratio": 75.53,
        "latest_reinvestment_rate": null,
        "latest_research_to_sale_ratio": null
    },
    "eps_dividends": {
        "2001": {
            "cash": 0,
            "stock": 0,
            "eps": 0
        },
        "2002": {
            "cash": 0,
            "stock": 0,
            "eps": 0
        },
        "2003": {
            "cash": 0,
            "stock": 0,
            "eps": 0
        },
        "2004": {
            "cash": 0,
            "stock": 0,
            "eps": 0
        },
        "2005": {
            "cash": 0,
            "stock": 0,
            "eps": 0
        },
        "2006": {
            "cash": 0,
            "stock": 0,
            "eps": 0
        },
        "2007": {
            "cash": 0,
            "stock": 0,
            "eps": 0
        },
        "2008": {
            "cash": 0,
            "stock": 0,
            "eps": 0
        },
        "2009": {
            "cash": 0,
            "stock": 0,
            "eps": 0
        },
        "2010": {
            "cash": 0,
            "stock": 0,
            "eps": 0
        },
        "2011": {
            "cash": 0,
            "stock": 0,
            "eps": 0
        },
        "2012": {
            "cash": 0,
            "stock": 0,
            "eps": 0
        },
        "2013": {
            "cash": 0.7,
            "stock": 0,
            "eps": 0.56
        },
        "2014": {
            "cash": 0.46,
            "stock": 0,
            "eps": -2.14
        },
        "2015": {
            "cash": 0,
            "stock": 0,
            "eps": -0.42
        },
        "2016": {
            "cash": 0,
            "stock": 0,
            "eps": -1.19
        },
        "2017": {
            "cash": 0,
            "stock": 0,
            "eps": -0.94
        },
        "2018": {
            "cash": 0,
            "stock": 0,
            "eps": -0.76
        },
        "2019": {
            "cash": 0,
            "stock": 0,
            "eps": -1.25
        },
        "2020": {
            "cash": 0,
            "stock": 0,
            "eps": -1.52
        },
        "2021": {
            "cash": 0,
            "stock": 0,
            "eps": -1.36
        },
        "2022": {
            "cash": 0,
            "stock": 0,
            "eps": -1.26
        },
        "2023": {
            "cash": 0,
            "stock": 0,
            "eps": -0.84
        }
    },
    "dividends": {
        "2013-03-08": {
            "cash": 0.7,
            "stock": 0
        },
        "2014-06-20": {
            "cash": 0.46,
            "stock": 0
        }
    },
    "prices": {
        "200101": "無",
        "200102": "無",
        "200103": "無",
        "200104": "無",
        "200105": "無",
        "200106": "無",
        "200107": "無",
        "200108": "無",
        "200109": "無",
        "200110": "無",
        "200111": "無",
        "200112": "無",
        "200201": "無",
        "200202": "無",
        "200203": "無",
        "200204": "無",
        "200205": "無",
        "200206": "無",
        "200207": "無",
        "200208": "無",
        "200209": "無",
        "200210": "無",
        "200211": "無",
        "200212": "無",
        "200301": "無",
        "200302": "無",
        "200303": "無",
        "200304": "無",
        "200305": "無",
        "200306": "無",
        "200307": "無",
        "200308": "無",
        "200309": "無",
        "200310": "無",
        "200311": "無",
        "200312": "無",
        "200401": "無",
        "200402": "無",
        "200403": "無",
        "200404": "無",
        "200405": "無",
        "200406": "無",
        "200407": "無",
        "200408": "無",
        "200409": "無",
        "200410": "無",
        "200411": "無",
        "200412": "無",
        "200501": "無",
        "200502": "無",
        "200503": "無",
        "200504": "無",
        "200505": "無",
        "200506": "無",
        "200507": "無",
        "200508": "無",
        "200509": "無",
        "200510": "無",
        "200511": "無",
        "200512": "無",
        "200601": "無",
        "200602": "無",
        "200603": "無",
        "200604": "無",
        "200605": "無",
        "200606": "無",
        "200607": "無",
        "200608": "無",
        "200609": "無",
        "200610": "無",
        "200611": "無",
        "200612": "無",
        "200701": "無",
        "200702": "無",
        "200703": "無",
        "200704": "無",
        "200705": "無",
        "200706": "無",
        "200707": "無",
        "200708": "無",
        "200709": "無",
        "200710": "無",
        "200711": "無",
        "200712": "無",
        "200801": "無",
        "200802": "無",
        "200803": "無",
        "200804": "無",
        "200805": "無",
        "200806": "無",
        "200807": "無",
        "200808": "無",
        "200809": "無",
        "200810": "無",
        "200811": "無",
        "200812": "無",
        "200901": "無",
        "200902": "無",
        "200903": "無",
        "200904": "無",
        "200905": "無",
        "200906": "無",
        "200907": "無",
        "200908": "無",
        "200909": "無",
        "200910": "無",
        "200911": "無",
        "200912": "無",
        "201001": "無",
        "201002": "無",
        "201003": "無",
        "201004": "無",
        "201005": "無",
        "201006": "無",
        "201007": "無",
        "201008": "無",
        "201009": "無",
        "201010": "無",
        "201011": "無",
        "201012": "無",
        "201101": "無",
        "201102": "無",
        "201103": "無",
        "201104": "無",
        "201105": "無",
        "201106": "無",
        "201107": "無",
        "201108": "無",
        "201109": "無",
        "201110": "無",
        "201111": "無",
        "201112": "10.14",
        "201201": "9.95",
        "201202": "11.83",
        "201203": "12.73",
        "201204": "13.62",
        "201205": "13.40",
        "201206": "12.81",
        "201207": "13.28",
        "201208": "16.10",
        "201209": "17.59",
        "201210": "16.60",
        "201211": "13.96",
        "201212": "13.23",
        "201301": "13.60",
        "201302": "14.15",
        "201303": "13.94",
        "201304": "14.22",
        "201305": "14.19",
        "201306": "13.84",
        "201307": "14.36",
        "201308": "16.22",
        "201309": "17.46",
        "201310": "17.52",
        "201311": "17.63",
        "201312": "15.78",
        "201401": "15.33",
        "201402": "14.84",
        "201403": "14.55",
        "201404": "14.33",
        "201405": "17.04",
        "201406": "17.20",
        "201407": "18.10",
        "201408": "18.59",
        "201409": "18.28",
        "201410": "17.52",
        "201411": "17.96",
        "201412": "17.64",
        "201501": "16.12",
        "201502": "15.21",
        "201503": "14.62",
        "201504": "13.60",
        "201505": "12.45",
        "201506": "11.23",
        "201507": "11.41",
        "201508": "9.42",
        "201509": "9.47",
        "201510": "10.51",
        "201511": "10.99",
        "201512": "10.47",
        "201601": "10.56",
        "201602": "11.12",
        "201603": "11.57",
        "201604": "10.77",
        "201605": "10.22",
        "201606": "10.76",
        "201607": "10.88",
        "201608": "11.02",
        "201609": "10.55",
        "201610": "10.19",
        "201611": "9.76",
        "201612": "10.16",
        "201701": "10.29",
        "201702": "10.22",
        "201703": "10.13",
        "201704": "9.70",
        "201705": "9.69",
        "201706": "10.18",
        "201707": "10.44",
        "201708": "10.29",
        "201709": "10.27",
        "201710": "10.09",
        "201711": "9.73",
        "201712": "9.70",
        "201801": "10.08",
        "201802": "9.51",
        "201803": "9.25",
        "201804": "8.91",
        "201805": "8.35",
        "201806": "8.26",
        "201807": "7.91",
        "201808": "7.45",
        "201809": "7.00",
        "201810": "6.14",
        "201811": "6.55",
        "201812": "7.44",
        "201901": "6.95",
        "201902": "7.04",
        "201903": "7.13",
        "201904": "7.95",
        "201905": "7.46",
        "201906": "7.25",
        "201907": "7.27",
        "201908": "6.28",
        "201909": "6.23",
        "201910": "5.98",
        "201911": "7.20",
        "201912": "7.85",
        "202001": "7.72",
        "202002": "7.45",
        "202003": "6.15",
        "202004": "6.65",
        "202005": "6.67",
        "202006": "7.00",
        "202007": "7.50",
        "202008": "7.22",
        "202009": "9.36",
        "202010": "9.82",
        "202011": "9.49",
        "202012": "9.85",
        "202101": "9.98",
        "202102": "9.61",
        "202103": "9.60",
        "202104": "9.84",
        "202105": "8.76",
        "202106": "8.94",
        "202107": "8.38",
        "202108": "8.21",
        "202109": "8.23",
        "202110": "8.14",
        "202111": "8.42",
        "202112": "8.23",
        "202201": "8.18",
        "202202": "8.06",
        "202203": "6.66",
        "202204": "7.01",
        "202205": "7.14",
        "202206": "7.19",
        "202207": "7.14",
        "202208": "6.94",
        "202209": "6.69",
        "202210": "6.24",
        "202211": "6.20",
        "202212": "6.02",
        "202301": "6.05",
        "202302": "6.25",
        "202303": "6.18",
        "202304": "6.60",
        "202305": "6.67",
        "202306": "6.75",
        "202307": "6.42",
        "202308": "6.29",
        "202309": "6.21",
        "202310": "6.56",
        "202311": "7.20",
        "202312": "7.49"
    },
    "quarters": {
        "20011": {
            "year_quarter": 20011,
            "year": 2001,
            "quarter": 1,
            "eps": null,
            "eps_growth_year": null,
            "eps_4q": null,
            "eps_4q_growth_year": null,
            "roe": null,
            "roe_4q": 0,
            "gross_profit": null,
            "gross_margin": null,
            "gross_margin_4q_avg": 0,
            "net_income": null,
            "net_income_4q": null,
            "revenue": null,
            "revenue_4q": null,
            "common_shares": null,
            "book_valuer_per_share": null,
            "book_valuer_per_share_4q_avg": 0,
            "equity": null,
            "current_ratio": null,
            "debt_ratio": null,
            "inventory_turnover_ratio": null,
            "account_receivable_turnover_ratio": null,
            "reinvestment_rate": null,
            "research_to_sale_ratio": null,
            "price_fair": 0,
            "eps_avg_yearly": 0,
            "eps_latest_yearly": 0,
            "eps_growth_yearly": 0
        },
        "20012": {
            "year_quarter": 20012,
            "year": 2001,
            "quarter": 2,
            "eps": null,
            "eps_growth_year": null,
            "eps_4q": null,
            "eps_4q_growth_year": null,
            "roe": null,
            "roe_4q": 0,
            "gross_profit": null,
            "gross_margin": null,
            "gross_margin_4q_avg": 0,
            "net_income": null,
            "net_income_4q": null,
            "revenue": null,
            "revenue_4q": null,
            "common_shares": null,
            "book_valuer_per_share": null,
            "book_valuer_per_share_4q_avg": 0,
            "equity": null,
            "current_ratio": null,
            "debt_ratio": null,
            "inventory_turnover_ratio": null,
            "account_receivable_turnover_ratio": null,
            "reinvestment_rate": null,
            "research_to_sale_ratio": null,
            "price_fair": 0,
            "eps_avg_yearly": 0,
            "eps_latest_yearly": 0,
            "eps_growth_yearly": 0
        },
        "20013": {
            "year_quarter": 20013,
            "year": 2001,
            "quarter": 3,
            "eps": null,
            "eps_growth_year": null,
            "eps_4q": null,
            "eps_4q_growth_year": null,
            "roe": null,
            "roe_4q": 0,
            "gross_profit": null,
            "gross_margin": null,
            "gross_margin_4q_avg": 0,
            "net_income": null,
            "net_income_4q": null,
            "revenue": null,
            "revenue_4q": null,
            "common_shares": null,
            "book_valuer_per_share": null,
            "book_valuer_per_share_4q_avg": 0,
            "equity": null,
            "current_ratio": null,
            "debt_ratio": null,
            "inventory_turnover_ratio": null,
            "account_receivable_turnover_ratio": null,
            "reinvestment_rate": null,
            "research_to_sale_ratio": null,
            "price_fair": 0,
            "eps_avg_yearly": 0,
            "eps_latest_yearly": 0,
            "eps_growth_yearly": 0
        },
        "20014": {
            "year_quarter": 20014,
            "year": 2001,
            "quarter": 4,
            "eps": null,
            "eps_growth_year": null,
            "eps_4q": null,
            "eps_4q_growth_year": null,
            "roe": null,
            "roe_4q": 0,
            "gross_profit": null,
            "gross_margin": null,
            "gross_margin_4q_avg": 0,
            "net_income": null,
            "net_income_4q": null,
            "revenue": null,
            "revenue_4q": null,
            "common_shares": null,
            "book_valuer_per_share": null,
            "book_valuer_per_share_4q_avg": 0,
            "equity": null,
            "current_ratio": null,
            "debt_ratio": null,
            "inventory_turnover_ratio": null,
            "account_receivable_turnover_ratio": null,
            "reinvestment_rate": null,
            "research_to_sale_ratio": null,
            "price_fair": 0,
            "eps_avg_yearly": 0,
            "eps_latest_yearly": 0,
            "eps_growth_yearly": 0
        },
        "20021": {
            "year_quarter": 20021,
            "year": 2002,
            "quarter": 1,
            "eps": null,
            "eps_growth_year": null,
            "eps_4q": null,
            "eps_4q_growth_year": null,
            "roe": null,
            "roe_4q": 0,
            "gross_profit": null,
            "gross_margin": null,
            "gross_margin_4q_avg": 0,
            "net_income": null,
            "net_income_4q": null,
            "revenue": null,
            "revenue_4q": null,
            "common_shares": null,
            "book_valuer_per_share": null,
            "book_valuer_per_share_4q_avg": 0,
            "equity": null,
            "current_ratio": null,
            "debt_ratio": null,
            "inventory_turnover_ratio": null,
            "account_receivable_turnover_ratio": null,
            "reinvestment_rate": null,
            "research_to_sale_ratio": null,
            "price_fair": 0,
            "eps_avg_yearly": 0,
            "eps_latest_yearly": 0,
            "eps_growth_yearly": 0
        },
        "20022": {
            "year_quarter": 20022,
            "year": 2002,
            "quarter": 2,
            "eps": null,
            "eps_growth_year": null,
            "eps_4q": null,
            "eps_4q_growth_year": null,
            "roe": null,
            "roe_4q": 0,
            "gross_profit": null,
            "gross_margin": null,
            "gross_margin_4q_avg": 0,
            "net_income": null,
            "net_income_4q": null,
            "revenue": null,
            "revenue_4q": null,
            "common_shares": null,
            "book_valuer_per_share": null,
            "book_valuer_per_share_4q_avg": 0,
            "equity": null,
            "current_ratio": null,
            "debt_ratio": null,
            "inventory_turnover_ratio": null,
            "account_receivable_turnover_ratio": null,
            "reinvestment_rate": null,
            "research_to_sale_ratio": null,
            "price_fair": 0,
            "eps_avg_yearly": 0,
            "eps_latest_yearly": 0,
            "eps_growth_yearly": 0
        },
        "20023": {
            "year_quarter": 20023,
            "year": 2002,
            "quarter": 3,
            "eps": null,
            "eps_growth_year": null,
            "eps_4q": null,
            "eps_4q_growth_year": null,
            "roe": null,
            "roe_4q": 0,
            "gross_profit": null,
            "gross_margin": null,
            "gross_margin_4q_avg": 0,
            "net_income": null,
            "net_income_4q": null,
            "revenue": null,
            "revenue_4q": null,
            "common_shares": null,
            "book_valuer_per_share": null,
            "book_valuer_per_share_4q_avg": 0,
            "equity": null,
            "current_ratio": null,
            "debt_ratio": null,
            "inventory_turnover_ratio": null,
            "account_receivable_turnover_ratio": null,
            "reinvestment_rate": null,
            "research_to_sale_ratio": null,
            "price_fair": 0,
            "eps_avg_yearly": 0,
            "eps_latest_yearly": 0,
            "eps_growth_yearly": 0
        },
        "20024": {
            "year_quarter": 20024,
            "year": 2002,
            "quarter": 4,
            "eps": null,
            "eps_growth_year": null,
            "eps_4q": null,
            "eps_4q_growth_year": null,
            "roe": null,
            "roe_4q": 0,
            "gross_profit": null,
            "gross_margin": null,
            "gross_margin_4q_avg": 0,
            "net_income": null,
            "net_income_4q": null,
            "revenue": null,
            "revenue_4q": null,
            "common_shares": null,
            "book_valuer_per_share": null,
            "book_valuer_per_share_4q_avg": 0,
            "equity": null,
            "current_ratio": null,
            "debt_ratio": null,
            "inventory_turnover_ratio": null,
            "account_receivable_turnover_ratio": null,
            "reinvestment_rate": null,
            "research_to_sale_ratio": null,
            "price_fair": 0,
            "eps_avg_yearly": 0,
            "eps_latest_yearly": 0,
            "eps_growth_yearly": 0
        },
        "20031": {
            "year_quarter": 20031,
            "year": 2003,
            "quarter": 1,
            "eps": null,
            "eps_growth_year": null,
            "eps_4q": null,
            "eps_4q_growth_year": null,
            "roe": null,
            "roe_4q": 0,
            "gross_profit": null,
            "gross_margin": null,
            "gross_margin_4q_avg": 0,
            "net_income": null,
            "net_income_4q": null,
            "revenue": null,
            "revenue_4q": null,
            "common_shares": null,
            "book_valuer_per_share": null,
            "book_valuer_per_share_4q_avg": 0,
            "equity": null,
            "current_ratio": null,
            "debt_ratio": null,
            "inventory_turnover_ratio": null,
            "account_receivable_turnover_ratio": null,
            "reinvestment_rate": null,
            "research_to_sale_ratio": null,
            "price_fair": 0,
            "eps_avg_yearly": 0,
            "eps_latest_yearly": 0,
            "eps_growth_yearly": 0
        },
        "20032": {
            "year_quarter": 20032,
            "year": 2003,
            "quarter": 2,
            "eps": null,
            "eps_growth_year": null,
            "eps_4q": null,
            "eps_4q_growth_year": null,
            "roe": null,
            "roe_4q": 0,
            "gross_profit": null,
            "gross_margin": null,
            "gross_margin_4q_avg": 0,
            "net_income": null,
            "net_income_4q": null,
            "revenue": null,
            "revenue_4q": null,
            "common_shares": null,
            "book_valuer_per_share": null,
            "book_valuer_per_share_4q_avg": 0,
            "equity": null,
            "current_ratio": null,
            "debt_ratio": null,
            "inventory_turnover_ratio": null,
            "account_receivable_turnover_ratio": null,
            "reinvestment_rate": null,
            "research_to_sale_ratio": null,
            "price_fair": 0,
            "eps_avg_yearly": 0,
            "eps_latest_yearly": 0,
            "eps_growth_yearly": 0
        },
        "20033": {
            "year_quarter": 20033,
            "year": 2003,
            "quarter": 3,
            "eps": null,
            "eps_growth_year": null,
            "eps_4q": null,
            "eps_4q_growth_year": null,
            "roe": null,
            "roe_4q": 0,
            "gross_profit": null,
            "gross_margin": null,
            "gross_margin_4q_avg": 0,
            "net_income": null,
            "net_income_4q": null,
            "revenue": null,
            "revenue_4q": null,
            "common_shares": null,
            "book_valuer_per_share": null,
            "book_valuer_per_share_4q_avg": 0,
            "equity": null,
            "current_ratio": null,
            "debt_ratio": null,
            "inventory_turnover_ratio": null,
            "account_receivable_turnover_ratio": null,
            "reinvestment_rate": null,
            "research_to_sale_ratio": null,
            "price_fair": 0,
            "eps_avg_yearly": 0,
            "eps_latest_yearly": 0,
            "eps_growth_yearly": 0
        },
        "20034": {
            "year_quarter": 20034,
            "year": 2003,
            "quarter": 4,
            "eps": null,
            "eps_growth_year": null,
            "eps_4q": null,
            "eps_4q_growth_year": null,
            "roe": null,
            "roe_4q": 0,
            "gross_profit": null,
            "gross_margin": null,
            "gross_margin_4q_avg": 0,
            "net_income": null,
            "net_income_4q": null,
            "revenue": null,
            "revenue_4q": null,
            "common_shares": null,
            "book_valuer_per_share": null,
            "book_valuer_per_share_4q_avg": 0,
            "equity": null,
            "current_ratio": null,
            "debt_ratio": null,
            "inventory_turnover_ratio": null,
            "account_receivable_turnover_ratio": null,
            "reinvestment_rate": null,
            "research_to_sale_ratio": null,
            "price_fair": 0,
            "eps_avg_yearly": 0,
            "eps_latest_yearly": 0,
            "eps_growth_yearly": 0
        },
        "20041": {
            "year_quarter": 20041,
            "year": 2004,
            "quarter": 1,
            "eps": null,
            "eps_growth_year": null,
            "eps_4q": null,
            "eps_4q_growth_year": null,
            "roe": null,
            "roe_4q": 0,
            "gross_profit": null,
            "gross_margin": null,
            "gross_margin_4q_avg": 0,
            "net_income": null,
            "net_income_4q": null,
            "revenue": null,
            "revenue_4q": null,
            "common_shares": null,
            "book_valuer_per_share": null,
            "book_valuer_per_share_4q_avg": 0,
            "equity": null,
            "current_ratio": null,
            "debt_ratio": null,
            "inventory_turnover_ratio": null,
            "account_receivable_turnover_ratio": null,
            "reinvestment_rate": null,
            "research_to_sale_ratio": null,
            "price_fair": 0,
            "eps_avg_yearly": 0,
            "eps_latest_yearly": 0,
            "eps_growth_yearly": 0
        },
        "20042": {
            "year_quarter": 20042,
            "year": 2004,
            "quarter": 2,
            "eps": null,
            "eps_growth_year": null,
            "eps_4q": null,
            "eps_4q_growth_year": null,
            "roe": null,
            "roe_4q": 0,
            "gross_profit": null,
            "gross_margin": null,
            "gross_margin_4q_avg": 0,
            "net_income": null,
            "net_income_4q": null,
            "revenue": null,
            "revenue_4q": null,
            "common_shares": null,
            "book_valuer_per_share": null,
            "book_valuer_per_share_4q_avg": 0,
            "equity": null,
            "current_ratio": null,
            "debt_ratio": null,
            "inventory_turnover_ratio": null,
            "account_receivable_turnover_ratio": null,
            "reinvestment_rate": null,
            "research_to_sale_ratio": null,
            "price_fair": 0,
            "eps_avg_yearly": 0,
            "eps_latest_yearly": 0,
            "eps_growth_yearly": 0
        },
        "20043": {
            "year_quarter": 20043,
            "year": 2004,
            "quarter": 3,
            "eps": null,
            "eps_growth_year": null,
            "eps_4q": null,
            "eps_4q_growth_year": null,
            "roe": null,
            "roe_4q": 0,
            "gross_profit": null,
            "gross_margin": null,
            "gross_margin_4q_avg": 0,
            "net_income": null,
            "net_income_4q": null,
            "revenue": null,
            "revenue_4q": null,
            "common_shares": null,
            "book_valuer_per_share": null,
            "book_valuer_per_share_4q_avg": 0,
            "equity": null,
            "current_ratio": null,
            "debt_ratio": null,
            "inventory_turnover_ratio": null,
            "account_receivable_turnover_ratio": null,
            "reinvestment_rate": null,
            "research_to_sale_ratio": null,
            "price_fair": 0,
            "eps_avg_yearly": 0,
            "eps_latest_yearly": 0,
            "eps_growth_yearly": 0
        },
        "20044": {
            "year_quarter": 20044,
            "year": 2004,
            "quarter": 4,
            "eps": null,
            "eps_growth_year": null,
            "eps_4q": null,
            "eps_4q_growth_year": null,
            "roe": null,
            "roe_4q": 0,
            "gross_profit": null,
            "gross_margin": null,
            "gross_margin_4q_avg": 0,
            "net_income": null,
            "net_income_4q": null,
            "revenue": null,
            "revenue_4q": null,
            "common_shares": 65680000,
            "book_valuer_per_share": 9.44,
            "book_valuer_per_share_4q_avg": 2.36,
            "equity": 62018509,
            "current_ratio": 247.7,
            "debt_ratio": 7.08,
            "inventory_turnover_ratio": null,
            "account_receivable_turnover_ratio": null,
            "reinvestment_rate": null,
            "research_to_sale_ratio": null,
            "price_fair": 0,
            "eps_avg_yearly": 0,
            "eps_latest_yearly": 0,
            "eps_growth_yearly": 0
        },
        "20051": {
            "year_quarter": 20051,
            "year": 2005,
            "quarter": 1,
            "eps": null,
            "eps_growth_year": null,
            "eps_4q": null,
            "eps_4q_growth_year": null,
            "roe": null,
            "roe_4q": 0,
            "gross_profit": null,
            "gross_margin": null,
            "gross_margin_4q_avg": 0,
            "net_income": null,
            "net_income_4q": null,
            "revenue": null,
            "revenue_4q": null,
            "common_shares": null,
            "book_valuer_per_share": null,
            "book_valuer_per_share_4q_avg": 2.36,
            "equity": null,
            "current_ratio": null,
            "debt_ratio": null,
            "inventory_turnover_ratio": null,
            "account_receivable_turnover_ratio": null,
            "reinvestment_rate": null,
            "research_to_sale_ratio": null,
            "price_fair": 0,
            "eps_avg_yearly": 0,
            "eps_latest_yearly": 0,
            "eps_growth_yearly": 0
        },
        "20052": {
            "year_quarter": 20052,
            "year": 2005,
            "quarter": 2,
            "eps": null,
            "eps_growth_year": null,
            "eps_4q": null,
            "eps_4q_growth_year": null,
            "roe": null,
            "roe_4q": 0,
            "gross_profit": null,
            "gross_margin": null,
            "gross_margin_4q_avg": 0,
            "net_income": null,
            "net_income_4q": null,
            "revenue": null,
            "revenue_4q": null,
            "common_shares": null,
            "book_valuer_per_share": null,
            "book_valuer_per_share_4q_avg": 2.36,
            "equity": null,
            "current_ratio": null,
            "debt_ratio": null,
            "inventory_turnover_ratio": null,
            "account_receivable_turnover_ratio": null,
            "reinvestment_rate": null,
            "research_to_sale_ratio": null,
            "price_fair": 0,
            "eps_avg_yearly": 0,
            "eps_latest_yearly": 0,
            "eps_growth_yearly": 0
        },
        "20053": {
            "year_quarter": 20053,
            "year": 2005,
            "quarter": 3,
            "eps": null,
            "eps_growth_year": null,
            "eps_4q": null,
            "eps_4q_growth_year": null,
            "roe": null,
            "roe_4q": 0,
            "gross_profit": null,
            "gross_margin": null,
            "gross_margin_4q_avg": 0,
            "net_income": null,
            "net_income_4q": null,
            "revenue": null,
            "revenue_4q": null,
            "common_shares": null,
            "book_valuer_per_share": null,
            "book_valuer_per_share_4q_avg": 2.36,
            "equity": null,
            "current_ratio": null,
            "debt_ratio": null,
            "inventory_turnover_ratio": null,
            "account_receivable_turnover_ratio": null,
            "reinvestment_rate": null,
            "research_to_sale_ratio": null,
            "price_fair": 0,
            "eps_avg_yearly": 0,
            "eps_latest_yearly": 0,
            "eps_growth_yearly": 0
        },
        "20054": {
            "year_quarter": 20054,
            "year": 2005,
            "quarter": 4,
            "eps": null,
            "eps_growth_year": null,
            "eps_4q": null,
            "eps_4q_growth_year": null,
            "roe": null,
            "roe_4q": 0,
            "gross_profit": null,
            "gross_margin": null,
            "gross_margin_4q_avg": 0,
            "net_income": null,
            "net_income_4q": null,
            "revenue": null,
            "revenue_4q": null,
            "common_shares": 65680000,
            "book_valuer_per_share": 9.18,
            "book_valuer_per_share_4q_avg": 2.3,
            "equity": 60264530,
            "current_ratio": 254.22,
            "debt_ratio": 10.71,
            "inventory_turnover_ratio": null,
            "account_receivable_turnover_ratio": null,
            "reinvestment_rate": null,
            "research_to_sale_ratio": null,
            "price_fair": 0,
            "eps_avg_yearly": 0,
            "eps_latest_yearly": 0,
            "eps_growth_yearly": 0
        },
        "20061": {
            "year_quarter": 20061,
            "year": 2006,
            "quarter": 1,
            "eps": null,
            "eps_growth_year": null,
            "eps_4q": null,
            "eps_4q_growth_year": null,
            "roe": null,
            "roe_4q": 0,
            "gross_profit": null,
            "gross_margin": null,
            "gross_margin_4q_avg": 0,
            "net_income": null,
            "net_income_4q": null,
            "revenue": null,
            "revenue_4q": null,
            "common_shares": null,
            "book_valuer_per_share": null,
            "book_valuer_per_share_4q_avg": 2.3,
            "equity": null,
            "current_ratio": null,
            "debt_ratio": null,
            "inventory_turnover_ratio": null,
            "account_receivable_turnover_ratio": null,
            "reinvestment_rate": null,
            "research_to_sale_ratio": null,
            "price_fair": 0,
            "eps_avg_yearly": 0,
            "eps_latest_yearly": 0,
            "eps_growth_yearly": 0
        },
        "20062": {
            "year_quarter": 20062,
            "year": 2006,
            "quarter": 2,
            "eps": null,
            "eps_growth_year": null,
            "eps_4q": null,
            "eps_4q_growth_year": null,
            "roe": null,
            "roe_4q": 0,
            "gross_profit": null,
            "gross_margin": null,
            "gross_margin_4q_avg": 0,
            "net_income": null,
            "net_income_4q": null,
            "revenue": null,
            "revenue_4q": null,
            "common_shares": null,
            "book_valuer_per_share": null,
            "book_valuer_per_share_4q_avg": 2.3,
            "equity": null,
            "current_ratio": null,
            "debt_ratio": null,
            "inventory_turnover_ratio": null,
            "account_receivable_turnover_ratio": null,
            "reinvestment_rate": null,
            "research_to_sale_ratio": null,
            "price_fair": 0,
            "eps_avg_yearly": 0,
            "eps_latest_yearly": 0,
            "eps_growth_yearly": 0
        },
        "20063": {
            "year_quarter": 20063,
            "year": 2006,
            "quarter": 3,
            "eps": null,
            "eps_growth_year": null,
            "eps_4q": null,
            "eps_4q_growth_year": null,
            "roe": null,
            "roe_4q": 0,
            "gross_profit": null,
            "gross_margin": null,
            "gross_margin_4q_avg": 0,
            "net_income": null,
            "net_income_4q": null,
            "revenue": null,
            "revenue_4q": null,
            "common_shares": null,
            "book_valuer_per_share": null,
            "book_valuer_per_share_4q_avg": 2.3,
            "equity": null,
            "current_ratio": null,
            "debt_ratio": null,
            "inventory_turnover_ratio": null,
            "account_receivable_turnover_ratio": null,
            "reinvestment_rate": null,
            "research_to_sale_ratio": null,
            "price_fair": 0,
            "eps_avg_yearly": 0,
            "eps_latest_yearly": 0,
            "eps_growth_yearly": 0
        },
        "20064": {
            "year_quarter": 20064,
            "year": 2006,
            "quarter": 4,
            "eps": null,
            "eps_growth_year": null,
            "eps_4q": null,
            "eps_4q_growth_year": null,
            "roe": null,
            "roe_4q": 0,
            "gross_profit": null,
            "gross_margin": null,
            "gross_margin_4q_avg": 0,
            "net_income": null,
            "net_income_4q": null,
            "revenue": null,
            "revenue_4q": null,
            "common_shares": 65680000,
            "book_valuer_per_share": 2.29,
            "book_valuer_per_share_4q_avg": 0.57,
            "equity": 15016599,
            "current_ratio": 40.9,
            "debt_ratio": 50.17,
            "inventory_turnover_ratio": null,
            "account_receivable_turnover_ratio": null,
            "reinvestment_rate": null,
            "research_to_sale_ratio": null,
            "price_fair": 0,
            "eps_avg_yearly": 0,
            "eps_latest_yearly": 0,
            "eps_growth_yearly": 0
        },
        "20071": {
            "year_quarter": 20071,
            "year": 2007,
            "quarter": 1,
            "eps": null,
            "eps_growth_year": null,
            "eps_4q": null,
            "eps_4q_growth_year": null,
            "roe": null,
            "roe_4q": 0,
            "gross_profit": null,
            "gross_margin": null,
            "gross_margin_4q_avg": 0,
            "net_income": null,
            "net_income_4q": null,
            "revenue": null,
            "revenue_4q": null,
            "common_shares": null,
            "book_valuer_per_share": null,
            "book_valuer_per_share_4q_avg": 0.57,
            "equity": null,
            "current_ratio": null,
            "debt_ratio": null,
            "inventory_turnover_ratio": null,
            "account_receivable_turnover_ratio": null,
            "reinvestment_rate": null,
            "research_to_sale_ratio": null,
            "price_fair": 0,
            "eps_avg_yearly": 0,
            "eps_latest_yearly": 0,
            "eps_growth_yearly": 0
        },
        "20072": {
            "year_quarter": 20072,
            "year": 2007,
            "quarter": 2,
            "eps": null,
            "eps_growth_year": null,
            "eps_4q": null,
            "eps_4q_growth_year": null,
            "roe": null,
            "roe_4q": 0,
            "gross_profit": null,
            "gross_margin": null,
            "gross_margin_4q_avg": 0,
            "net_income": null,
            "net_income_4q": null,
            "revenue": null,
            "revenue_4q": null,
            "common_shares": null,
            "book_valuer_per_share": null,
            "book_valuer_per_share_4q_avg": 0.57,
            "equity": null,
            "current_ratio": null,
            "debt_ratio": null,
            "inventory_turnover_ratio": null,
            "account_receivable_turnover_ratio": null,
            "reinvestment_rate": null,
            "research_to_sale_ratio": null,
            "price_fair": 0,
            "eps_avg_yearly": 0,
            "eps_latest_yearly": 0,
            "eps_growth_yearly": 0
        },
        "20073": {
            "year_quarter": 20073,
            "year": 2007,
            "quarter": 3,
            "eps": null,
            "eps_growth_year": null,
            "eps_4q": null,
            "eps_4q_growth_year": null,
            "roe": null,
            "roe_4q": 0,
            "gross_profit": null,
            "gross_margin": null,
            "gross_margin_4q_avg": 0,
            "net_income": null,
            "net_income_4q": null,
            "revenue": null,
            "revenue_4q": null,
            "common_shares": null,
            "book_valuer_per_share": null,
            "book_valuer_per_share_4q_avg": 0.57,
            "equity": null,
            "current_ratio": null,
            "debt_ratio": null,
            "inventory_turnover_ratio": null,
            "account_receivable_turnover_ratio": null,
            "reinvestment_rate": null,
            "research_to_sale_ratio": null,
            "price_fair": 0,
            "eps_avg_yearly": 0,
            "eps_latest_yearly": 0,
            "eps_growth_yearly": 0
        },
        "20074": {
            "year_quarter": 20074,
            "year": 2007,
            "quarter": 4,
            "eps": null,
            "eps_growth_year": null,
            "eps_4q": null,
            "eps_4q_growth_year": null,
            "roe": null,
            "roe_4q": 0,
            "gross_profit": null,
            "gross_margin": null,
            "gross_margin_4q_avg": 0,
            "net_income": null,
            "net_income_4q": null,
            "revenue": null,
            "revenue_4q": null,
            "common_shares": 65680000,
            "book_valuer_per_share": 2.32,
            "book_valuer_per_share_4q_avg": 0.58,
            "equity": 15505000,
            "current_ratio": 21.81,
            "debt_ratio": 46.96,
            "inventory_turnover_ratio": null,
            "account_receivable_turnover_ratio": null,
            "reinvestment_rate": null,
            "research_to_sale_ratio": null,
            "price_fair": 0,
            "eps_avg_yearly": 0,
            "eps_latest_yearly": 0,
            "eps_growth_yearly": 0
        },
        "20081": {
            "year_quarter": 20081,
            "year": 2008,
            "quarter": 1,
            "eps": null,
            "eps_growth_year": null,
            "eps_4q": null,
            "eps_4q_growth_year": null,
            "roe": null,
            "roe_4q": 0,
            "gross_profit": null,
            "gross_margin": null,
            "gross_margin_4q_avg": 0,
            "net_income": null,
            "net_income_4q": null,
            "revenue": null,
            "revenue_4q": null,
            "common_shares": null,
            "book_valuer_per_share": null,
            "book_valuer_per_share_4q_avg": 0.58,
            "equity": null,
            "current_ratio": null,
            "debt_ratio": null,
            "inventory_turnover_ratio": null,
            "account_receivable_turnover_ratio": null,
            "reinvestment_rate": null,
            "research_to_sale_ratio": null,
            "price_fair": 0,
            "eps_avg_yearly": 0,
            "eps_latest_yearly": 0,
            "eps_growth_yearly": 0
        },
        "20082": {
            "year_quarter": 20082,
            "year": 2008,
            "quarter": 2,
            "eps": null,
            "eps_growth_year": null,
            "eps_4q": null,
            "eps_4q_growth_year": null,
            "roe": null,
            "roe_4q": 0,
            "gross_profit": null,
            "gross_margin": null,
            "gross_margin_4q_avg": 0,
            "net_income": null,
            "net_income_4q": null,
            "revenue": null,
            "revenue_4q": null,
            "common_shares": null,
            "book_valuer_per_share": null,
            "book_valuer_per_share_4q_avg": 0.58,
            "equity": null,
            "current_ratio": null,
            "debt_ratio": null,
            "inventory_turnover_ratio": null,
            "account_receivable_turnover_ratio": null,
            "reinvestment_rate": null,
            "research_to_sale_ratio": null,
            "price_fair": 0,
            "eps_avg_yearly": 0,
            "eps_latest_yearly": 0,
            "eps_growth_yearly": 0
        },
        "20083": {
            "year_quarter": 20083,
            "year": 2008,
            "quarter": 3,
            "eps": null,
            "eps_growth_year": null,
            "eps_4q": null,
            "eps_4q_growth_year": null,
            "roe": null,
            "roe_4q": 0,
            "gross_profit": null,
            "gross_margin": null,
            "gross_margin_4q_avg": 0,
            "net_income": null,
            "net_income_4q": null,
            "revenue": null,
            "revenue_4q": null,
            "common_shares": null,
            "book_valuer_per_share": null,
            "book_valuer_per_share_4q_avg": 0.58,
            "equity": null,
            "current_ratio": null,
            "debt_ratio": null,
            "inventory_turnover_ratio": null,
            "account_receivable_turnover_ratio": null,
            "reinvestment_rate": null,
            "research_to_sale_ratio": null,
            "price_fair": 0,
            "eps_avg_yearly": 0,
            "eps_latest_yearly": 0,
            "eps_growth_yearly": 0
        },
        "20084": {
            "year_quarter": 20084,
            "year": 2008,
            "quarter": 4,
            "eps": null,
            "eps_growth_year": null,
            "eps_4q": null,
            "eps_4q_growth_year": null,
            "roe": null,
            "roe_4q": 0,
            "gross_profit": null,
            "gross_margin": null,
            "gross_margin_4q_avg": 0,
            "net_income": null,
            "net_income_4q": null,
            "revenue": null,
            "revenue_4q": null,
            "common_shares": 32840000,
            "book_valuer_per_share": 4.36,
            "book_valuer_per_share_4q_avg": 1.09,
            "equity": 14621998,
            "current_ratio": 26.31,
            "debt_ratio": 46.86,
            "inventory_turnover_ratio": null,
            "account_receivable_turnover_ratio": null,
            "reinvestment_rate": null,
            "research_to_sale_ratio": null,
            "price_fair": 0,
            "eps_avg_yearly": 0,
            "eps_latest_yearly": 0,
            "eps_growth_yearly": 0
        },
        "20091": {
            "year_quarter": 20091,
            "year": 2009,
            "quarter": 1,
            "eps": null,
            "eps_growth_year": null,
            "eps_4q": null,
            "eps_4q_growth_year": null,
            "roe": null,
            "roe_4q": 0,
            "gross_profit": null,
            "gross_margin": null,
            "gross_margin_4q_avg": 0,
            "net_income": null,
            "net_income_4q": null,
            "revenue": null,
            "revenue_4q": null,
            "common_shares": null,
            "book_valuer_per_share": null,
            "book_valuer_per_share_4q_avg": 1.09,
            "equity": null,
            "current_ratio": null,
            "debt_ratio": null,
            "inventory_turnover_ratio": null,
            "account_receivable_turnover_ratio": null,
            "reinvestment_rate": null,
            "research_to_sale_ratio": null,
            "price_fair": 0,
            "eps_avg_yearly": 0,
            "eps_latest_yearly": 0,
            "eps_growth_yearly": 0
        },
        "20092": {
            "year_quarter": 20092,
            "year": 2009,
            "quarter": 2,
            "eps": null,
            "eps_growth_year": null,
            "eps_4q": null,
            "eps_4q_growth_year": null,
            "roe": null,
            "roe_4q": 0,
            "gross_profit": null,
            "gross_margin": null,
            "gross_margin_4q_avg": 0,
            "net_income": null,
            "net_income_4q": null,
            "revenue": null,
            "revenue_4q": null,
            "common_shares": null,
            "book_valuer_per_share": null,
            "book_valuer_per_share_4q_avg": 1.09,
            "equity": null,
            "current_ratio": null,
            "debt_ratio": null,
            "inventory_turnover_ratio": null,
            "account_receivable_turnover_ratio": null,
            "reinvestment_rate": null,
            "research_to_sale_ratio": null,
            "price_fair": 0,
            "eps_avg_yearly": 0,
            "eps_latest_yearly": 0,
            "eps_growth_yearly": 0
        },
        "20093": {
            "year_quarter": 20093,
            "year": 2009,
            "quarter": 3,
            "eps": null,
            "eps_growth_year": null,
            "eps_4q": null,
            "eps_4q_growth_year": null,
            "roe": null,
            "roe_4q": 0,
            "gross_profit": null,
            "gross_margin": null,
            "gross_margin_4q_avg": 0,
            "net_income": null,
            "net_income_4q": null,
            "revenue": null,
            "revenue_4q": null,
            "common_shares": null,
            "book_valuer_per_share": null,
            "book_valuer_per_share_4q_avg": 1.09,
            "equity": null,
            "current_ratio": null,
            "debt_ratio": null,
            "inventory_turnover_ratio": null,
            "account_receivable_turnover_ratio": null,
            "reinvestment_rate": null,
            "research_to_sale_ratio": null,
            "price_fair": 0,
            "eps_avg_yearly": 0,
            "eps_latest_yearly": 0,
            "eps_growth_yearly": 0
        },
        "20094": {
            "year_quarter": 20094,
            "year": 2009,
            "quarter": 4,
            "eps": null,
            "eps_growth_year": null,
            "eps_4q": null,
            "eps_4q_growth_year": null,
            "roe": null,
            "roe_4q": 0,
            "gross_profit": null,
            "gross_margin": null,
            "gross_margin_4q_avg": 0,
            "net_income": null,
            "net_income_4q": null,
            "revenue": null,
            "revenue_4q": null,
            "common_shares": 32840000,
            "book_valuer_per_share": 5.46,
            "book_valuer_per_share_4q_avg": 1.37,
            "equity": 18200005,
            "current_ratio": 77.45,
            "debt_ratio": 31.68,
            "inventory_turnover_ratio": null,
            "account_receivable_turnover_ratio": null,
            "reinvestment_rate": null,
            "research_to_sale_ratio": null,
            "price_fair": 0,
            "eps_avg_yearly": 0,
            "eps_latest_yearly": 0,
            "eps_growth_yearly": 0
        },
        "20101": {
            "year_quarter": 20101,
            "year": 2010,
            "quarter": 1,
            "eps": null,
            "eps_growth_year": null,
            "eps_4q": null,
            "eps_4q_growth_year": null,
            "roe": null,
            "roe_4q": 0,
            "gross_profit": null,
            "gross_margin": null,
            "gross_margin_4q_avg": 0,
            "net_income": null,
            "net_income_4q": null,
            "revenue": null,
            "revenue_4q": null,
            "common_shares": null,
            "book_valuer_per_share": null,
            "book_valuer_per_share_4q_avg": 1.37,
            "equity": null,
            "current_ratio": null,
            "debt_ratio": null,
            "inventory_turnover_ratio": null,
            "account_receivable_turnover_ratio": null,
            "reinvestment_rate": null,
            "research_to_sale_ratio": null,
            "price_fair": 0,
            "eps_avg_yearly": 0,
            "eps_latest_yearly": 0,
            "eps_growth_yearly": 0
        },
        "20102": {
            "year_quarter": 20102,
            "year": 2010,
            "quarter": 2,
            "eps": null,
            "eps_growth_year": null,
            "eps_4q": null,
            "eps_4q_growth_year": null,
            "roe": null,
            "roe_4q": 0,
            "gross_profit": null,
            "gross_margin": null,
            "gross_margin_4q_avg": 0,
            "net_income": null,
            "net_income_4q": null,
            "revenue": null,
            "revenue_4q": null,
            "common_shares": null,
            "book_valuer_per_share": null,
            "book_valuer_per_share_4q_avg": 1.37,
            "equity": null,
            "current_ratio": null,
            "debt_ratio": null,
            "inventory_turnover_ratio": null,
            "account_receivable_turnover_ratio": null,
            "reinvestment_rate": null,
            "research_to_sale_ratio": null,
            "price_fair": 0,
            "eps_avg_yearly": 0,
            "eps_latest_yearly": 0,
            "eps_growth_yearly": 0
        },
        "20103": {
            "year_quarter": 20103,
            "year": 2010,
            "quarter": 3,
            "eps": null,
            "eps_growth_year": null,
            "eps_4q": null,
            "eps_4q_growth_year": null,
            "roe": null,
            "roe_4q": 0,
            "gross_profit": null,
            "gross_margin": null,
            "gross_margin_4q_avg": 0,
            "net_income": null,
            "net_income_4q": null,
            "revenue": null,
            "revenue_4q": null,
            "common_shares": null,
            "book_valuer_per_share": null,
            "book_valuer_per_share_4q_avg": 1.37,
            "equity": null,
            "current_ratio": null,
            "debt_ratio": null,
            "inventory_turnover_ratio": null,
            "account_receivable_turnover_ratio": null,
            "reinvestment_rate": null,
            "research_to_sale_ratio": null,
            "price_fair": 0,
            "eps_avg_yearly": 0,
            "eps_latest_yearly": 0,
            "eps_growth_yearly": 0
        },
        "20104": {
            "year_quarter": 20104,
            "year": 2010,
            "quarter": 4,
            "eps": null,
            "eps_growth_year": null,
            "eps_4q": null,
            "eps_4q_growth_year": null,
            "roe": null,
            "roe_4q": 0,
            "gross_profit": null,
            "gross_margin": null,
            "gross_margin_4q_avg": 0,
            "net_income": null,
            "net_income_4q": null,
            "revenue": null,
            "revenue_4q": null,
            "common_shares": 32840000,
            "book_valuer_per_share": 6.57,
            "book_valuer_per_share_4q_avg": 1.64,
            "equity": 21587204,
            "current_ratio": 158.62,
            "debt_ratio": 26.89,
            "inventory_turnover_ratio": null,
            "account_receivable_turnover_ratio": null,
            "reinvestment_rate": null,
            "research_to_sale_ratio": null,
            "price_fair": 0,
            "eps_avg_yearly": 0,
            "eps_latest_yearly": 0,
            "eps_growth_yearly": 0
        },
        "20111": {
            "year_quarter": 20111,
            "year": 2011,
            "quarter": 1,
            "eps": null,
            "eps_growth_year": null,
            "eps_4q": null,
            "eps_4q_growth_year": null,
            "roe": null,
            "roe_4q": 0,
            "gross_profit": null,
            "gross_margin": null,
            "gross_margin_4q_avg": 0,
            "net_income": null,
            "net_income_4q": null,
            "revenue": null,
            "revenue_4q": null,
            "common_shares": null,
            "book_valuer_per_share": null,
            "book_valuer_per_share_4q_avg": 1.64,
            "equity": null,
            "current_ratio": null,
            "debt_ratio": null,
            "inventory_turnover_ratio": null,
            "account_receivable_turnover_ratio": null,
            "reinvestment_rate": null,
            "research_to_sale_ratio": null,
            "price_fair": 0,
            "eps_avg_yearly": 0,
            "eps_latest_yearly": 0,
            "eps_growth_yearly": 0
        },
        "20112": {
            "year_quarter": 20112,
            "year": 2011,
            "quarter": 2,
            "eps": null,
            "eps_growth_year": null,
            "eps_4q": null,
            "eps_4q_growth_year": null,
            "roe": null,
            "roe_4q": 0,
            "gross_profit": null,
            "gross_margin": null,
            "gross_margin_4q_avg": 0,
            "net_income": null,
            "net_income_4q": null,
            "revenue": null,
            "revenue_4q": null,
            "common_shares": 32840000,
            "book_valuer_per_share": null,
            "book_valuer_per_share_4q_avg": 1.64,
            "equity": 24420366,
            "current_ratio": null,
            "debt_ratio": null,
            "inventory_turnover_ratio": null,
            "account_receivable_turnover_ratio": null,
            "reinvestment_rate": null,
            "research_to_sale_ratio": null,
            "price_fair": 0,
            "eps_avg_yearly": 0,
            "eps_latest_yearly": 0,
            "eps_growth_yearly": 0
        },
        "20113": {
            "year_quarter": 20113,
            "year": 2011,
            "quarter": 3,
            "eps": null,
            "eps_growth_year": null,
            "eps_4q": null,
            "eps_4q_growth_year": null,
            "roe": null,
            "roe_4q": 0,
            "gross_profit": null,
            "gross_margin": null,
            "gross_margin_4q_avg": 0,
            "net_income": null,
            "net_income_4q": null,
            "revenue": null,
            "revenue_4q": null,
            "common_shares": null,
            "book_valuer_per_share": null,
            "book_valuer_per_share_4q_avg": 1.64,
            "equity": null,
            "current_ratio": null,
            "debt_ratio": null,
            "inventory_turnover_ratio": null,
            "account_receivable_turnover_ratio": null,
            "reinvestment_rate": null,
            "research_to_sale_ratio": null,
            "price_fair": 0,
            "eps_avg_yearly": 0,
            "eps_latest_yearly": 0,
            "eps_growth_yearly": 0
        },
        "20114": {
            "year_quarter": 20114,
            "year": 2011,
            "quarter": 4,
            "eps": null,
            "eps_growth_year": null,
            "eps_4q": null,
            "eps_4q_growth_year": null,
            "roe": null,
            "roe_4q": 0,
            "gross_profit": null,
            "gross_margin": null,
            "gross_margin_4q_avg": 0,
            "net_income": null,
            "net_income_4q": null,
            "revenue": null,
            "revenue_4q": null,
            "common_shares": 32840000,
            "book_valuer_per_share": 9.82,
            "book_valuer_per_share_4q_avg": 2.46,
            "equity": 32251434,
            "current_ratio": 284.51,
            "debt_ratio": 16.45,
            "inventory_turnover_ratio": null,
            "account_receivable_turnover_ratio": null,
            "reinvestment_rate": null,
            "research_to_sale_ratio": null,
            "price_fair": 0,
            "eps_avg_yearly": 0,
            "eps_latest_yearly": 0,
            "eps_growth_yearly": 0
        },
        "20121": {
            "year_quarter": 20121,
            "year": 2012,
            "quarter": 1,
            "eps": null,
            "eps_growth_year": null,
            "eps_4q": null,
            "eps_4q_growth_year": null,
            "roe": null,
            "roe_4q": 0,
            "gross_profit": 2823941,
            "gross_margin": null,
            "gross_margin_4q_avg": 0,
            "net_income": 1065041,
            "net_income_4q": null,
            "revenue": 6682955,
            "revenue_4q": null,
            "common_shares": 32840000,
            "book_valuer_per_share": null,
            "book_valuer_per_share_4q_avg": 2.46,
            "equity": 33131771,
            "current_ratio": null,
            "debt_ratio": null,
            "inventory_turnover_ratio": null,
            "account_receivable_turnover_ratio": null,
            "reinvestment_rate": null,
            "research_to_sale_ratio": null,
            "price_fair": 0,
            "eps_avg_yearly": 0,
            "eps_latest_yearly": 0,
            "eps_growth_yearly": 0
        },
        "20122": {
            "year_quarter": 20122,
            "year": 2012,
            "quarter": 2,
            "eps": null,
            "eps_growth_year": null,
            "eps_4q": null,
            "eps_4q_growth_year": null,
            "roe": null,
            "roe_4q": 0,
            "gross_profit": 2728470,
            "gross_margin": null,
            "gross_margin_4q_avg": 0,
            "net_income": 1051359,
            "net_income_4q": null,
            "revenue": 6452193,
            "revenue_4q": null,
            "common_shares": 32840000,
            "book_valuer_per_share": 10.47,
            "book_valuer_per_share_4q_avg": 5.07,
            "equity": 34367778,
            "current_ratio": 318.87,
            "debt_ratio": 15.02,
            "inventory_turnover_ratio": null,
            "account_receivable_turnover_ratio": null,
            "reinvestment_rate": null,
            "research_to_sale_ratio": null,
            "price_fair": 0,
            "eps_avg_yearly": 0,
            "eps_latest_yearly": 0,
            "eps_growth_yearly": 0
        },
        "20123": {
            "year_quarter": 20123,
            "year": 2012,
            "quarter": 3,
            "eps": null,
            "eps_growth_year": null,
            "eps_4q": null,
            "eps_4q_growth_year": null,
            "roe": null,
            "roe_4q": 0,
            "gross_profit": 2465387,
            "gross_margin": null,
            "gross_margin_4q_avg": 0,
            "net_income": 836206,
            "net_income_4q": null,
            "revenue": 6474144,
            "revenue_4q": null,
            "common_shares": 32840000,
            "book_valuer_per_share": null,
            "book_valuer_per_share_4q_avg": 5.07,
            "equity": 35019041,
            "current_ratio": null,
            "debt_ratio": null,
            "inventory_turnover_ratio": null,
            "account_receivable_turnover_ratio": null,
            "reinvestment_rate": null,
            "research_to_sale_ratio": null,
            "price_fair": 0,
            "eps_avg_yearly": 0,
            "eps_latest_yearly": 0,
            "eps_growth_yearly": 0
        },
        "20124": {
            "year_quarter": 20124,
            "year": 2012,
            "quarter": 4,
            "eps": null,
            "eps_growth_year": null,
            "eps_4q": null,
            "eps_4q_growth_year": null,
            "roe": null,
            "roe_4q": 0,
            "gross_profit": 1995073,
            "gross_margin": null,
            "gross_margin_4q_avg": 0,
            "net_income": 347748,
            "net_income_4q": null,
            "revenue": 6102897,
            "revenue_4q": null,
            "common_shares": 32840000,
            "book_valuer_per_share": 10.83,
            "book_valuer_per_share_4q_avg": 5.33,
            "equity": 35551321,
            "current_ratio": 265.35,
            "debt_ratio": 15.23,
            "inventory_turnover_ratio": null,
            "account_receivable_turnover_ratio": null,
            "reinvestment_rate": null,
            "research_to_sale_ratio": null,
            "price_fair": 0,
            "eps_avg_yearly": 0,
            "eps_latest_yearly": 0,
            "eps_growth_yearly": 0
        },
        "20131": {
            "year_quarter": 20131,
            "year": 2013,
            "quarter": 1,
            "eps": 0.2,
            "eps_growth_year": null,
            "eps_4q": 0.2,
            "eps_4q_growth_year": null,
            "roe": 1.85,
            "roe_4q": 1.85,
            "gross_profit": 2020414,
            "gross_margin": 36.99,
            "gross_margin_4q_avg": 9.25,
            "net_income": 661563,
            "net_income_4q": null,
            "revenue": 5461381,
            "revenue_4q": null,
            "common_shares": 32840000,
            "book_valuer_per_share": 10.98,
            "book_valuer_per_share_4q_avg": 8.07,
            "equity": 36042686,
            "current_ratio": 354.78,
            "debt_ratio": 11.56,
            "inventory_turnover_ratio": 13.03,
            "account_receivable_turnover_ratio": 2.33,
            "reinvestment_rate": null,
            "research_to_sale_ratio": null,
            "price_fair": 0,
            "eps_avg_yearly": 0,
            "eps_latest_yearly": 0,
            "eps_growth_yearly": 0
        },
        "20132": {
            "year_quarter": 20132,
            "year": 2013,
            "quarter": 2,
            "eps": 0.19,
            "eps_growth_year": null,
            "eps_4q": 0.39,
            "eps_4q_growth_year": null,
            "roe": 1.73,
            "roe_4q": 3.58,
            "gross_profit": 1757989,
            "gross_margin": 33.32,
            "gross_margin_4q_avg": 17.58,
            "net_income": 608476,
            "net_income_4q": null,
            "revenue": 5275416,
            "revenue_4q": null,
            "common_shares": 32840000,
            "book_valuer_per_share": 10.46,
            "book_valuer_per_share_4q_avg": 8.07,
            "equity": 34352362,
            "current_ratio": 243.44,
            "debt_ratio": 16.02,
            "inventory_turnover_ratio": 14.44,
            "account_receivable_turnover_ratio": 2.39,
            "reinvestment_rate": null,
            "research_to_sale_ratio": null,
            "price_fair": 2.28,
            "eps_avg_yearly": 0.76,
            "eps_latest_yearly": 0.76,
            "eps_growth_yearly": -20
        },
        "20133": {
            "year_quarter": 20133,
            "year": 2013,
            "quarter": 3,
            "eps": 0.11,
            "eps_growth_year": null,
            "eps_4q": 0.5,
            "eps_4q_growth_year": null,
            "roe": 1.06,
            "roe_4q": 4.640000000000001,
            "gross_profit": 1668967,
            "gross_margin": 34.1,
            "gross_margin_4q_avg": 26.1,
            "net_income": 367842,
            "net_income_4q": null,
            "revenue": 4894156,
            "revenue_4q": null,
            "common_shares": 33056270,
            "book_valuer_per_share": 10.59,
            "book_valuer_per_share_4q_avg": 10.72,
            "equity": 34992382,
            "current_ratio": 386.66,
            "debt_ratio": 9.98,
            "inventory_turnover_ratio": 18.02,
            "account_receivable_turnover_ratio": 2.39,
            "reinvestment_rate": null,
            "research_to_sale_ratio": null,
            "price_fair": 1.8,
            "eps_avg_yearly": 0.6,
            "eps_latest_yearly": 0.44,
            "eps_growth_yearly": -94.21
        },
        "20134": {
            "year_quarter": 20134,
            "year": 2013,
            "quarter": 4,
            "eps": 0.06,
            "eps_growth_year": null,
            "eps_4q": 0.56,
            "eps_4q_growth_year": null,
            "roe": 0.58,
            "roe_4q": 5.220000000000001,
            "gross_profit": 1525529,
            "gross_margin": 33.94,
            "gross_margin_4q_avg": 34.59,
            "net_income": 204895,
            "net_income_4q": null,
            "revenue": 4494409,
            "revenue_4q": null,
            "common_shares": 33056270,
            "book_valuer_per_share": 10.65,
            "book_valuer_per_share_4q_avg": 10.67,
            "equity": 35199210,
            "current_ratio": 217.45,
            "debt_ratio": 11.08,
            "inventory_turnover_ratio": 17.41,
            "account_receivable_turnover_ratio": 2.39,
            "reinvestment_rate": null,
            "research_to_sale_ratio": null,
            "price_fair": 1.44,
            "eps_avg_yearly": 0.48,
            "eps_latest_yearly": 0.24,
            "eps_growth_yearly": -123.41
        },
        "20141": {
            "year_quarter": 20141,
            "year": 2014,
            "quarter": 1,
            "eps": 0.1,
            "eps_growth_year": -50,
            "eps_4q": 0.45,
            "eps_4q_growth_year": 125.11,
            "roe": 0.9,
            "roe_4q": 4.27,
            "gross_profit": 1456374,
            "gross_margin": 34.9,
            "gross_margin_4q_avg": 34.07,
            "net_income": 317827,
            "net_income_4q": null,
            "revenue": 4173034,
            "revenue_4q": null,
            "common_shares": 33056270,
            "book_valuer_per_share": 10.74,
            "book_valuer_per_share_4q_avg": 10.61,
            "equity": 35517037,
            "current_ratio": 251.56,
            "debt_ratio": 10.35,
            "inventory_turnover_ratio": 14.77,
            "account_receivable_turnover_ratio": 2.45,
            "reinvestment_rate": null,
            "research_to_sale_ratio": null,
            "price_fair": 1.38,
            "eps_avg_yearly": 0.46,
            "eps_latest_yearly": 0.4,
            "eps_growth_yearly": -25.89
        },
        "20142": {
            "year_quarter": 20142,
            "year": 2014,
            "quarter": 2,
            "eps": 0.02,
            "eps_growth_year": -89.47,
            "eps_4q": 0.29,
            "eps_4q_growth_year": -24.89,
            "roe": 0.2,
            "roe_4q": 2.74,
            "gross_profit": 1323212,
            "gross_margin": 31.83,
            "gross_margin_4q_avg": 33.69,
            "net_income": 69644,
            "net_income_4q": null,
            "revenue": 4157244,
            "revenue_4q": null,
            "common_shares": 33056270,
            "book_valuer_per_share": 10.31,
            "book_valuer_per_share_4q_avg": 10.57,
            "equity": 34066501,
            "current_ratio": 190.54,
            "debt_ratio": 14.21,
            "inventory_turnover_ratio": 17.47,
            "account_receivable_turnover_ratio": 2.55,
            "reinvestment_rate": null,
            "research_to_sale_ratio": null,
            "price_fair": 1.15,
            "eps_avg_yearly": 0.38,
            "eps_latest_yearly": 0.08,
            "eps_growth_yearly": -84.71
        },
        "20143": {
            "year_quarter": 20143,
            "year": 2014,
            "quarter": 3,
            "eps": 0.01,
            "eps_growth_year": -90.91,
            "eps_4q": 0.16,
            "eps_4q_growth_year": -67.15,
            "roe": 0.1,
            "roe_4q": 1.7800000000000002,
            "gross_profit": 1139659,
            "gross_margin": 28.26,
            "gross_margin_4q_avg": 32.23,
            "net_income": 40468,
            "net_income_4q": null,
            "revenue": 4032683,
            "revenue_4q": null,
            "common_shares": 38885155,
            "book_valuer_per_share": 11.77,
            "book_valuer_per_share_4q_avg": 10.87,
            "equity": 45764739,
            "current_ratio": 528.62,
            "debt_ratio": 8.58,
            "inventory_turnover_ratio": 29.28,
            "account_receivable_turnover_ratio": 2.54,
            "reinvestment_rate": null,
            "research_to_sale_ratio": null,
            "price_fair": 0.98,
            "eps_avg_yearly": 0.33,
            "eps_latest_yearly": 0.04,
            "eps_growth_yearly": -103.93
        },
        "20144": {
            "year_quarter": 20144,
            "year": 2014,
            "quarter": 4,
            "eps": -2.27,
            "eps_growth_year": -3770.07,
            "eps_4q": -2.16,
            "eps_4q_growth_year": -488.32,
            "roe": -21.39,
            "roe_4q": -20.19,
            "gross_profit": 792807,
            "gross_margin": 20.12,
            "gross_margin_4q_avg": 28.78,
            "net_income": -8840363,
            "net_income_4q": null,
            "revenue": 3939566,
            "revenue_4q": null,
            "common_shares": 38885155,
            "book_valuer_per_share": 9.49,
            "book_valuer_per_share_4q_avg": 10.58,
            "equity": 36878869,
            "current_ratio": 409.11,
            "debt_ratio": 13.06,
            "inventory_turnover_ratio": 10.04,
            "account_receivable_turnover_ratio": 2.57,
            "reinvestment_rate": null,
            "research_to_sale_ratio": null,
            "price_fair": 0.98,
            "eps_avg_yearly": 0.33,
            "eps_latest_yearly": 0.04,
            "eps_growth_yearly": -103.93
        },
        "20151": {
            "year_quarter": 20151,
            "year": 2015,
            "quarter": 1,
            "eps": -0.08,
            "eps_growth_year": -180,
            "eps_4q": -2.33,
            "eps_4q_growth_year": -613.79,
            "roe": -0.88,
            "roe_4q": -21.97,
            "gross_profit": 779816,
            "gross_margin": 20.65,
            "gross_margin_4q_avg": 25.22,
            "net_income": -324249,
            "net_income_4q": null,
            "revenue": 3776975,
            "revenue_4q": null,
            "common_shares": 38885155,
            "book_valuer_per_share": 9.41,
            "book_valuer_per_share_4q_avg": 10.25,
            "equity": 36554620,
            "current_ratio": 474.3,
            "debt_ratio": 11.31,
            "inventory_turnover_ratio": 7.26,
            "account_receivable_turnover_ratio": 2.55,
            "reinvestment_rate": null,
            "research_to_sale_ratio": null,
            "price_fair": 0.98,
            "eps_avg_yearly": 0.33,
            "eps_latest_yearly": 0.04,
            "eps_growth_yearly": -103.93
        },
        "20152": {
            "year_quarter": 20152,
            "year": 2015,
            "quarter": 2,
            "eps": -0.2,
            "eps_growth_year": -1100,
            "eps_4q": -2.55,
            "eps_4q_growth_year": -978.52,
            "roe": -2.21,
            "roe_4q": -24.38,
            "gross_profit": 415284,
            "gross_margin": 10.81,
            "gross_margin_4q_avg": 19.96,
            "net_income": -799352,
            "net_income_4q": null,
            "revenue": 3840770,
            "revenue_4q": null,
            "common_shares": 38885155,
            "book_valuer_per_share": 9.2,
            "book_valuer_per_share_4q_avg": 9.97,
            "equity": 35867600,
            "current_ratio": 408.33,
            "debt_ratio": 13.01,
            "inventory_turnover_ratio": 11.84,
            "account_receivable_turnover_ratio": 2.69,
            "reinvestment_rate": null,
            "research_to_sale_ratio": null,
            "price_fair": 0.98,
            "eps_avg_yearly": 0.33,
            "eps_latest_yearly": 0.04,
            "eps_growth_yearly": -103.93
        },
        "20153": {
            "year_quarter": 20153,
            "year": 2015,
            "quarter": 3,
            "eps": -0.24,
            "eps_growth_year": -2500,
            "eps_4q": -2.8,
            "eps_4q_growth_year": -1818.95,
            "roe": -2.57,
            "roe_4q": -27.05,
            "gross_profit": 165817,
            "gross_margin": 4.69,
            "gross_margin_4q_avg": 14.07,
            "net_income": -908763,
            "net_income_4q": null,
            "revenue": 3533545,
            "revenue_4q": null,
            "common_shares": 38885155,
            "book_valuer_per_share": 8.97,
            "book_valuer_per_share_4q_avg": 9.27,
            "equity": 34958837,
            "current_ratio": 370.97,
            "debt_ratio": 13.01,
            "inventory_turnover_ratio": 14.5,
            "account_receivable_turnover_ratio": 2.57,
            "reinvestment_rate": null,
            "research_to_sale_ratio": null,
            "price_fair": 0.98,
            "eps_avg_yearly": 0.33,
            "eps_latest_yearly": 0.04,
            "eps_growth_yearly": -103.93
        },
        "20154": {
            "year_quarter": 20154,
            "year": 2015,
            "quarter": 4,
            "eps": 0.1,
            "eps_growth_year": null,
            "eps_4q": -0.37,
            "eps_4q_growth_year": null,
            "roe": 1.15,
            "roe_4q": -4.51,
            "gross_profit": -67534,
            "gross_margin": -1.83,
            "gross_margin_4q_avg": 8.58,
            "net_income": 431451,
            "net_income_4q": null,
            "revenue": 3697228,
            "revenue_4q": null,
            "common_shares": 43006270,
            "book_valuer_per_share": 9.32,
            "book_valuer_per_share_4q_avg": 9.23,
            "equity": 40168883,
            "current_ratio": 340.88,
            "debt_ratio": 11.78,
            "inventory_turnover_ratio": 16.67,
            "account_receivable_turnover_ratio": 2.72,
            "reinvestment_rate": null,
            "research_to_sale_ratio": null,
            "price_fair": 0.98,
            "eps_avg_yearly": 0.33,
            "eps_latest_yearly": 0.04,
            "eps_growth_yearly": -103.93
        },
        "20161": {
            "year_quarter": 20161,
            "year": 2016,
            "quarter": 1,
            "eps": -0.2,
            "eps_growth_year": null,
            "eps_4q": -0.5,
            "eps_4q_growth_year": null,
            "roe": -2.17,
            "roe_4q": -5.8,
            "gross_profit": -197875,
            "gross_margin": -5.91,
            "gross_margin_4q_avg": 1.94,
            "net_income": -862287,
            "net_income_4q": null,
            "revenue": 3348954,
            "revenue_4q": null,
            "common_shares": 43006270,
            "book_valuer_per_share": 9.12,
            "book_valuer_per_share_4q_avg": 9.15,
            "equity": 39306596,
            "current_ratio": 280.99,
            "debt_ratio": 13.02,
            "inventory_turnover_ratio": 12.59,
            "account_receivable_turnover_ratio": 2.08,
            "reinvestment_rate": null,
            "research_to_sale_ratio": null,
            "price_fair": 0.98,
            "eps_avg_yearly": 0.33,
            "eps_latest_yearly": 0.04,
            "eps_growth_yearly": -103.93
        },
        "20162": {
            "year_quarter": 20162,
            "year": 2016,
            "quarter": 2,
            "eps": -0.34,
            "eps_growth_year": null,
            "eps_4q": -0.65,
            "eps_4q_growth_year": null,
            "roe": -3.74,
            "roe_4q": -7.33,
            "gross_profit": -246808,
            "gross_margin": -7.1,
            "gross_margin_4q_avg": -2.54,
            "net_income": -1442560,
            "net_income_4q": null,
            "revenue": 3474761,
            "revenue_4q": null,
            "common_shares": 43006270,
            "book_valuer_per_share": 8.79,
            "book_valuer_per_share_4q_avg": 9.05,
            "equity": 37881809,
            "current_ratio": 266.33,
            "debt_ratio": 12.87,
            "inventory_turnover_ratio": 16.07,
            "account_receivable_turnover_ratio": 1.82,
            "reinvestment_rate": null,
            "research_to_sale_ratio": null,
            "price_fair": 0.98,
            "eps_avg_yearly": 0.33,
            "eps_latest_yearly": 0.04,
            "eps_growth_yearly": -103.93
        },
        "20163": {
            "year_quarter": 20163,
            "year": 2016,
            "quarter": 3,
            "eps": -0.31,
            "eps_growth_year": null,
            "eps_4q": -0.75,
            "eps_4q_growth_year": null,
            "roe": -3.62,
            "roe_4q": -8.38,
            "gross_profit": -96803,
            "gross_margin": -2.83,
            "gross_margin_4q_avg": -4.42,
            "net_income": -1345869,
            "net_income_4q": null,
            "revenue": 3425561,
            "revenue_4q": null,
            "common_shares": 43006270,
            "book_valuer_per_share": 8.48,
            "book_valuer_per_share_4q_avg": 8.93,
            "equity": 36559456,
            "current_ratio": 244.59,
            "debt_ratio": 13.12,
            "inventory_turnover_ratio": 19.47,
            "account_receivable_turnover_ratio": 1.74,
            "reinvestment_rate": null,
            "research_to_sale_ratio": null,
            "price_fair": 0.98,
            "eps_avg_yearly": 0.33,
            "eps_latest_yearly": 0.04,
            "eps_growth_yearly": -103.93
        },
        "20164": {
            "year_quarter": 20164,
            "year": 2016,
            "quarter": 4,
            "eps": -0.34,
            "eps_growth_year": -442.53,
            "eps_4q": -1.19,
            "eps_4q_growth_year": null,
            "roe": -4.14,
            "roe_4q": -13.67,
            "gross_profit": -169486,
            "gross_margin": -4.34,
            "gross_margin_4q_avg": -5.05,
            "net_income": -1481861,
            "net_income_4q": null,
            "revenue": 3904153,
            "revenue_4q": null,
            "common_shares": 43006270,
            "book_valuer_per_share": 8.14,
            "book_valuer_per_share_4q_avg": 8.63,
            "equity": 35097471,
            "current_ratio": 202.05,
            "debt_ratio": 13.61,
            "inventory_turnover_ratio": 22,
            "account_receivable_turnover_ratio": 1.98,
            "reinvestment_rate": null,
            "research_to_sale_ratio": null,
            "price_fair": 0.98,
            "eps_avg_yearly": 0.33,
            "eps_latest_yearly": 0.04,
            "eps_growth_yearly": -103.93
        },
        "20171": {
            "year_quarter": 20171,
            "year": 2017,
            "quarter": 1,
            "eps": -0.21,
            "eps_growth_year": null,
            "eps_4q": -1.2,
            "eps_4q_growth_year": null,
            "roe": -2.6,
            "roe_4q": -14.1,
            "gross_profit": 283861,
            "gross_margin": 8.5,
            "gross_margin_4q_avg": -1.44,
            "net_income": -900687,
            "net_income_4q": null,
            "revenue": 3339316,
            "revenue_4q": null,
            "common_shares": 43006270,
            "book_valuer_per_share": 7.94,
            "book_valuer_per_share_4q_avg": 8.34,
            "equity": 34216214,
            "current_ratio": 189.92,
            "debt_ratio": 13,
            "inventory_turnover_ratio": 13.68,
            "account_receivable_turnover_ratio": 1.88,
            "reinvestment_rate": null,
            "research_to_sale_ratio": null,
            "price_fair": 0.98,
            "eps_avg_yearly": 0.33,
            "eps_latest_yearly": 0.04,
            "eps_growth_yearly": -103.93
        },
        "20172": {
            "year_quarter": 20172,
            "year": 2017,
            "quarter": 2,
            "eps": -0.14,
            "eps_growth_year": null,
            "eps_4q": -1.01,
            "eps_4q_growth_year": null,
            "roe": -1.82,
            "roe_4q": -12.18,
            "gross_profit": 542683,
            "gross_margin": 16.44,
            "gross_margin_4q_avg": 4.44,
            "net_income": -618892,
            "net_income_4q": null,
            "revenue": 3301892,
            "revenue_4q": null,
            "common_shares": 43006270,
            "book_valuer_per_share": 7.8,
            "book_valuer_per_share_4q_avg": 8.09,
            "equity": 33614397,
            "current_ratio": 159.87,
            "debt_ratio": 13.76,
            "inventory_turnover_ratio": 13.32,
            "account_receivable_turnover_ratio": 2.01,
            "reinvestment_rate": null,
            "research_to_sale_ratio": null,
            "price_fair": 0.72,
            "eps_avg_yearly": 0.24,
            "eps_latest_yearly": 0.04,
            "eps_growth_yearly": -120.71
        },
        "20173": {
            "year_quarter": 20173,
            "year": 2017,
            "quarter": 3,
            "eps": -0.18,
            "eps_growth_year": null,
            "eps_4q": -0.87,
            "eps_4q_growth_year": null,
            "roe": -2.28,
            "roe_4q": -10.84,
            "gross_profit": 473587,
            "gross_margin": 13.98,
            "gross_margin_4q_avg": 8.65,
            "net_income": -758394,
            "net_income_4q": null,
            "revenue": 3387790,
            "revenue_4q": null,
            "common_shares": 43006270,
            "book_valuer_per_share": 7.63,
            "book_valuer_per_share_4q_avg": 7.88,
            "equity": 32871535,
            "current_ratio": 134.79,
            "debt_ratio": 12.48,
            "inventory_turnover_ratio": 17.54,
            "account_receivable_turnover_ratio": 2.01,
            "reinvestment_rate": null,
            "research_to_sale_ratio": null,
            "price_fair": 0.57,
            "eps_avg_yearly": 0.19,
            "eps_latest_yearly": 0.04,
            "eps_growth_yearly": -108.79
        },
        "20174": {
            "year_quarter": 20174,
            "year": 2017,
            "quarter": 4,
            "eps": -0.41,
            "eps_growth_year": null,
            "eps_4q": -0.93,
            "eps_4q_growth_year": null,
            "roe": -5.49,
            "roe_4q": -12.19,
            "gross_profit": 287439,
            "gross_margin": 7.81,
            "gross_margin_4q_avg": 11.68,
            "net_income": -1756644,
            "net_income_4q": null,
            "revenue": 3678500,
            "revenue_4q": null,
            "common_shares": 42982322,
            "book_valuer_per_share": 7.21,
            "book_valuer_per_share_4q_avg": 7.65,
            "equity": 31074022,
            "current_ratio": 122.71,
            "debt_ratio": 14.45,
            "inventory_turnover_ratio": 15.98,
            "account_receivable_turnover_ratio": 2.16,
            "reinvestment_rate": null,
            "research_to_sale_ratio": null,
            "price_fair": 0.52,
            "eps_avg_yearly": 0.17,
            "eps_latest_yearly": 0.04,
            "eps_growth_yearly": -84.44
        },
        "20181": {
            "year_quarter": 20181,
            "year": 2018,
            "quarter": 1,
            "eps": -0.1,
            "eps_growth_year": null,
            "eps_4q": -0.83,
            "eps_4q_growth_year": null,
            "roe": -1.4,
            "roe_4q": -10.99,
            "gross_profit": 393128,
            "gross_margin": 11,
            "gross_margin_4q_avg": 12.31,
            "net_income": -452283,
            "net_income_4q": null,
            "revenue": 3573694,
            "revenue_4q": null,
            "common_shares": 42982322,
            "book_valuer_per_share": 7.81,
            "book_valuer_per_share_4q_avg": 7.61,
            "equity": 33649647,
            "current_ratio": 108.33,
            "debt_ratio": 14.9,
            "inventory_turnover_ratio": 12.21,
            "account_receivable_turnover_ratio": 2.26,
            "reinvestment_rate": null,
            "research_to_sale_ratio": null,
            "price_fair": 0.18,
            "eps_avg_yearly": 0.06,
            "eps_latest_yearly": 0.04,
            "eps_growth_yearly": -260
        },
        "20182": {
            "year_quarter": 20182,
            "year": 2018,
            "quarter": 2,
            "eps": -0.18,
            "eps_growth_year": null,
            "eps_4q": -0.87,
            "eps_4q_growth_year": null,
            "roe": -2.32,
            "roe_4q": -11.49,
            "gross_profit": 448902,
            "gross_margin": 12.09,
            "gross_margin_4q_avg": 11.22,
            "net_income": -772705,
            "net_income_4q": null,
            "revenue": 3711670,
            "revenue_4q": null,
            "common_shares": 42982322,
            "book_valuer_per_share": 7.63,
            "book_valuer_per_share_4q_avg": 7.57,
            "equity": 32886081,
            "current_ratio": 96.21,
            "debt_ratio": 14.71,
            "inventory_turnover_ratio": 13.13,
            "account_receivable_turnover_ratio": 2.55,
            "reinvestment_rate": null,
            "research_to_sale_ratio": null,
            "price_fair": 0.12,
            "eps_avg_yearly": 0.04,
            "eps_latest_yearly": 0.04,
            "eps_growth_yearly": -200
        },
        "20183": {
            "year_quarter": 20183,
            "year": 2018,
            "quarter": 3,
            "eps": -0.23,
            "eps_growth_year": null,
            "eps_4q": -0.93,
            "eps_4q_growth_year": null,
            "roe": -3.04,
            "roe_4q": -12.25,
            "gross_profit": 313927,
            "gross_margin": 8.82,
            "gross_margin_4q_avg": 9.93,
            "net_income": -985124,
            "net_income_4q": null,
            "revenue": 3558423,
            "revenue_4q": null,
            "common_shares": 42982322,
            "book_valuer_per_share": 7.4,
            "book_valuer_per_share_4q_avg": 7.51,
            "equity": 31906507,
            "current_ratio": 80.95,
            "debt_ratio": 14.5,
            "inventory_turnover_ratio": 9.37,
            "account_receivable_turnover_ratio": 2.36,
            "reinvestment_rate": null,
            "research_to_sale_ratio": null,
            "price_fair": 0,
            "eps_avg_yearly": 0,
            "eps_latest_yearly": 0,
            "eps_growth_yearly": 0
        },
        "20184": {
            "year_quarter": 20184,
            "year": 2018,
            "quarter": 4,
            "eps": -0.25,
            "eps_growth_year": null,
            "eps_4q": -0.77,
            "eps_4q_growth_year": null,
            "roe": -3.37,
            "roe_4q": -10.13,
            "gross_profit": 209647,
            "gross_margin": 5.63,
            "gross_margin_4q_avg": 9.39,
            "net_income": -1057620,
            "net_income_4q": null,
            "revenue": 3722172,
            "revenue_4q": null,
            "common_shares": 42982322,
            "book_valuer_per_share": 7.15,
            "book_valuer_per_share_4q_avg": 7.5,
            "equity": 30863451,
            "current_ratio": 68.03,
            "debt_ratio": 18.19,
            "inventory_turnover_ratio": 6.36,
            "account_receivable_turnover_ratio": 2.42,
            "reinvestment_rate": null,
            "research_to_sale_ratio": null,
            "price_fair": 0,
            "eps_avg_yearly": 0,
            "eps_latest_yearly": 0,
            "eps_growth_yearly": 0
        },
        "20191": {
            "year_quarter": 20191,
            "year": 2019,
            "quarter": 1,
            "eps": -0.3,
            "eps_growth_year": null,
            "eps_4q": -0.96,
            "eps_4q_growth_year": null,
            "roe": -4.27,
            "roe_4q": -13,
            "gross_profit": 181715,
            "gross_margin": 5.23,
            "gross_margin_4q_avg": 7.94,
            "net_income": -1290796,
            "net_income_4q": null,
            "revenue": 3474014,
            "revenue_4q": null,
            "common_shares": 42982322,
            "book_valuer_per_share": 6.86,
            "book_valuer_per_share_4q_avg": 7.26,
            "equity": 29622418,
            "current_ratio": 50.42,
            "debt_ratio": 25.75,
            "inventory_turnover_ratio": 5.59,
            "account_receivable_turnover_ratio": 2.17,
            "reinvestment_rate": null,
            "research_to_sale_ratio": null,
            "price_fair": 0,
            "eps_avg_yearly": 0,
            "eps_latest_yearly": 0,
            "eps_growth_yearly": 0
        },
        "20192": {
            "year_quarter": 20192,
            "year": 2019,
            "quarter": 2,
            "eps": -0.31,
            "eps_growth_year": null,
            "eps_4q": -1.08,
            "eps_4q_growth_year": null,
            "roe": -4.53,
            "roe_4q": -15.21,
            "gross_profit": 108102,
            "gross_margin": 3.21,
            "gross_margin_4q_avg": 5.72,
            "net_income": -1313464,
            "net_income_4q": null,
            "revenue": 3368747,
            "revenue_4q": null,
            "common_shares": 42982322,
            "book_valuer_per_share": 6.55,
            "book_valuer_per_share_4q_avg": 6.99,
            "equity": 28309686,
            "current_ratio": 46.37,
            "debt_ratio": 27.35,
            "inventory_turnover_ratio": 6.54,
            "account_receivable_turnover_ratio": 2.11,
            "reinvestment_rate": null,
            "research_to_sale_ratio": null,
            "price_fair": 0,
            "eps_avg_yearly": 0,
            "eps_latest_yearly": 0,
            "eps_growth_yearly": 0
        },
        "20193": {
            "year_quarter": 20193,
            "year": 2019,
            "quarter": 3,
            "eps": -0.31,
            "eps_growth_year": null,
            "eps_4q": -1.16,
            "eps_4q_growth_year": null,
            "roe": -4.8,
            "roe_4q": -16.97,
            "gross_profit": 96562,
            "gross_margin": 2.61,
            "gross_margin_4q_avg": 4.17,
            "net_income": -1327492,
            "net_income_4q": null,
            "revenue": 3706108,
            "revenue_4q": null,
            "common_shares": 42982322,
            "book_valuer_per_share": 6.24,
            "book_valuer_per_share_4q_avg": 6.7,
            "equity": 26982143,
            "current_ratio": 42.93,
            "debt_ratio": 32.29,
            "inventory_turnover_ratio": 8.67,
            "account_receivable_turnover_ratio": 2.28,
            "reinvestment_rate": null,
            "research_to_sale_ratio": null,
            "price_fair": 0,
            "eps_avg_yearly": 0,
            "eps_latest_yearly": 0,
            "eps_growth_yearly": 0
        },
        "20194": {
            "year_quarter": 20194,
            "year": 2019,
            "quarter": 4,
            "eps": -0.33,
            "eps_growth_year": null,
            "eps_4q": -1.36,
            "eps_4q_growth_year": null,
            "roe": -3.92,
            "roe_4q": -17.52,
            "gross_profit": 184415,
            "gross_margin": 4.99,
            "gross_margin_4q_avg": 4.01,
            "net_income": -1230121,
            "net_income_4q": null,
            "revenue": 3697197,
            "revenue_4q": null,
            "common_shares": 38171964,
            "book_valuer_per_share": 9.32,
            "book_valuer_per_share_4q_avg": 7.24,
            "equity": 35755893,
            "current_ratio": 149.45,
            "debt_ratio": 21.85,
            "inventory_turnover_ratio": 9.42,
            "account_receivable_turnover_ratio": 2.29,
            "reinvestment_rate": null,
            "research_to_sale_ratio": null,
            "price_fair": 0,
            "eps_avg_yearly": 0,
            "eps_latest_yearly": 0,
            "eps_growth_yearly": 0
        },
        "20201": {
            "year_quarter": 20201,
            "year": 2020,
            "quarter": 1,
            "eps": -0.36,
            "eps_growth_year": null,
            "eps_4q": -1.39,
            "eps_4q_growth_year": null,
            "roe": -3.96,
            "roe_4q": -17.21,
            "gross_profit": -34794,
            "gross_margin": -1.03,
            "gross_margin_4q_avg": 2.45,
            "net_income": -1387282,
            "net_income_4q": null,
            "revenue": 3375958,
            "revenue_4q": null,
            "common_shares": 38171964,
            "book_valuer_per_share": 8.96,
            "book_valuer_per_share_4q_avg": 7.77,
            "equity": 34368647,
            "current_ratio": 158.39,
            "debt_ratio": 21.19,
            "inventory_turnover_ratio": 11.21,
            "account_receivable_turnover_ratio": 2.21,
            "reinvestment_rate": null,
            "research_to_sale_ratio": null,
            "price_fair": 0,
            "eps_avg_yearly": 0,
            "eps_latest_yearly": 0,
            "eps_growth_yearly": 0
        },
        "20202": {
            "year_quarter": 20202,
            "year": 2020,
            "quarter": 2,
            "eps": -0.4,
            "eps_growth_year": null,
            "eps_4q": -1.44,
            "eps_4q_growth_year": null,
            "roe": -4.48,
            "roe_4q": -17.16,
            "gross_profit": -61748,
            "gross_margin": -1.79,
            "gross_margin_4q_avg": 1.2,
            "net_income": -1502934,
            "net_income_4q": null,
            "revenue": 3446049,
            "revenue_4q": null,
            "common_shares": 38171964,
            "book_valuer_per_share": 8.56,
            "book_valuer_per_share_4q_avg": 8.27,
            "equity": 32668848,
            "current_ratio": 148.28,
            "debt_ratio": 21,
            "inventory_turnover_ratio": 17.78,
            "account_receivable_turnover_ratio": 2.4,
            "reinvestment_rate": null,
            "research_to_sale_ratio": null,
            "price_fair": 0,
            "eps_avg_yearly": 0,
            "eps_latest_yearly": 0,
            "eps_growth_yearly": 0
        },
        "20203": {
            "year_quarter": 20203,
            "year": 2020,
            "quarter": 3,
            "eps": -0.37,
            "eps_growth_year": null,
            "eps_4q": -1.47,
            "eps_4q_growth_year": null,
            "roe": -4.46,
            "roe_4q": -16.82,
            "gross_profit": -114733,
            "gross_margin": -3.54,
            "gross_margin_4q_avg": -0.34,
            "net_income": -1424495,
            "net_income_4q": null,
            "revenue": 3243310,
            "revenue_4q": null,
            "common_shares": 38171964,
            "book_valuer_per_share": 8.19,
            "book_valuer_per_share_4q_avg": 8.76,
            "equity": 31244360,
            "current_ratio": 135.73,
            "debt_ratio": 22.21,
            "inventory_turnover_ratio": 22.32,
            "account_receivable_turnover_ratio": 2.44,
            "reinvestment_rate": null,
            "research_to_sale_ratio": null,
            "price_fair": 0,
            "eps_avg_yearly": 0,
            "eps_latest_yearly": 0,
            "eps_growth_yearly": 0
        },
        "20204": {
            "year_quarter": 20204,
            "year": 2020,
            "quarter": 4,
            "eps": -0.39,
            "eps_growth_year": null,
            "eps_4q": -1.53,
            "eps_4q_growth_year": null,
            "roe": -4.94,
            "roe_4q": -17.84,
            "gross_profit": -102852,
            "gross_margin": -2.92,
            "gross_margin_4q_avg": -2.32,
            "net_income": -1505269,
            "net_income_4q": null,
            "revenue": 3522126,
            "revenue_4q": null,
            "common_shares": 38171964,
            "book_valuer_per_share": 7.79,
            "book_valuer_per_share_4q_avg": 8.38,
            "equity": 29739972,
            "current_ratio": 117.16,
            "debt_ratio": 25.04,
            "inventory_turnover_ratio": 24.03,
            "account_receivable_turnover_ratio": 2.41,
            "reinvestment_rate": null,
            "research_to_sale_ratio": null,
            "price_fair": 0,
            "eps_avg_yearly": 0,
            "eps_latest_yearly": 0,
            "eps_growth_yearly": 0
        },
        "20211": {
            "year_quarter": 20211,
            "year": 2021,
            "quarter": 1,
            "eps": -0.37,
            "eps_growth_year": null,
            "eps_4q": -1.54,
            "eps_4q_growth_year": null,
            "roe": -4.89,
            "roe_4q": -18.77,
            "gross_profit": -81096,
            "gross_margin": -2.66,
            "gross_margin_4q_avg": -2.73,
            "net_income": -1418382,
            "net_income_4q": null,
            "revenue": 3046694,
            "revenue_4q": null,
            "common_shares": 38171964,
            "book_valuer_per_share": 7.42,
            "book_valuer_per_share_4q_avg": 7.99,
            "equity": 28321586,
            "current_ratio": 101.37,
            "debt_ratio": 27.61,
            "inventory_turnover_ratio": 16.05,
            "account_receivable_turnover_ratio": 2.03,
            "reinvestment_rate": null,
            "research_to_sale_ratio": null,
            "price_fair": 0,
            "eps_avg_yearly": 0,
            "eps_latest_yearly": 0,
            "eps_growth_yearly": 0
        },
        "20212": {
            "year_quarter": 20212,
            "year": 2021,
            "quarter": 2,
            "eps": -0.33,
            "eps_growth_year": null,
            "eps_4q": -1.47,
            "eps_4q_growth_year": null,
            "roe": -4.5,
            "roe_4q": -18.790000000000003,
            "gross_profit": 70415,
            "gross_margin": 2.26,
            "gross_margin_4q_avg": -1.72,
            "net_income": -1245756,
            "net_income_4q": null,
            "revenue": 3110659,
            "revenue_4q": null,
            "common_shares": 38171964,
            "book_valuer_per_share": 7.09,
            "book_valuer_per_share_4q_avg": 7.62,
            "equity": 27075825,
            "current_ratio": 85.06,
            "debt_ratio": 29.32,
            "inventory_turnover_ratio": 14.9,
            "account_receivable_turnover_ratio": 2.29,
            "reinvestment_rate": null,
            "research_to_sale_ratio": null,
            "price_fair": 0,
            "eps_avg_yearly": 0,
            "eps_latest_yearly": 0,
            "eps_growth_yearly": 0
        },
        "20213": {
            "year_quarter": 20213,
            "year": 2021,
            "quarter": 3,
            "eps": -0.37,
            "eps_growth_year": null,
            "eps_4q": -1.3,
            "eps_4q_growth_year": null,
            "roe": -5,
            "roe_4q": -19.330000000000002,
            "gross_profit": -67037,
            "gross_margin": -2.09,
            "gross_margin_4q_avg": -1.35,
            "net_income": -1441741,
            "net_income_4q": null,
            "revenue": 3211727,
            "revenue_4q": null,
            "common_shares": 43171964,
            "book_valuer_per_share": 7.1,
            "book_valuer_per_share_4q_avg": 7.35,
            "equity": 30634082,
            "current_ratio": 30.82,
            "debt_ratio": 34.31,
            "inventory_turnover_ratio": 18.11,
            "account_receivable_turnover_ratio": 2.27,
            "reinvestment_rate": null,
            "research_to_sale_ratio": null,
            "price_fair": 0,
            "eps_avg_yearly": 0,
            "eps_latest_yearly": 0,
            "eps_growth_yearly": 0
        },
        "20214": {
            "year_quarter": 20214,
            "year": 2021,
            "quarter": 4,
            "eps": -0.29,
            "eps_growth_year": null,
            "eps_4q": -1.24,
            "eps_4q_growth_year": null,
            "roe": -4.23,
            "roe_4q": -18.62,
            "gross_profit": 80500,
            "gross_margin": 2.46,
            "gross_margin_4q_avg": -0.01,
            "net_income": -1268262,
            "net_income_4q": null,
            "revenue": 3277585,
            "revenue_4q": null,
            "common_shares": 43171964,
            "book_valuer_per_share": 6.81,
            "book_valuer_per_share_4q_avg": 7.11,
            "equity": 29383115,
            "current_ratio": 35.19,
            "debt_ratio": 35.65,
            "inventory_turnover_ratio": 15,
            "account_receivable_turnover_ratio": 2.26,
            "reinvestment_rate": null,
            "research_to_sale_ratio": null,
            "price_fair": 0,
            "eps_avg_yearly": 0,
            "eps_latest_yearly": 0,
            "eps_growth_yearly": 0
        },
        "20221": {
            "year_quarter": 20221,
            "year": 2022,
            "quarter": 1,
            "eps": -0.37,
            "eps_growth_year": null,
            "eps_4q": -1.29,
            "eps_4q_growth_year": null,
            "roe": -5.63,
            "roe_4q": -19.36,
            "gross_profit": 37625,
            "gross_margin": 1.17,
            "gross_margin_4q_avg": 0.95,
            "net_income": -1608468,
            "net_income_4q": null,
            "revenue": 3206681,
            "revenue_4q": null,
            "common_shares": 43171964,
            "book_valuer_per_share": 6.43,
            "book_valuer_per_share_4q_avg": 6.86,
            "equity": 27774647,
            "current_ratio": 31.23,
            "debt_ratio": 37.93,
            "inventory_turnover_ratio": 16.1,
            "account_receivable_turnover_ratio": 2.39,
            "reinvestment_rate": null,
            "research_to_sale_ratio": null,
            "price_fair": 0,
            "eps_avg_yearly": 0,
            "eps_latest_yearly": 0,
            "eps_growth_yearly": 0
        },
        "20222": {
            "year_quarter": 20222,
            "year": 2022,
            "quarter": 2,
            "eps": -0.33,
            "eps_growth_year": null,
            "eps_4q": -1.35,
            "eps_4q_growth_year": null,
            "roe": -5.2,
            "roe_4q": -20.060000000000002,
            "gross_profit": 204062,
            "gross_margin": 6.15,
            "gross_margin_4q_avg": 1.92,
            "net_income": -1390721,
            "net_income_4q": null,
            "revenue": 3315822,
            "revenue_4q": null,
            "common_shares": 43171964,
            "book_valuer_per_share": 6.09,
            "book_valuer_per_share_4q_avg": 6.61,
            "equity": 25679246,
            "current_ratio": 42.66,
            "debt_ratio": 41.83,
            "inventory_turnover_ratio": 19.38,
            "account_receivable_turnover_ratio": 2.58,
            "reinvestment_rate": null,
            "research_to_sale_ratio": null,
            "price_fair": 0,
            "eps_avg_yearly": 0,
            "eps_latest_yearly": 0,
            "eps_growth_yearly": 0
        },
        "20223": {
            "year_quarter": 20223,
            "year": 2022,
            "quarter": 3,
            "eps": -0.28,
            "eps_growth_year": null,
            "eps_4q": -1.29,
            "eps_4q_growth_year": null,
            "roe": -4.66,
            "roe_4q": -19.72,
            "gross_profit": 306175,
            "gross_margin": 9.86,
            "gross_margin_4q_avg": 4.91,
            "net_income": -1169314,
            "net_income_4q": null,
            "revenue": 3104809,
            "revenue_4q": null,
            "common_shares": 43171964,
            "book_valuer_per_share": 5.81,
            "book_valuer_per_share_4q_avg": 6.29,
            "equity": 24509932,
            "current_ratio": 26.77,
            "debt_ratio": 39.43,
            "inventory_turnover_ratio": 19.09,
            "account_receivable_turnover_ratio": 2.51,
            "reinvestment_rate": null,
            "research_to_sale_ratio": null,
            "price_fair": 0,
            "eps_avg_yearly": 0,
            "eps_latest_yearly": 0,
            "eps_growth_yearly": 0
        },
        "20224": {
            "year_quarter": 20224,
            "year": 2022,
            "quarter": 4,
            "eps": -0.28,
            "eps_growth_year": null,
            "eps_4q": -1.27,
            "eps_4q_growth_year": null,
            "roe": -4.97,
            "roe_4q": -20.459999999999997,
            "gross_profit": 265382,
            "gross_margin": 8.03,
            "gross_margin_4q_avg": 6.3,
            "net_income": -1189235,
            "net_income_4q": null,
            "revenue": 3304093,
            "revenue_4q": null,
            "common_shares": 43171964,
            "book_valuer_per_share": 5.54,
            "book_valuer_per_share_4q_avg": 5.97,
            "equity": 23352005,
            "current_ratio": 24.96,
            "debt_ratio": 41.33,
            "inventory_turnover_ratio": 25.66,
            "account_receivable_turnover_ratio": 2.63,
            "reinvestment_rate": null,
            "research_to_sale_ratio": null,
            "price_fair": 0,
            "eps_avg_yearly": 0,
            "eps_latest_yearly": 0,
            "eps_growth_yearly": 0
        },
        "20231": {
            "year_quarter": 20231,
            "year": 2023,
            "quarter": 1,
            "eps": -0.3,
            "eps_growth_year": null,
            "eps_4q": -1.19,
            "eps_4q_growth_year": null,
            "roe": -5.54,
            "roe_4q": -20.37,
            "gross_profit": 201746,
            "gross_margin": 6.73,
            "gross_margin_4q_avg": 7.69,
            "net_income": -1258020,
            "net_income_4q": null,
            "revenue": 2996716,
            "revenue_4q": null,
            "common_shares": 43171964,
            "book_valuer_per_share": 5.24,
            "book_valuer_per_share_4q_avg": 5.67,
            "equity": 22093985,
            "current_ratio": 25.72,
            "debt_ratio": 42.89,
            "inventory_turnover_ratio": 19.82,
            "account_receivable_turnover_ratio": 2.39,
            "reinvestment_rate": null,
            "research_to_sale_ratio": null,
            "price_fair": 0,
            "eps_avg_yearly": 0,
            "eps_latest_yearly": 0,
            "eps_growth_yearly": 0
        },
        "20232": {
            "year_quarter": 20232,
            "year": 2023,
            "quarter": 2,
            "eps": -0.27,
            "eps_growth_year": null,
            "eps_4q": -1.13,
            "eps_4q_growth_year": null,
            "roe": -5.39,
            "roe_4q": -20.56,
            "gross_profit": 221487,
            "gross_margin": 7.79,
            "gross_margin_4q_avg": 8.1,
            "net_income": -1160082,
            "net_income_4q": null,
            "revenue": 2842973,
            "revenue_4q": null,
            "common_shares": 43171964,
            "book_valuer_per_share": 4.97,
            "book_valuer_per_share_4q_avg": 5.39,
            "equity": 20933903,
            "current_ratio": 28.58,
            "debt_ratio": 45.08,
            "inventory_turnover_ratio": 26.88,
            "account_receivable_turnover_ratio": 2.41,
            "reinvestment_rate": null,
            "research_to_sale_ratio": null,
            "price_fair": 0,
            "eps_avg_yearly": 0,
            "eps_latest_yearly": 0,
            "eps_growth_yearly": 0
        },
        "20233": {
            "year_quarter": 20233,
            "year": 2023,
            "quarter": 3,
            "eps": -0.27,
            "eps_growth_year": null,
            "eps_4q": -1.12,
            "eps_4q_growth_year": null,
            "roe": -5.46,
            "roe_4q": -21.36,
            "gross_profit": 242424,
            "gross_margin": 9.18,
            "gross_margin_4q_avg": 7.93,
            "net_income": -1112176,
            "net_income_4q": null,
            "revenue": 2639493,
            "revenue_4q": null,
            "common_shares": 43171964,
            "book_valuer_per_share": 4.7,
            "book_valuer_per_share_4q_avg": 5.11,
            "equity": 19821727,
            "current_ratio": 21.21,
            "debt_ratio": 45.15,
            "inventory_turnover_ratio": 75.53,
            "account_receivable_turnover_ratio": 2.27,
            "reinvestment_rate": null,
            "research_to_sale_ratio": null,
            "price_fair": 0,
            "eps_avg_yearly": 0,
            "eps_latest_yearly": 0,
            "eps_growth_yearly": 0
        }
    },
    "months": {
        "2011-12": {
            "month": "2011-12",
            "price": "10.14",
            "revenue": 2417399
        },
        "2012-01": {
            "month": "2012-01",
            "price": "9.95",
            "revenue": 2332641
        },
        "2012-02": {
            "month": "2012-02",
            "price": "11.83",
            "revenue": 2163876
        },
        "2012-03": {
            "month": "2012-03",
            "price": "12.73",
            "revenue": 2186438
        },
        "2012-04": {
            "month": "2012-04",
            "price": "13.62",
            "revenue": 2162846
        },
        "2012-05": {
            "month": "2012-05",
            "price": "13.40",
            "revenue": 2150385
        },
        "2012-06": {
            "month": "2012-06",
            "price": "12.81",
            "revenue": 2138963
        },
        "2012-07": {
            "month": "2012-07",
            "price": "13.28",
            "revenue": 2136839
        },
        "2012-08": {
            "month": "2012-08",
            "price": "16.10",
            "revenue": 2123846
        },
        "2012-09": {
            "month": "2012-09",
            "price": "17.59",
            "revenue": 2213459
        },
        "2012-10": {
            "month": "2012-10",
            "price": "16.60",
            "revenue": 2047614
        },
        "2012-11": {
            "month": "2012-11",
            "price": "13.96",
            "revenue": 2052075
        },
        "2012-12": {
            "month": "2012-12",
            "price": "13.23",
            "revenue": 2003207
        },
        "2013-01": {
            "month": "2013-01",
            "price": "13.60",
            "revenue": 1897474
        },
        "2013-02": {
            "month": "2013-02",
            "price": "14.15",
            "revenue": 1794259
        },
        "2013-03": {
            "month": "2013-03",
            "price": "13.94",
            "revenue": 1769648
        },
        "2013-04": {
            "month": "2013-04",
            "price": "14.22",
            "revenue": 1755163
        },
        "2013-05": {
            "month": "2013-05",
            "price": "14.19",
            "revenue": 1771798
        },
        "2013-06": {
            "month": "2013-06",
            "price": "13.84",
            "revenue": 1748454
        },
        "2013-07": {
            "month": "2013-07",
            "price": "14.36",
            "revenue": 1748226
        },
        "2013-08": {
            "month": "2013-08",
            "price": "16.22",
            "revenue": 1643519
        },
        "2013-09": {
            "month": "2013-09",
            "price": "17.46",
            "revenue": 1502412
        },
        "2013-10": {
            "month": "2013-10",
            "price": "17.52",
            "revenue": 1528612
        },
        "2013-11": {
            "month": "2013-11",
            "price": "17.63",
            "revenue": 1482091
        },
        "2013-12": {
            "month": "2013-12",
            "price": "15.78",
            "revenue": 1483705
        },
        "2014-01": {
            "month": "2014-01",
            "price": "15.33",
            "revenue": 1426440
        },
        "2014-02": {
            "month": "2014-02",
            "price": "14.84",
            "revenue": 1352525
        },
        "2014-03": {
            "month": "2014-03",
            "price": "14.55",
            "revenue": 1394069
        },
        "2014-04": {
            "month": "2014-04",
            "price": "14.33",
            "revenue": 1399315
        },
        "2014-05": {
            "month": "2014-05",
            "price": "17.04",
            "revenue": 1373698
        },
        "2014-06": {
            "month": "2014-06",
            "price": "17.20",
            "revenue": 1384230
        },
        "2014-07": {
            "month": "2014-07",
            "price": "18.10",
            "revenue": 1392000
        },
        "2014-08": {
            "month": "2014-08",
            "price": "18.59",
            "revenue": 1347072
        },
        "2014-09": {
            "month": "2014-09",
            "price": "18.28",
            "revenue": 1293611
        },
        "2014-10": {
            "month": "2014-10",
            "price": "17.52",
            "revenue": 1262425
        },
        "2014-11": {
            "month": "2014-11",
            "price": "17.96",
            "revenue": 1218698
        },
        "2014-12": {
            "month": "2014-12",
            "price": "17.64",
            "revenue": 1458443
        },
        "2015-01": {
            "month": "2015-01",
            "price": "16.12",
            "revenue": 1308155
        },
        "2015-02": {
            "month": "2015-02",
            "price": "15.21",
            "revenue": 1220986
        },
        "2015-03": {
            "month": "2015-03",
            "price": "14.62",
            "revenue": 1247834
        },
        "2015-04": {
            "month": "2015-04",
            "price": "13.60",
            "revenue": 1303730
        },
        "2015-05": {
            "month": "2015-05",
            "price": "12.45",
            "revenue": 1311707
        },
        "2015-06": {
            "month": "2015-06",
            "price": "11.23",
            "revenue": 1225333
        },
        "2015-07": {
            "month": "2015-07",
            "price": "11.41",
            "revenue": 1183511
        },
        "2015-08": {
            "month": "2015-08",
            "price": "9.42",
            "revenue": 1182380
        },
        "2015-09": {
            "month": "2015-09",
            "price": "9.47",
            "revenue": 1167654
        },
        "2015-10": {
            "month": "2015-10",
            "price": "10.51",
            "revenue": 1375616
        },
        "2015-11": {
            "month": "2015-11",
            "price": "10.99",
            "revenue": 1156671
        },
        "2015-12": {
            "month": "2015-12",
            "price": "10.47",
            "revenue": 1164941
        },
        "2016-01": {
            "month": "2016-01",
            "price": "10.56",
            "revenue": 1148584
        },
        "2016-02": {
            "month": "2016-02",
            "price": "11.12",
            "revenue": 1049102
        },
        "2016-03": {
            "month": "2016-03",
            "price": "11.57",
            "revenue": 1151267
        },
        "2016-04": {
            "month": "2016-04",
            "price": "10.77",
            "revenue": 1151444
        },
        "2016-05": {
            "month": "2016-05",
            "price": "10.22",
            "revenue": 1212269
        },
        "2016-06": {
            "month": "2016-06",
            "price": "10.76",
            "revenue": 1111049
        },
        "2016-07": {
            "month": "2016-07",
            "price": "10.88",
            "revenue": 1070768
        },
        "2016-08": {
            "month": "2016-08",
            "price": "11.02",
            "revenue": 1160729
        },
        "2016-09": {
            "month": "2016-09",
            "price": "10.55",
            "revenue": 1194063
        },
        "2016-10": {
            "month": "2016-10",
            "price": "10.19",
            "revenue": 1497357
        },
        "2016-11": {
            "month": "2016-11",
            "price": "9.76",
            "revenue": 1185370
        },
        "2016-12": {
            "month": "2016-12",
            "price": "10.16",
            "revenue": 1221426
        },
        "2017-01": {
            "month": "2017-01",
            "price": "10.29",
            "revenue": 1171012
        },
        "2017-02": {
            "month": "2017-02",
            "price": "10.22",
            "revenue": 1044899
        },
        "2017-03": {
            "month": "2017-03",
            "price": "10.13",
            "revenue": 1123405
        },
        "2017-04": {
            "month": "2017-04",
            "price": "9.70",
            "revenue": 1082532
        },
        "2017-05": {
            "month": "2017-05",
            "price": "9.69",
            "revenue": 1108834
        },
        "2017-06": {
            "month": "2017-06",
            "price": "10.18",
            "revenue": 1110526
        },
        "2017-07": {
            "month": "2017-07",
            "price": "10.44",
            "revenue": 1108013
        },
        "2017-08": {
            "month": "2017-08",
            "price": "10.29",
            "revenue": 1121124
        },
        "2017-09": {
            "month": "2017-09",
            "price": "10.27",
            "revenue": 1158653
        },
        "2017-10": {
            "month": "2017-10",
            "price": "10.09",
            "revenue": 1147238
        },
        "2017-11": {
            "month": "2017-11",
            "price": "9.73",
            "revenue": 1279428
        },
        "2017-12": {
            "month": "2017-12",
            "price": "9.70",
            "revenue": 1251835
        },
        "2018-01": {
            "month": "2018-01",
            "price": "10.08",
            "revenue": 1210248
        },
        "2018-02": {
            "month": "2018-02",
            "price": "9.51",
            "revenue": 1135537
        },
        "2018-03": {
            "month": "2018-03",
            "price": "9.25",
            "revenue": 1227909
        },
        "2018-04": {
            "month": "2018-04",
            "price": "8.91",
            "revenue": 1259228
        },
        "2018-05": {
            "month": "2018-05",
            "price": "8.35",
            "revenue": 1255956
        },
        "2018-06": {
            "month": "2018-06",
            "price": "8.26",
            "revenue": 1196485
        },
        "2018-07": {
            "month": "2018-07",
            "price": "7.91",
            "revenue": 1161571
        },
        "2018-08": {
            "month": "2018-08",
            "price": "7.45",
            "revenue": 1162968
        },
        "2018-09": {
            "month": "2018-09",
            "price": "7.00",
            "revenue": 1233885
        },
        "2018-10": {
            "month": "2018-10",
            "price": "6.14",
            "revenue": 1253671
        },
        "2018-11": {
            "month": "2018-11",
            "price": "6.55",
            "revenue": 1297063
        },
        "2018-12": {
            "month": "2018-12",
            "price": "7.44",
            "revenue": 1171438
        },
        "2019-01": {
            "month": "2019-01",
            "price": "6.95",
            "revenue": 1224705
        },
        "2019-02": {
            "month": "2019-02",
            "price": "7.04",
            "revenue": 1096227
        },
        "2019-03": {
            "month": "2019-03",
            "price": "7.13",
            "revenue": 1153082
        },
        "2019-04": {
            "month": "2019-04",
            "price": "7.95",
            "revenue": 1091297
        },
        "2019-05": {
            "month": "2019-05",
            "price": "7.46",
            "revenue": 1178645
        },
        "2019-06": {
            "month": "2019-06",
            "price": "7.25",
            "revenue": 1098805
        },
        "2019-07": {
            "month": "2019-07",
            "price": "7.27",
            "revenue": 1141241
        },
        "2019-08": {
            "month": "2019-08",
            "price": "6.28",
            "revenue": 1284290
        },
        "2019-09": {
            "month": "2019-09",
            "price": "6.23",
            "revenue": 1280577
        },
        "2019-10": {
            "month": "2019-10",
            "price": "5.98",
            "revenue": 1300255
        },
        "2019-11": {
            "month": "2019-11",
            "price": "7.20",
            "revenue": 1254116
        },
        "2019-12": {
            "month": "2019-12",
            "price": "7.85",
            "revenue": 1142826
        },
        "2020-01": {
            "month": "2020-01",
            "price": "7.72",
            "revenue": 1157329
        },
        "2020-02": {
            "month": "2020-02",
            "price": "7.45",
            "revenue": 1071327
        },
        "2020-03": {
            "month": "2020-03",
            "price": "6.15",
            "revenue": 1147302
        },
        "2020-04": {
            "month": "2020-04",
            "price": "6.65",
            "revenue": 1113262
        },
        "2020-05": {
            "month": "2020-05",
            "price": "6.67",
            "revenue": 1137170
        },
        "2020-06": {
            "month": "2020-06",
            "price": "7.00",
            "revenue": 1195617
        },
        "2020-07": {
            "month": "2020-07",
            "price": "7.50",
            "revenue": 1094361
        },
        "2020-08": {
            "month": "2020-08",
            "price": "7.22",
            "revenue": 1100782
        },
        "2020-09": {
            "month": "2020-09",
            "price": "9.36",
            "revenue": 1048167
        },
        "2020-10": {
            "month": "2020-10",
            "price": "9.82",
            "revenue": 991846
        },
        "2020-11": {
            "month": "2020-11",
            "price": "9.49",
            "revenue": 1113537
        },
        "2020-12": {
            "month": "2020-12",
            "price": "9.85",
            "revenue": 1416743
        },
        "2021-01": {
            "month": "2021-01",
            "price": "9.98",
            "revenue": 1113002
        },
        "2021-02": {
            "month": "2021-02",
            "price": "9.61",
            "revenue": 952614
        },
        "2021-03": {
            "month": "2021-03",
            "price": "9.60",
            "revenue": 981078
        },
        "2021-04": {
            "month": "2021-04",
            "price": "9.84",
            "revenue": 1075581
        },
        "2021-05": {
            "month": "2021-05",
            "price": "8.76",
            "revenue": 990211
        },
        "2021-06": {
            "month": "2021-06",
            "price": "8.94",
            "revenue": 1044867
        },
        "2021-07": {
            "month": "2021-07",
            "price": "8.38",
            "revenue": 1015965
        },
        "2021-08": {
            "month": "2021-08",
            "price": "8.21",
            "revenue": 1045905
        },
        "2021-09": {
            "month": "2021-09",
            "price": "8.23",
            "revenue": 1149857
        },
        "2021-10": {
            "month": "2021-10",
            "price": "8.14",
            "revenue": 1115480
        },
        "2021-11": {
            "month": "2021-11",
            "price": "8.42",
            "revenue": 1050863
        },
        "2021-12": {
            "month": "2021-12",
            "price": "8.23",
            "revenue": 1111242
        },
        "2022-01": {
            "month": "2022-01",
            "price": "8.18",
            "revenue": 1110173
        },
        "2022-02": {
            "month": "2022-02",
            "price": "8.06",
            "revenue": 1004153
        },
        "2022-03": {
            "month": "2022-03",
            "price": "6.66",
            "revenue": 1092355
        },
        "2022-04": {
            "month": "2022-04",
            "price": "7.01",
            "revenue": 1110769
        },
        "2022-05": {
            "month": "2022-05",
            "price": "7.14",
            "revenue": 1099185
        },
        "2022-06": {
            "month": "2022-06",
            "price": "7.19",
            "revenue": 1105868
        },
        "2022-07": {
            "month": "2022-07",
            "price": "7.14",
            "revenue": 1034500
        },
        "2022-08": {
            "month": "2022-08",
            "price": "6.94",
            "revenue": 1022246
        },
        "2022-09": {
            "month": "2022-09",
            "price": "6.69",
            "revenue": 1048063
        },
        "2022-10": {
            "month": "2022-10",
            "price": "6.24",
            "revenue": 1119112
        },
        "2022-11": {
            "month": "2022-11",
            "price": "6.20",
            "revenue": 1074379
        },
        "2022-12": {
            "month": "2022-12",
            "price": "6.02",
            "revenue": 1110602
        },
        "2023-01": {
            "month": "2023-01",
            "price": "6.05",
            "revenue": 1032946
        },
        "2023-02": {
            "month": "2023-02",
            "price": "6.25",
            "revenue": 978970
        },
        "2023-03": {
            "month": "2023-03",
            "price": "6.18",
            "revenue": 984800
        },
        "2023-04": {
            "month": "2023-04",
            "price": "6.60",
            "revenue": 994505
        },
        "2023-05": {
            "month": "2023-05",
            "price": "6.67",
            "revenue": 927786
        },
        "2023-06": {
            "month": "2023-06",
            "price": "6.75",
            "revenue": 920682
        },
        "2023-07": {
            "month": "2023-07",
            "price": "6.42",
            "revenue": 893007
        },
        "2023-08": {
            "month": "2023-08",
            "price": "6.29",
            "revenue": 875396
        },
        "2023-09": {
            "month": "2023-09",
            "price": "6.21",
            "revenue": 871090
        },
        "2023-10": {
            "month": "2023-10",
            "price": "6.56",
            "revenue": 1014972
        },
        "2023-11": {
            "month": "2023-11",
            "price": "7.20",
            "revenue": 868034
        }
    }
}
