{
    "summary": {
        "stock_name": "榮昌",
        "stock_id": "3684",
        "category": "通信網路",
        "main_business": "高頻/車用連接線室內外天線工業用次系統產品等製造加工買賣業務<br>一般進出口貿易業務(期貨除外)<br>有關前項業務之代理經銷報價及投標業務",
        "website_url": "http://www.grand-tek.com",
        "ceo": "洪健文",
        "pe_ratio": 36,
        "report_year_from": 2009,
        "report_year_to": 2023,
        "age": 15,
        "eps_negative_percentage": 0,
        "eps_growth_avg": {
            "last_all": 23.44,
            "last_2y": 13.37,
            "last_4y": 16.77,
            "last_8y": 6.42,
            "last_12y": null,
            "last_16y": null,
            "last_20y": null,
            "at_2006_last_3y": null,
            "at_2007_last_3y": null,
            "at_2008_last_3y": null,
            "at_2009_last_3y": null,
            "at_2010_last_3y": null,
            "at_2011_last_3y": null,
            "at_2012_last_3y": null,
            "at_2013_last_3y": null,
            "at_2014_last_3y": null,
            "at_2015_last_3y": null,
            "at_2016_last_3y": null,
            "at_2017_last_3y": 28.66,
            "at_2018_last_3y": -6.51,
            "at_2019_last_3y": 5.95,
            "at_2020_last_3y": 1.57,
            "at_2021_last_3y": 18.62,
            "at_2022_last_3y": 39.71,
            "at_2023_last_3y": -4.04,
            "at_2024_last_3y": -4.04,
            "at_2006_last_all": null,
            "at_2007_last_all": null,
            "at_2008_last_all": null,
            "at_2009_last_all": null,
            "at_2010_last_all": null,
            "at_2011_last_all": null,
            "at_2012_last_all": null,
            "at_2013_last_all": null,
            "at_2014_last_all": 100,
            "at_2015_last_all": 83.38,
            "at_2016_last_all": 52.86,
            "at_2017_last_all": 42.93,
            "at_2018_last_all": 28.99,
            "at_2019_last_all": 39.14,
            "at_2020_last_all": 27.21,
            "at_2021_last_all": 32.13,
            "at_2022_last_all": 33.28,
            "at_2023_last_all": 23.44,
            "at_2024_last_all": 23.44
        },
        "latest_eps": 1.17,
        "latest_price": 42.2,
        "latest_roe": 5.68,
        "latest_gross_margin": 35.77,
        "latest_equity": 605322,
        "latest_revenue": 169413,
        "latest_gross_profit": 60604,
        "latest_net_income": 57,
        "latest_debt_ratio": 36.15,
        "latest_current_ratio": 239.9,
        "latest_account_receivable_turnover_ratio": 0.96,
        "latest_inventory_turnover_ratio": 1.99,
        "latest_reinvestment_rate": 3.68,
        "latest_research_to_sale_ratio": 7.48
    },
    "eps_dividends": {
        "2001": {
            "cash": 0,
            "stock": 0,
            "eps": 0
        },
        "2002": {
            "cash": 0,
            "stock": 0,
            "eps": 0
        },
        "2003": {
            "cash": 0,
            "stock": 0,
            "eps": 0
        },
        "2004": {
            "cash": 0,
            "stock": 0,
            "eps": 0
        },
        "2005": {
            "cash": 0,
            "stock": 0,
            "eps": 0
        },
        "2006": {
            "cash": 0,
            "stock": 0,
            "eps": 0
        },
        "2007": {
            "cash": 0,
            "stock": 0,
            "eps": 0
        },
        "2008": {
            "cash": 0,
            "stock": 0,
            "eps": 0
        },
        "2009": {
            "cash": 0,
            "stock": 0,
            "eps": 0
        },
        "2010": {
            "cash": 0.5,
            "stock": 1.2,
            "eps": 0
        },
        "2011": {
            "cash": 1.1,
            "stock": 0,
            "eps": 0.74
        },
        "2012": {
            "cash": 1.45,
            "stock": 0,
            "eps": 0
        },
        "2013": {
            "cash": 2.1,
            "stock": 0.3,
            "eps": 1.62
        },
        "2014": {
            "cash": 2,
            "stock": 0,
            "eps": 3.39
        },
        "2015": {
            "cash": 2.7,
            "stock": 0.3,
            "eps": 5.09
        },
        "2016": {
            "cash": 2.5,
            "stock": 1.5,
            "eps": 3.12
        },
        "2017": {
            "cash": 2.5,
            "stock": 0,
            "eps": 3.22
        },
        "2018": {
            "cash": 2.7,
            "stock": 0,
            "eps": 1.91
        },
        "2019": {
            "cash": 1.5,
            "stock": 0,
            "eps": 4.64
        },
        "2020": {
            "cash": 2.1,
            "stock": 0,
            "eps": 2.03
        },
        "2021": {
            "cash": 1.5,
            "stock": 0,
            "eps": 3.48
        },
        "2022": {
            "cash": 3,
            "stock": 0,
            "eps": 5
        },
        "2023": {
            "cash": 2.3,
            "stock": 2.2,
            "eps": 1.25
        },
        "2024": {
            "cash": 0.8,
            "stock": 0,
            "eps": 0
        }
    },
    "dividends": {
        "2010-03-31": {
            "cash": 0.5,
            "stock": 1.2
        },
        "2011-04-26": {
            "cash": 1.1,
            "stock": 0
        },
        "2012-06-05": {
            "cash": 1.45,
            "stock": 0
        },
        "2013-05-17": {
            "cash": 2.1,
            "stock": 0.3
        },
        "2014-06-06": {
            "cash": 2,
            "stock": 0
        },
        "2015-08-18": {
            "cash": 2.7,
            "stock": 0.3
        },
        "2016-08-04": {
            "cash": 2.5,
            "stock": 1.5
        },
        "2017-08-04": {
            "cash": 2.5,
            "stock": 0
        },
        "2018-07-31": {
            "cash": 2.7,
            "stock": 0
        },
        "2019-07-30": {
            "cash": 1.5,
            "stock": 0
        },
        "2020-07-28": {
            "cash": 2.1,
            "stock": 0
        },
        "2021-08-20": {
            "cash": 1.5,
            "stock": 0
        },
        "2022-07-22": {
            "cash": 3,
            "stock": 0
        },
        "2023-07-13": {
            "cash": 2.3,
            "stock": 2.2
        },
        "2024-02-27": {
            "cash": 0.8,
            "stock": 0
        }
    },
    "prices": {
        "200101": "無",
        "200102": "無",
        "200103": "無",
        "200104": "無",
        "200105": "無",
        "200106": "無",
        "200107": "無",
        "200108": "無",
        "200109": "無",
        "200110": "無",
        "200111": "無",
        "200112": "無",
        "200201": "無",
        "200202": "無",
        "200203": "無",
        "200204": "無",
        "200205": "無",
        "200206": "無",
        "200207": "無",
        "200208": "無",
        "200209": "無",
        "200210": "無",
        "200211": "無",
        "200212": "無",
        "200301": "無",
        "200302": "無",
        "200303": "無",
        "200304": "無",
        "200305": "無",
        "200306": "無",
        "200307": "無",
        "200308": "無",
        "200309": "無",
        "200310": "無",
        "200311": "無",
        "200312": "無",
        "200401": "無",
        "200402": "無",
        "200403": "無",
        "200404": "無",
        "200405": "無",
        "200406": "無",
        "200407": "無",
        "200408": "無",
        "200409": "無",
        "200410": "無",
        "200411": "無",
        "200412": "無",
        "200501": "無",
        "200502": "無",
        "200503": "無",
        "200504": "無",
        "200505": "無",
        "200506": "無",
        "200507": "無",
        "200508": "無",
        "200509": "無",
        "200510": "無",
        "200511": "無",
        "200512": "無",
        "200601": "無",
        "200602": "無",
        "200603": "無",
        "200604": "無",
        "200605": "無",
        "200606": "無",
        "200607": "無",
        "200608": "無",
        "200609": "無",
        "200610": "無",
        "200611": "無",
        "200612": "無",
        "200701": "無",
        "200702": "無",
        "200703": "無",
        "200704": "無",
        "200705": "無",
        "200706": "無",
        "200707": "無",
        "200708": "無",
        "200709": "無",
        "200710": "無",
        "200711": "無",
        "200712": "無",
        "200801": "無",
        "200802": "無",
        "200803": "無",
        "200804": "無",
        "200805": "無",
        "200806": "無",
        "200807": "無",
        "200808": "無",
        "200809": "無",
        "200810": "無",
        "200811": "無",
        "200812": "無",
        "200901": "無",
        "200902": "無",
        "200903": "無",
        "200904": "無",
        "200905": "無",
        "200906": "無",
        "200907": "無",
        "200908": "無",
        "200909": "無",
        "200910": "無",
        "200911": "無",
        "200912": "30.53",
        "201001": "28.78",
        "201002": "30.05",
        "201003": "28.06",
        "201004": "27.88",
        "201005": "27.59",
        "201006": "28.02",
        "201007": "26.82",
        "201008": "23.81",
        "201009": "22.97",
        "201010": "無",
        "201011": "21.94",
        "201012": "21.27",
        "201101": "20.64",
        "201102": "20.09",
        "201103": "19.85",
        "201104": "20.54",
        "201105": "20.15",
        "201106": "20.05",
        "201107": "19.11",
        "201108": "17.99",
        "201109": "17.55",
        "201110": "無",
        "201111": "17.06",
        "201112": "17.28",
        "201201": "17.17",
        "201202": "18.42",
        "201203": "18.34",
        "201204": "14.82",
        "201205": "15.62",
        "201206": "16.42",
        "201207": "15.26",
        "201208": "16.24",
        "201209": "18.96",
        "201210": "19.70",
        "201211": "19.81",
        "201212": "19.88",
        "201301": "21.98",
        "201302": "23.10",
        "201303": "26.69",
        "201304": "28.70",
        "201305": "28.60",
        "201306": "28.45",
        "201307": "23.72",
        "201308": "23.61",
        "201309": "25.18",
        "201310": "32.80",
        "201311": "31.40",
        "201312": "34.33",
        "201401": "39.14",
        "201402": "40.93",
        "201403": "55.25",
        "201404": "66.08",
        "201405": "55.63",
        "201406": "59.32",
        "201407": "54.20",
        "201408": "49.14",
        "201409": "51.06",
        "201410": "53.45",
        "201411": "51.06",
        "201412": "51.91",
        "201501": "52.06",
        "201502": "50.72",
        "201503": "52.36",
        "201504": "55.49",
        "201505": "52.08",
        "201506": "51.20",
        "201507": "63.75",
        "201508": "55.26",
        "201509": "50.91",
        "201510": "58.25",
        "201511": "63.90",
        "201512": "60.36",
        "201601": "56.46",
        "201602": "55.30",
        "201603": "58.10",
        "201604": "55.87",
        "201605": "52.22",
        "201606": "51.10",
        "201607": "44.91",
        "201608": "42.23",
        "201609": "41.70",
        "201610": "38.83",
        "201611": "33.30",
        "201612": "31.58",
        "201701": "31.18",
        "201702": "33.78",
        "201703": "36.01",
        "201704": "36.51",
        "201705": "37.16",
        "201706": "37.84",
        "201707": "40.63",
        "201708": "44.22",
        "201709": "42.04",
        "201710": "41.12",
        "201711": "39.63",
        "201712": "40.87",
        "201801": "43.13",
        "201802": "40.77",
        "201803": "41.23",
        "201804": "41.28",
        "201805": "36.70",
        "201806": "35.94",
        "201807": "31.70",
        "201808": "30.92",
        "201809": "31.02",
        "201810": "30.14",
        "201811": "29.32",
        "201812": "30.53",
        "201901": "30.54",
        "201902": "30.20",
        "201903": "30.66",
        "201904": "31.11",
        "201905": "31.00",
        "201906": "31.49",
        "201907": "32.47",
        "201908": "31.75",
        "201909": "32.75",
        "201910": "34.02",
        "201911": "38.38",
        "201912": "41.41",
        "202001": "42.14",
        "202002": "40.11",
        "202003": "34.20",
        "202004": "32.36",
        "202005": "34.75",
        "202006": "36.91",
        "202007": "38.83",
        "202008": "36.25",
        "202009": "35.61",
        "202010": "35.27",
        "202011": "34.13",
        "202012": "34.08",
        "202101": "34.28",
        "202102": "35.92",
        "202103": "37.05",
        "202104": "39.63",
        "202105": "38.30",
        "202106": "37.75",
        "202107": "39.10",
        "202108": "38.44",
        "202109": "38.09",
        "202110": "41.50",
        "202111": "42.50",
        "202112": "50.38",
        "202201": "63.07",
        "202202": "61.02",
        "202203": "58.08",
        "202204": "50.68",
        "202205": "49.16",
        "202206": "49.34",
        "202207": "45.28",
        "202208": "50.87",
        "202209": "54.25",
        "202210": "53.07",
        "202211": "56.40",
        "202212": "57.41",
        "202301": "54.84",
        "202302": "55.92",
        "202303": "67.06",
        "202304": "66.15",
        "202305": "61.82",
        "202306": "60.89",
        "202307": "53.90",
        "202308": "47.36",
        "202309": "45.51",
        "202310": "44.77",
        "202311": "45.38",
        "202312": "46.47"
    },
    "quarters": {
        "20011": {
            "year_quarter": 20011,
            "year": 2001,
            "quarter": 1,
            "eps": null,
            "eps_growth_year": null,
            "eps_4q": null,
            "eps_4q_growth_year": null,
            "roe": null,
            "roe_4q": 0,
            "gross_profit": null,
            "gross_margin": null,
            "gross_margin_4q_avg": 0,
            "net_income": null,
            "net_income_4q": null,
            "revenue": null,
            "revenue_4q": null,
            "common_shares": null,
            "book_valuer_per_share": null,
            "book_valuer_per_share_4q_avg": 0,
            "equity": null,
            "current_ratio": null,
            "debt_ratio": null,
            "inventory_turnover_ratio": null,
            "account_receivable_turnover_ratio": null,
            "reinvestment_rate": null,
            "research_to_sale_ratio": null,
            "price_fair": 0,
            "eps_avg_yearly": 0,
            "eps_latest_yearly": 0,
            "eps_growth_yearly": 0
        },
        "20012": {
            "year_quarter": 20012,
            "year": 2001,
            "quarter": 2,
            "eps": null,
            "eps_growth_year": null,
            "eps_4q": null,
            "eps_4q_growth_year": null,
            "roe": null,
            "roe_4q": 0,
            "gross_profit": null,
            "gross_margin": null,
            "gross_margin_4q_avg": 0,
            "net_income": null,
            "net_income_4q": null,
            "revenue": null,
            "revenue_4q": null,
            "common_shares": null,
            "book_valuer_per_share": null,
            "book_valuer_per_share_4q_avg": 0,
            "equity": null,
            "current_ratio": null,
            "debt_ratio": null,
            "inventory_turnover_ratio": null,
            "account_receivable_turnover_ratio": null,
            "reinvestment_rate": null,
            "research_to_sale_ratio": null,
            "price_fair": 0,
            "eps_avg_yearly": 0,
            "eps_latest_yearly": 0,
            "eps_growth_yearly": 0
        },
        "20013": {
            "year_quarter": 20013,
            "year": 2001,
            "quarter": 3,
            "eps": null,
            "eps_growth_year": null,
            "eps_4q": null,
            "eps_4q_growth_year": null,
            "roe": null,
            "roe_4q": 0,
            "gross_profit": null,
            "gross_margin": null,
            "gross_margin_4q_avg": 0,
            "net_income": null,
            "net_income_4q": null,
            "revenue": null,
            "revenue_4q": null,
            "common_shares": null,
            "book_valuer_per_share": null,
            "book_valuer_per_share_4q_avg": 0,
            "equity": null,
            "current_ratio": null,
            "debt_ratio": null,
            "inventory_turnover_ratio": null,
            "account_receivable_turnover_ratio": null,
            "reinvestment_rate": null,
            "research_to_sale_ratio": null,
            "price_fair": 0,
            "eps_avg_yearly": 0,
            "eps_latest_yearly": 0,
            "eps_growth_yearly": 0
        },
        "20014": {
            "year_quarter": 20014,
            "year": 2001,
            "quarter": 4,
            "eps": null,
            "eps_growth_year": null,
            "eps_4q": null,
            "eps_4q_growth_year": null,
            "roe": null,
            "roe_4q": 0,
            "gross_profit": null,
            "gross_margin": null,
            "gross_margin_4q_avg": 0,
            "net_income": null,
            "net_income_4q": null,
            "revenue": null,
            "revenue_4q": null,
            "common_shares": null,
            "book_valuer_per_share": null,
            "book_valuer_per_share_4q_avg": 0,
            "equity": null,
            "current_ratio": null,
            "debt_ratio": null,
            "inventory_turnover_ratio": null,
            "account_receivable_turnover_ratio": null,
            "reinvestment_rate": null,
            "research_to_sale_ratio": null,
            "price_fair": 0,
            "eps_avg_yearly": 0,
            "eps_latest_yearly": 0,
            "eps_growth_yearly": 0
        },
        "20021": {
            "year_quarter": 20021,
            "year": 2002,
            "quarter": 1,
            "eps": null,
            "eps_growth_year": null,
            "eps_4q": null,
            "eps_4q_growth_year": null,
            "roe": null,
            "roe_4q": 0,
            "gross_profit": null,
            "gross_margin": null,
            "gross_margin_4q_avg": 0,
            "net_income": null,
            "net_income_4q": null,
            "revenue": null,
            "revenue_4q": null,
            "common_shares": null,
            "book_valuer_per_share": null,
            "book_valuer_per_share_4q_avg": 0,
            "equity": null,
            "current_ratio": null,
            "debt_ratio": null,
            "inventory_turnover_ratio": null,
            "account_receivable_turnover_ratio": null,
            "reinvestment_rate": null,
            "research_to_sale_ratio": null,
            "price_fair": 0,
            "eps_avg_yearly": 0,
            "eps_latest_yearly": 0,
            "eps_growth_yearly": 0
        },
        "20022": {
            "year_quarter": 20022,
            "year": 2002,
            "quarter": 2,
            "eps": null,
            "eps_growth_year": null,
            "eps_4q": null,
            "eps_4q_growth_year": null,
            "roe": null,
            "roe_4q": 0,
            "gross_profit": null,
            "gross_margin": null,
            "gross_margin_4q_avg": 0,
            "net_income": null,
            "net_income_4q": null,
            "revenue": null,
            "revenue_4q": null,
            "common_shares": null,
            "book_valuer_per_share": null,
            "book_valuer_per_share_4q_avg": 0,
            "equity": null,
            "current_ratio": null,
            "debt_ratio": null,
            "inventory_turnover_ratio": null,
            "account_receivable_turnover_ratio": null,
            "reinvestment_rate": null,
            "research_to_sale_ratio": null,
            "price_fair": 0,
            "eps_avg_yearly": 0,
            "eps_latest_yearly": 0,
            "eps_growth_yearly": 0
        },
        "20023": {
            "year_quarter": 20023,
            "year": 2002,
            "quarter": 3,
            "eps": null,
            "eps_growth_year": null,
            "eps_4q": null,
            "eps_4q_growth_year": null,
            "roe": null,
            "roe_4q": 0,
            "gross_profit": null,
            "gross_margin": null,
            "gross_margin_4q_avg": 0,
            "net_income": null,
            "net_income_4q": null,
            "revenue": null,
            "revenue_4q": null,
            "common_shares": null,
            "book_valuer_per_share": null,
            "book_valuer_per_share_4q_avg": 0,
            "equity": null,
            "current_ratio": null,
            "debt_ratio": null,
            "inventory_turnover_ratio": null,
            "account_receivable_turnover_ratio": null,
            "reinvestment_rate": null,
            "research_to_sale_ratio": null,
            "price_fair": 0,
            "eps_avg_yearly": 0,
            "eps_latest_yearly": 0,
            "eps_growth_yearly": 0
        },
        "20024": {
            "year_quarter": 20024,
            "year": 2002,
            "quarter": 4,
            "eps": null,
            "eps_growth_year": null,
            "eps_4q": null,
            "eps_4q_growth_year": null,
            "roe": null,
            "roe_4q": 0,
            "gross_profit": null,
            "gross_margin": null,
            "gross_margin_4q_avg": 0,
            "net_income": null,
            "net_income_4q": null,
            "revenue": null,
            "revenue_4q": null,
            "common_shares": null,
            "book_valuer_per_share": null,
            "book_valuer_per_share_4q_avg": 0,
            "equity": null,
            "current_ratio": null,
            "debt_ratio": null,
            "inventory_turnover_ratio": null,
            "account_receivable_turnover_ratio": null,
            "reinvestment_rate": null,
            "research_to_sale_ratio": null,
            "price_fair": 0,
            "eps_avg_yearly": 0,
            "eps_latest_yearly": 0,
            "eps_growth_yearly": 0
        },
        "20031": {
            "year_quarter": 20031,
            "year": 2003,
            "quarter": 1,
            "eps": null,
            "eps_growth_year": null,
            "eps_4q": null,
            "eps_4q_growth_year": null,
            "roe": null,
            "roe_4q": 0,
            "gross_profit": null,
            "gross_margin": null,
            "gross_margin_4q_avg": 0,
            "net_income": null,
            "net_income_4q": null,
            "revenue": null,
            "revenue_4q": null,
            "common_shares": null,
            "book_valuer_per_share": null,
            "book_valuer_per_share_4q_avg": 0,
            "equity": null,
            "current_ratio": null,
            "debt_ratio": null,
            "inventory_turnover_ratio": null,
            "account_receivable_turnover_ratio": null,
            "reinvestment_rate": null,
            "research_to_sale_ratio": null,
            "price_fair": 0,
            "eps_avg_yearly": 0,
            "eps_latest_yearly": 0,
            "eps_growth_yearly": 0
        },
        "20032": {
            "year_quarter": 20032,
            "year": 2003,
            "quarter": 2,
            "eps": null,
            "eps_growth_year": null,
            "eps_4q": null,
            "eps_4q_growth_year": null,
            "roe": null,
            "roe_4q": 0,
            "gross_profit": null,
            "gross_margin": null,
            "gross_margin_4q_avg": 0,
            "net_income": null,
            "net_income_4q": null,
            "revenue": null,
            "revenue_4q": null,
            "common_shares": null,
            "book_valuer_per_share": null,
            "book_valuer_per_share_4q_avg": 0,
            "equity": null,
            "current_ratio": null,
            "debt_ratio": null,
            "inventory_turnover_ratio": null,
            "account_receivable_turnover_ratio": null,
            "reinvestment_rate": null,
            "research_to_sale_ratio": null,
            "price_fair": 0,
            "eps_avg_yearly": 0,
            "eps_latest_yearly": 0,
            "eps_growth_yearly": 0
        },
        "20033": {
            "year_quarter": 20033,
            "year": 2003,
            "quarter": 3,
            "eps": null,
            "eps_growth_year": null,
            "eps_4q": null,
            "eps_4q_growth_year": null,
            "roe": null,
            "roe_4q": 0,
            "gross_profit": null,
            "gross_margin": null,
            "gross_margin_4q_avg": 0,
            "net_income": null,
            "net_income_4q": null,
            "revenue": null,
            "revenue_4q": null,
            "common_shares": null,
            "book_valuer_per_share": null,
            "book_valuer_per_share_4q_avg": 0,
            "equity": null,
            "current_ratio": null,
            "debt_ratio": null,
            "inventory_turnover_ratio": null,
            "account_receivable_turnover_ratio": null,
            "reinvestment_rate": null,
            "research_to_sale_ratio": null,
            "price_fair": 0,
            "eps_avg_yearly": 0,
            "eps_latest_yearly": 0,
            "eps_growth_yearly": 0
        },
        "20034": {
            "year_quarter": 20034,
            "year": 2003,
            "quarter": 4,
            "eps": null,
            "eps_growth_year": null,
            "eps_4q": null,
            "eps_4q_growth_year": null,
            "roe": null,
            "roe_4q": 0,
            "gross_profit": null,
            "gross_margin": null,
            "gross_margin_4q_avg": 0,
            "net_income": null,
            "net_income_4q": null,
            "revenue": null,
            "revenue_4q": null,
            "common_shares": null,
            "book_valuer_per_share": null,
            "book_valuer_per_share_4q_avg": 0,
            "equity": null,
            "current_ratio": null,
            "debt_ratio": null,
            "inventory_turnover_ratio": null,
            "account_receivable_turnover_ratio": null,
            "reinvestment_rate": null,
            "research_to_sale_ratio": null,
            "price_fair": 0,
            "eps_avg_yearly": 0,
            "eps_latest_yearly": 0,
            "eps_growth_yearly": 0
        },
        "20041": {
            "year_quarter": 20041,
            "year": 2004,
            "quarter": 1,
            "eps": null,
            "eps_growth_year": null,
            "eps_4q": null,
            "eps_4q_growth_year": null,
            "roe": null,
            "roe_4q": 0,
            "gross_profit": null,
            "gross_margin": null,
            "gross_margin_4q_avg": 0,
            "net_income": null,
            "net_income_4q": null,
            "revenue": null,
            "revenue_4q": null,
            "common_shares": null,
            "book_valuer_per_share": null,
            "book_valuer_per_share_4q_avg": 0,
            "equity": null,
            "current_ratio": null,
            "debt_ratio": null,
            "inventory_turnover_ratio": null,
            "account_receivable_turnover_ratio": null,
            "reinvestment_rate": null,
            "research_to_sale_ratio": null,
            "price_fair": 0,
            "eps_avg_yearly": 0,
            "eps_latest_yearly": 0,
            "eps_growth_yearly": 0
        },
        "20042": {
            "year_quarter": 20042,
            "year": 2004,
            "quarter": 2,
            "eps": null,
            "eps_growth_year": null,
            "eps_4q": null,
            "eps_4q_growth_year": null,
            "roe": null,
            "roe_4q": 0,
            "gross_profit": null,
            "gross_margin": null,
            "gross_margin_4q_avg": 0,
            "net_income": null,
            "net_income_4q": null,
            "revenue": null,
            "revenue_4q": null,
            "common_shares": null,
            "book_valuer_per_share": null,
            "book_valuer_per_share_4q_avg": 0,
            "equity": null,
            "current_ratio": null,
            "debt_ratio": null,
            "inventory_turnover_ratio": null,
            "account_receivable_turnover_ratio": null,
            "reinvestment_rate": null,
            "research_to_sale_ratio": null,
            "price_fair": 0,
            "eps_avg_yearly": 0,
            "eps_latest_yearly": 0,
            "eps_growth_yearly": 0
        },
        "20043": {
            "year_quarter": 20043,
            "year": 2004,
            "quarter": 3,
            "eps": null,
            "eps_growth_year": null,
            "eps_4q": null,
            "eps_4q_growth_year": null,
            "roe": null,
            "roe_4q": 0,
            "gross_profit": null,
            "gross_margin": null,
            "gross_margin_4q_avg": 0,
            "net_income": null,
            "net_income_4q": null,
            "revenue": null,
            "revenue_4q": null,
            "common_shares": null,
            "book_valuer_per_share": null,
            "book_valuer_per_share_4q_avg": 0,
            "equity": null,
            "current_ratio": null,
            "debt_ratio": null,
            "inventory_turnover_ratio": null,
            "account_receivable_turnover_ratio": null,
            "reinvestment_rate": null,
            "research_to_sale_ratio": null,
            "price_fair": 0,
            "eps_avg_yearly": 0,
            "eps_latest_yearly": 0,
            "eps_growth_yearly": 0
        },
        "20044": {
            "year_quarter": 20044,
            "year": 2004,
            "quarter": 4,
            "eps": null,
            "eps_growth_year": null,
            "eps_4q": null,
            "eps_4q_growth_year": null,
            "roe": null,
            "roe_4q": 0,
            "gross_profit": null,
            "gross_margin": null,
            "gross_margin_4q_avg": 0,
            "net_income": null,
            "net_income_4q": null,
            "revenue": null,
            "revenue_4q": null,
            "common_shares": 60000,
            "book_valuer_per_share": 10.55,
            "book_valuer_per_share_4q_avg": 2.64,
            "equity": 63308,
            "current_ratio": 148,
            "debt_ratio": 56.4,
            "inventory_turnover_ratio": null,
            "account_receivable_turnover_ratio": null,
            "reinvestment_rate": null,
            "research_to_sale_ratio": null,
            "price_fair": 0,
            "eps_avg_yearly": 0,
            "eps_latest_yearly": 0,
            "eps_growth_yearly": 0
        },
        "20051": {
            "year_quarter": 20051,
            "year": 2005,
            "quarter": 1,
            "eps": null,
            "eps_growth_year": null,
            "eps_4q": null,
            "eps_4q_growth_year": null,
            "roe": null,
            "roe_4q": 0,
            "gross_profit": null,
            "gross_margin": null,
            "gross_margin_4q_avg": 0,
            "net_income": null,
            "net_income_4q": null,
            "revenue": null,
            "revenue_4q": null,
            "common_shares": null,
            "book_valuer_per_share": null,
            "book_valuer_per_share_4q_avg": 2.64,
            "equity": null,
            "current_ratio": null,
            "debt_ratio": null,
            "inventory_turnover_ratio": null,
            "account_receivable_turnover_ratio": null,
            "reinvestment_rate": null,
            "research_to_sale_ratio": null,
            "price_fair": 0,
            "eps_avg_yearly": 0,
            "eps_latest_yearly": 0,
            "eps_growth_yearly": 0
        },
        "20052": {
            "year_quarter": 20052,
            "year": 2005,
            "quarter": 2,
            "eps": null,
            "eps_growth_year": null,
            "eps_4q": null,
            "eps_4q_growth_year": null,
            "roe": null,
            "roe_4q": 0,
            "gross_profit": null,
            "gross_margin": null,
            "gross_margin_4q_avg": 0,
            "net_income": null,
            "net_income_4q": null,
            "revenue": null,
            "revenue_4q": null,
            "common_shares": null,
            "book_valuer_per_share": null,
            "book_valuer_per_share_4q_avg": 2.64,
            "equity": null,
            "current_ratio": null,
            "debt_ratio": null,
            "inventory_turnover_ratio": null,
            "account_receivable_turnover_ratio": null,
            "reinvestment_rate": null,
            "research_to_sale_ratio": null,
            "price_fair": 0,
            "eps_avg_yearly": 0,
            "eps_latest_yearly": 0,
            "eps_growth_yearly": 0
        },
        "20053": {
            "year_quarter": 20053,
            "year": 2005,
            "quarter": 3,
            "eps": null,
            "eps_growth_year": null,
            "eps_4q": null,
            "eps_4q_growth_year": null,
            "roe": null,
            "roe_4q": 0,
            "gross_profit": null,
            "gross_margin": null,
            "gross_margin_4q_avg": 0,
            "net_income": null,
            "net_income_4q": null,
            "revenue": null,
            "revenue_4q": null,
            "common_shares": null,
            "book_valuer_per_share": null,
            "book_valuer_per_share_4q_avg": 2.64,
            "equity": null,
            "current_ratio": null,
            "debt_ratio": null,
            "inventory_turnover_ratio": null,
            "account_receivable_turnover_ratio": null,
            "reinvestment_rate": null,
            "research_to_sale_ratio": null,
            "price_fair": 0,
            "eps_avg_yearly": 0,
            "eps_latest_yearly": 0,
            "eps_growth_yearly": 0
        },
        "20054": {
            "year_quarter": 20054,
            "year": 2005,
            "quarter": 4,
            "eps": null,
            "eps_growth_year": null,
            "eps_4q": null,
            "eps_4q_growth_year": null,
            "roe": null,
            "roe_4q": 0,
            "gross_profit": null,
            "gross_margin": null,
            "gross_margin_4q_avg": 0,
            "net_income": null,
            "net_income_4q": null,
            "revenue": null,
            "revenue_4q": null,
            "common_shares": 60000,
            "book_valuer_per_share": 11.19,
            "book_valuer_per_share_4q_avg": 2.8,
            "equity": 67143,
            "current_ratio": 147.03,
            "debt_ratio": 56.92,
            "inventory_turnover_ratio": null,
            "account_receivable_turnover_ratio": null,
            "reinvestment_rate": null,
            "research_to_sale_ratio": null,
            "price_fair": 0,
            "eps_avg_yearly": 0,
            "eps_latest_yearly": 0,
            "eps_growth_yearly": 0
        },
        "20061": {
            "year_quarter": 20061,
            "year": 2006,
            "quarter": 1,
            "eps": null,
            "eps_growth_year": null,
            "eps_4q": null,
            "eps_4q_growth_year": null,
            "roe": null,
            "roe_4q": 0,
            "gross_profit": null,
            "gross_margin": null,
            "gross_margin_4q_avg": 0,
            "net_income": null,
            "net_income_4q": null,
            "revenue": null,
            "revenue_4q": null,
            "common_shares": null,
            "book_valuer_per_share": null,
            "book_valuer_per_share_4q_avg": 2.8,
            "equity": null,
            "current_ratio": null,
            "debt_ratio": null,
            "inventory_turnover_ratio": null,
            "account_receivable_turnover_ratio": null,
            "reinvestment_rate": null,
            "research_to_sale_ratio": null,
            "price_fair": 0,
            "eps_avg_yearly": 0,
            "eps_latest_yearly": 0,
            "eps_growth_yearly": 0
        },
        "20062": {
            "year_quarter": 20062,
            "year": 2006,
            "quarter": 2,
            "eps": null,
            "eps_growth_year": null,
            "eps_4q": null,
            "eps_4q_growth_year": null,
            "roe": null,
            "roe_4q": 0,
            "gross_profit": null,
            "gross_margin": null,
            "gross_margin_4q_avg": 0,
            "net_income": null,
            "net_income_4q": null,
            "revenue": null,
            "revenue_4q": null,
            "common_shares": null,
            "book_valuer_per_share": null,
            "book_valuer_per_share_4q_avg": 2.8,
            "equity": null,
            "current_ratio": null,
            "debt_ratio": null,
            "inventory_turnover_ratio": null,
            "account_receivable_turnover_ratio": null,
            "reinvestment_rate": null,
            "research_to_sale_ratio": null,
            "price_fair": 0,
            "eps_avg_yearly": 0,
            "eps_latest_yearly": 0,
            "eps_growth_yearly": 0
        },
        "20063": {
            "year_quarter": 20063,
            "year": 2006,
            "quarter": 3,
            "eps": null,
            "eps_growth_year": null,
            "eps_4q": null,
            "eps_4q_growth_year": null,
            "roe": null,
            "roe_4q": 0,
            "gross_profit": null,
            "gross_margin": null,
            "gross_margin_4q_avg": 0,
            "net_income": null,
            "net_income_4q": null,
            "revenue": null,
            "revenue_4q": null,
            "common_shares": null,
            "book_valuer_per_share": null,
            "book_valuer_per_share_4q_avg": 2.8,
            "equity": null,
            "current_ratio": null,
            "debt_ratio": null,
            "inventory_turnover_ratio": null,
            "account_receivable_turnover_ratio": null,
            "reinvestment_rate": null,
            "research_to_sale_ratio": null,
            "price_fair": 0,
            "eps_avg_yearly": 0,
            "eps_latest_yearly": 0,
            "eps_growth_yearly": 0
        },
        "20064": {
            "year_quarter": 20064,
            "year": 2006,
            "quarter": 4,
            "eps": null,
            "eps_growth_year": null,
            "eps_4q": null,
            "eps_4q_growth_year": null,
            "roe": null,
            "roe_4q": 0,
            "gross_profit": null,
            "gross_margin": null,
            "gross_margin_4q_avg": 0,
            "net_income": null,
            "net_income_4q": null,
            "revenue": null,
            "revenue_4q": null,
            "common_shares": 100000,
            "book_valuer_per_share": 12.62,
            "book_valuer_per_share_4q_avg": 3.16,
            "equity": 126180,
            "current_ratio": 189.31,
            "debt_ratio": 47.16,
            "inventory_turnover_ratio": null,
            "account_receivable_turnover_ratio": null,
            "reinvestment_rate": null,
            "research_to_sale_ratio": null,
            "price_fair": 0,
            "eps_avg_yearly": 0,
            "eps_latest_yearly": 0,
            "eps_growth_yearly": 0
        },
        "20071": {
            "year_quarter": 20071,
            "year": 2007,
            "quarter": 1,
            "eps": null,
            "eps_growth_year": null,
            "eps_4q": null,
            "eps_4q_growth_year": null,
            "roe": null,
            "roe_4q": 0,
            "gross_profit": null,
            "gross_margin": null,
            "gross_margin_4q_avg": 0,
            "net_income": null,
            "net_income_4q": null,
            "revenue": null,
            "revenue_4q": null,
            "common_shares": null,
            "book_valuer_per_share": null,
            "book_valuer_per_share_4q_avg": 3.16,
            "equity": null,
            "current_ratio": null,
            "debt_ratio": null,
            "inventory_turnover_ratio": null,
            "account_receivable_turnover_ratio": null,
            "reinvestment_rate": null,
            "research_to_sale_ratio": null,
            "price_fair": 0,
            "eps_avg_yearly": 0,
            "eps_latest_yearly": 0,
            "eps_growth_yearly": 0
        },
        "20072": {
            "year_quarter": 20072,
            "year": 2007,
            "quarter": 2,
            "eps": null,
            "eps_growth_year": null,
            "eps_4q": null,
            "eps_4q_growth_year": null,
            "roe": null,
            "roe_4q": 0,
            "gross_profit": null,
            "gross_margin": null,
            "gross_margin_4q_avg": 0,
            "net_income": null,
            "net_income_4q": null,
            "revenue": null,
            "revenue_4q": null,
            "common_shares": null,
            "book_valuer_per_share": null,
            "book_valuer_per_share_4q_avg": 3.16,
            "equity": null,
            "current_ratio": null,
            "debt_ratio": null,
            "inventory_turnover_ratio": null,
            "account_receivable_turnover_ratio": null,
            "reinvestment_rate": null,
            "research_to_sale_ratio": null,
            "price_fair": 0,
            "eps_avg_yearly": 0,
            "eps_latest_yearly": 0,
            "eps_growth_yearly": 0
        },
        "20073": {
            "year_quarter": 20073,
            "year": 2007,
            "quarter": 3,
            "eps": null,
            "eps_growth_year": null,
            "eps_4q": null,
            "eps_4q_growth_year": null,
            "roe": null,
            "roe_4q": 0,
            "gross_profit": null,
            "gross_margin": null,
            "gross_margin_4q_avg": 0,
            "net_income": null,
            "net_income_4q": null,
            "revenue": null,
            "revenue_4q": null,
            "common_shares": null,
            "book_valuer_per_share": null,
            "book_valuer_per_share_4q_avg": 3.16,
            "equity": null,
            "current_ratio": null,
            "debt_ratio": null,
            "inventory_turnover_ratio": null,
            "account_receivable_turnover_ratio": null,
            "reinvestment_rate": null,
            "research_to_sale_ratio": null,
            "price_fair": 0,
            "eps_avg_yearly": 0,
            "eps_latest_yearly": 0,
            "eps_growth_yearly": 0
        },
        "20074": {
            "year_quarter": 20074,
            "year": 2007,
            "quarter": 4,
            "eps": null,
            "eps_growth_year": null,
            "eps_4q": null,
            "eps_4q_growth_year": null,
            "roe": null,
            "roe_4q": 0,
            "gross_profit": null,
            "gross_margin": null,
            "gross_margin_4q_avg": 0,
            "net_income": null,
            "net_income_4q": null,
            "revenue": null,
            "revenue_4q": null,
            "common_shares": 120000,
            "book_valuer_per_share": 12.52,
            "book_valuer_per_share_4q_avg": 3.13,
            "equity": 174970,
            "current_ratio": 167.53,
            "debt_ratio": 52.89,
            "inventory_turnover_ratio": null,
            "account_receivable_turnover_ratio": null,
            "reinvestment_rate": null,
            "research_to_sale_ratio": null,
            "price_fair": 0,
            "eps_avg_yearly": 0,
            "eps_latest_yearly": 0,
            "eps_growth_yearly": 0
        },
        "20081": {
            "year_quarter": 20081,
            "year": 2008,
            "quarter": 1,
            "eps": null,
            "eps_growth_year": null,
            "eps_4q": null,
            "eps_4q_growth_year": null,
            "roe": null,
            "roe_4q": 0,
            "gross_profit": null,
            "gross_margin": null,
            "gross_margin_4q_avg": 0,
            "net_income": null,
            "net_income_4q": null,
            "revenue": null,
            "revenue_4q": null,
            "common_shares": null,
            "book_valuer_per_share": null,
            "book_valuer_per_share_4q_avg": 3.13,
            "equity": null,
            "current_ratio": null,
            "debt_ratio": null,
            "inventory_turnover_ratio": null,
            "account_receivable_turnover_ratio": null,
            "reinvestment_rate": null,
            "research_to_sale_ratio": null,
            "price_fair": 0,
            "eps_avg_yearly": 0,
            "eps_latest_yearly": 0,
            "eps_growth_yearly": 0
        },
        "20082": {
            "year_quarter": 20082,
            "year": 2008,
            "quarter": 2,
            "eps": null,
            "eps_growth_year": null,
            "eps_4q": null,
            "eps_4q_growth_year": null,
            "roe": null,
            "roe_4q": 0,
            "gross_profit": null,
            "gross_margin": null,
            "gross_margin_4q_avg": 0,
            "net_income": null,
            "net_income_4q": null,
            "revenue": null,
            "revenue_4q": null,
            "common_shares": null,
            "book_valuer_per_share": null,
            "book_valuer_per_share_4q_avg": 3.13,
            "equity": null,
            "current_ratio": null,
            "debt_ratio": null,
            "inventory_turnover_ratio": null,
            "account_receivable_turnover_ratio": null,
            "reinvestment_rate": null,
            "research_to_sale_ratio": null,
            "price_fair": 0,
            "eps_avg_yearly": 0,
            "eps_latest_yearly": 0,
            "eps_growth_yearly": 0
        },
        "20083": {
            "year_quarter": 20083,
            "year": 2008,
            "quarter": 3,
            "eps": null,
            "eps_growth_year": null,
            "eps_4q": null,
            "eps_4q_growth_year": null,
            "roe": null,
            "roe_4q": 0,
            "gross_profit": null,
            "gross_margin": null,
            "gross_margin_4q_avg": 0,
            "net_income": null,
            "net_income_4q": null,
            "revenue": null,
            "revenue_4q": null,
            "common_shares": null,
            "book_valuer_per_share": null,
            "book_valuer_per_share_4q_avg": 3.13,
            "equity": null,
            "current_ratio": null,
            "debt_ratio": null,
            "inventory_turnover_ratio": null,
            "account_receivable_turnover_ratio": null,
            "reinvestment_rate": null,
            "research_to_sale_ratio": null,
            "price_fair": 0,
            "eps_avg_yearly": 0,
            "eps_latest_yearly": 0,
            "eps_growth_yearly": 0
        },
        "20084": {
            "year_quarter": 20084,
            "year": 2008,
            "quarter": 4,
            "eps": null,
            "eps_growth_year": null,
            "eps_4q": null,
            "eps_4q_growth_year": null,
            "roe": null,
            "roe_4q": 0,
            "gross_profit": null,
            "gross_margin": null,
            "gross_margin_4q_avg": 0,
            "net_income": null,
            "net_income_4q": null,
            "revenue": null,
            "revenue_4q": null,
            "common_shares": 138000,
            "book_valuer_per_share": 11.46,
            "book_valuer_per_share_4q_avg": 2.87,
            "equity": 179968,
            "current_ratio": 204.94,
            "debt_ratio": 40.45,
            "inventory_turnover_ratio": null,
            "account_receivable_turnover_ratio": null,
            "reinvestment_rate": null,
            "research_to_sale_ratio": null,
            "price_fair": 0,
            "eps_avg_yearly": 0,
            "eps_latest_yearly": 0,
            "eps_growth_yearly": 0
        },
        "20091": {
            "year_quarter": 20091,
            "year": 2009,
            "quarter": 1,
            "eps": null,
            "eps_growth_year": null,
            "eps_4q": null,
            "eps_4q_growth_year": null,
            "roe": null,
            "roe_4q": 0,
            "gross_profit": null,
            "gross_margin": null,
            "gross_margin_4q_avg": 0,
            "net_income": null,
            "net_income_4q": null,
            "revenue": null,
            "revenue_4q": null,
            "common_shares": null,
            "book_valuer_per_share": null,
            "book_valuer_per_share_4q_avg": 2.87,
            "equity": null,
            "current_ratio": null,
            "debt_ratio": null,
            "inventory_turnover_ratio": null,
            "account_receivable_turnover_ratio": null,
            "reinvestment_rate": null,
            "research_to_sale_ratio": null,
            "price_fair": 0,
            "eps_avg_yearly": 0,
            "eps_latest_yearly": 0,
            "eps_growth_yearly": 0
        },
        "20092": {
            "year_quarter": 20092,
            "year": 2009,
            "quarter": 2,
            "eps": null,
            "eps_growth_year": null,
            "eps_4q": null,
            "eps_4q_growth_year": null,
            "roe": null,
            "roe_4q": 0,
            "gross_profit": null,
            "gross_margin": null,
            "gross_margin_4q_avg": 0,
            "net_income": null,
            "net_income_4q": null,
            "revenue": null,
            "revenue_4q": null,
            "common_shares": 0,
            "book_valuer_per_share": null,
            "book_valuer_per_share_4q_avg": 2.87,
            "equity": 0,
            "current_ratio": null,
            "debt_ratio": null,
            "inventory_turnover_ratio": null,
            "account_receivable_turnover_ratio": null,
            "reinvestment_rate": null,
            "research_to_sale_ratio": null,
            "price_fair": 0,
            "eps_avg_yearly": 0,
            "eps_latest_yearly": 0,
            "eps_growth_yearly": 0
        },
        "20093": {
            "year_quarter": 20093,
            "year": 2009,
            "quarter": 3,
            "eps": null,
            "eps_growth_year": null,
            "eps_4q": null,
            "eps_4q_growth_year": null,
            "roe": null,
            "roe_4q": 0,
            "gross_profit": null,
            "gross_margin": null,
            "gross_margin_4q_avg": 0,
            "net_income": null,
            "net_income_4q": null,
            "revenue": null,
            "revenue_4q": null,
            "common_shares": null,
            "book_valuer_per_share": null,
            "book_valuer_per_share_4q_avg": 2.87,
            "equity": null,
            "current_ratio": null,
            "debt_ratio": null,
            "inventory_turnover_ratio": null,
            "account_receivable_turnover_ratio": null,
            "reinvestment_rate": null,
            "research_to_sale_ratio": null,
            "price_fair": 0,
            "eps_avg_yearly": 0,
            "eps_latest_yearly": 0,
            "eps_growth_yearly": 0
        },
        "20094": {
            "year_quarter": 20094,
            "year": 2009,
            "quarter": 4,
            "eps": null,
            "eps_growth_year": null,
            "eps_4q": null,
            "eps_4q_growth_year": null,
            "roe": null,
            "roe_4q": 0,
            "gross_profit": null,
            "gross_margin": null,
            "gross_margin_4q_avg": 0,
            "net_income": null,
            "net_income_4q": null,
            "revenue": null,
            "revenue_4q": null,
            "common_shares": 156280,
            "book_valuer_per_share": 13.44,
            "book_valuer_per_share_4q_avg": 3.36,
            "equity": 229133,
            "current_ratio": 297.69,
            "debt_ratio": 34.62,
            "inventory_turnover_ratio": null,
            "account_receivable_turnover_ratio": null,
            "reinvestment_rate": null,
            "research_to_sale_ratio": null,
            "price_fair": 0,
            "eps_avg_yearly": 0,
            "eps_latest_yearly": 0,
            "eps_growth_yearly": 0
        },
        "20101": {
            "year_quarter": 20101,
            "year": 2010,
            "quarter": 1,
            "eps": null,
            "eps_growth_year": null,
            "eps_4q": null,
            "eps_4q_growth_year": null,
            "roe": null,
            "roe_4q": 0,
            "gross_profit": null,
            "gross_margin": null,
            "gross_margin_4q_avg": 0,
            "net_income": null,
            "net_income_4q": null,
            "revenue": null,
            "revenue_4q": null,
            "common_shares": null,
            "book_valuer_per_share": null,
            "book_valuer_per_share_4q_avg": 3.36,
            "equity": null,
            "current_ratio": null,
            "debt_ratio": null,
            "inventory_turnover_ratio": null,
            "account_receivable_turnover_ratio": null,
            "reinvestment_rate": null,
            "research_to_sale_ratio": null,
            "price_fair": 0,
            "eps_avg_yearly": 0,
            "eps_latest_yearly": 0,
            "eps_growth_yearly": 0
        },
        "20102": {
            "year_quarter": 20102,
            "year": 2010,
            "quarter": 2,
            "eps": null,
            "eps_growth_year": null,
            "eps_4q": null,
            "eps_4q_growth_year": null,
            "roe": null,
            "roe_4q": 0,
            "gross_profit": null,
            "gross_margin": null,
            "gross_margin_4q_avg": 0,
            "net_income": null,
            "net_income_4q": null,
            "revenue": null,
            "revenue_4q": null,
            "common_shares": 156280,
            "book_valuer_per_share": 13.33,
            "book_valuer_per_share_4q_avg": 6.69,
            "equity": 225444,
            "current_ratio": 240.07,
            "debt_ratio": 40.42,
            "inventory_turnover_ratio": null,
            "account_receivable_turnover_ratio": null,
            "reinvestment_rate": null,
            "research_to_sale_ratio": null,
            "price_fair": 0,
            "eps_avg_yearly": 0,
            "eps_latest_yearly": 0,
            "eps_growth_yearly": 0
        },
        "20103": {
            "year_quarter": 20103,
            "year": 2010,
            "quarter": 3,
            "eps": null,
            "eps_growth_year": null,
            "eps_4q": null,
            "eps_4q_growth_year": null,
            "roe": null,
            "roe_4q": 0,
            "gross_profit": 36494,
            "gross_margin": null,
            "gross_margin_4q_avg": 0,
            "net_income": 4461,
            "net_income_4q": null,
            "revenue": 127259,
            "revenue_4q": null,
            "common_shares": 175034,
            "book_valuer_per_share": 12.14,
            "book_valuer_per_share_4q_avg": 9.73,
            "equity": 212570,
            "current_ratio": 248.56,
            "debt_ratio": 39.14,
            "inventory_turnover_ratio": null,
            "account_receivable_turnover_ratio": null,
            "reinvestment_rate": null,
            "research_to_sale_ratio": null,
            "price_fair": 0,
            "eps_avg_yearly": 0,
            "eps_latest_yearly": 0,
            "eps_growth_yearly": 0
        },
        "20104": {
            "year_quarter": 20104,
            "year": 2010,
            "quarter": 4,
            "eps": null,
            "eps_growth_year": null,
            "eps_4q": null,
            "eps_4q_growth_year": null,
            "roe": null,
            "roe_4q": 0,
            "gross_profit": 41441,
            "gross_margin": null,
            "gross_margin_4q_avg": 0,
            "net_income": 9307,
            "net_income_4q": null,
            "revenue": 115789,
            "revenue_4q": null,
            "common_shares": 175034,
            "book_valuer_per_share": 12.51,
            "book_valuer_per_share_4q_avg": 9.5,
            "equity": 219015,
            "current_ratio": 277.44,
            "debt_ratio": 35.67,
            "inventory_turnover_ratio": null,
            "account_receivable_turnover_ratio": null,
            "reinvestment_rate": null,
            "research_to_sale_ratio": null,
            "price_fair": 0,
            "eps_avg_yearly": 0,
            "eps_latest_yearly": 0,
            "eps_growth_yearly": 0
        },
        "20111": {
            "year_quarter": 20111,
            "year": 2011,
            "quarter": 1,
            "eps": null,
            "eps_growth_year": null,
            "eps_4q": null,
            "eps_4q_growth_year": null,
            "roe": null,
            "roe_4q": 0,
            "gross_profit": null,
            "gross_margin": null,
            "gross_margin_4q_avg": 0,
            "net_income": null,
            "net_income_4q": null,
            "revenue": null,
            "revenue_4q": null,
            "common_shares": null,
            "book_valuer_per_share": null,
            "book_valuer_per_share_4q_avg": 9.5,
            "equity": null,
            "current_ratio": null,
            "debt_ratio": null,
            "inventory_turnover_ratio": null,
            "account_receivable_turnover_ratio": null,
            "reinvestment_rate": null,
            "research_to_sale_ratio": null,
            "price_fair": 0,
            "eps_avg_yearly": 0,
            "eps_latest_yearly": 0,
            "eps_growth_yearly": 0
        },
        "20112": {
            "year_quarter": 20112,
            "year": 2011,
            "quarter": 2,
            "eps": null,
            "eps_growth_year": null,
            "eps_4q": null,
            "eps_4q_growth_year": null,
            "roe": null,
            "roe_4q": 0,
            "gross_profit": null,
            "gross_margin": null,
            "gross_margin_4q_avg": 0,
            "net_income": null,
            "net_income_4q": null,
            "revenue": null,
            "revenue_4q": null,
            "common_shares": 175034,
            "book_valuer_per_share": 12.21,
            "book_valuer_per_share_4q_avg": 9.22,
            "equity": 213668,
            "current_ratio": 219.22,
            "debt_ratio": 42.58,
            "inventory_turnover_ratio": null,
            "account_receivable_turnover_ratio": null,
            "reinvestment_rate": null,
            "research_to_sale_ratio": null,
            "price_fair": 0,
            "eps_avg_yearly": 0,
            "eps_latest_yearly": 0,
            "eps_growth_yearly": 0
        },
        "20113": {
            "year_quarter": 20113,
            "year": 2011,
            "quarter": 3,
            "eps": 0.71,
            "eps_growth_year": null,
            "eps_4q": null,
            "eps_4q_growth_year": null,
            "roe": 5.68,
            "roe_4q": 5.68,
            "gross_profit": 37777,
            "gross_margin": 35.03,
            "gross_margin_4q_avg": 8.76,
            "net_income": 12507,
            "net_income_4q": null,
            "revenue": 107840,
            "revenue_4q": null,
            "common_shares": 175034,
            "book_valuer_per_share": 12.96,
            "book_valuer_per_share_4q_avg": 9.42,
            "equity": 226765,
            "current_ratio": 228.71,
            "debt_ratio": 33.12,
            "inventory_turnover_ratio": 1.99,
            "account_receivable_turnover_ratio": 0.92,
            "reinvestment_rate": null,
            "research_to_sale_ratio": 3.7,
            "price_fair": 0,
            "eps_avg_yearly": 0,
            "eps_latest_yearly": 0,
            "eps_growth_yearly": 0
        },
        "20114": {
            "year_quarter": 20114,
            "year": 2011,
            "quarter": 4,
            "eps": 0.03,
            "eps_growth_year": null,
            "eps_4q": null,
            "eps_4q_growth_year": null,
            "roe": 0.2,
            "roe_4q": 5.88,
            "gross_profit": 27079,
            "gross_margin": 30.81,
            "gross_margin_4q_avg": 16.46,
            "net_income": 455,
            "net_income_4q": null,
            "revenue": 87903,
            "revenue_4q": null,
            "common_shares": 175034,
            "book_valuer_per_share": 13.05,
            "book_valuer_per_share_4q_avg": 9.56,
            "equity": 228421,
            "current_ratio": 256.84,
            "debt_ratio": 29.39,
            "inventory_turnover_ratio": 1.66,
            "account_receivable_turnover_ratio": 0.82,
            "reinvestment_rate": null,
            "research_to_sale_ratio": 4.53,
            "price_fair": 0.36,
            "eps_avg_yearly": 0.12,
            "eps_latest_yearly": 0.12,
            "eps_growth_yearly": -383.1
        },
        "20121": {
            "year_quarter": 20121,
            "year": 2012,
            "quarter": 1,
            "eps": null,
            "eps_growth_year": null,
            "eps_4q": null,
            "eps_4q_growth_year": null,
            "roe": null,
            "roe_4q": 5.88,
            "gross_profit": null,
            "gross_margin": null,
            "gross_margin_4q_avg": 16.46,
            "net_income": null,
            "net_income_4q": null,
            "revenue": null,
            "revenue_4q": null,
            "common_shares": null,
            "book_valuer_per_share": null,
            "book_valuer_per_share_4q_avg": 9.56,
            "equity": null,
            "current_ratio": null,
            "debt_ratio": null,
            "inventory_turnover_ratio": null,
            "account_receivable_turnover_ratio": null,
            "reinvestment_rate": null,
            "research_to_sale_ratio": null,
            "price_fair": 0.36,
            "eps_avg_yearly": 0.12,
            "eps_latest_yearly": 0.12,
            "eps_growth_yearly": -383.1
        },
        "20122": {
            "year_quarter": 20122,
            "year": 2012,
            "quarter": 2,
            "eps": null,
            "eps_growth_year": null,
            "eps_4q": null,
            "eps_4q_growth_year": null,
            "roe": null,
            "roe_4q": 5.88,
            "gross_profit": null,
            "gross_margin": null,
            "gross_margin_4q_avg": 16.46,
            "net_income": null,
            "net_income_4q": null,
            "revenue": null,
            "revenue_4q": null,
            "common_shares": 175034,
            "book_valuer_per_share": 12.92,
            "book_valuer_per_share_4q_avg": 9.73,
            "equity": 226066,
            "current_ratio": 210.83,
            "debt_ratio": 36.74,
            "inventory_turnover_ratio": null,
            "account_receivable_turnover_ratio": null,
            "reinvestment_rate": null,
            "research_to_sale_ratio": null,
            "price_fair": 0.36,
            "eps_avg_yearly": 0.12,
            "eps_latest_yearly": 0.12,
            "eps_growth_yearly": -383.1
        },
        "20123": {
            "year_quarter": 20123,
            "year": 2012,
            "quarter": 3,
            "eps": null,
            "eps_growth_year": null,
            "eps_4q": null,
            "eps_4q_growth_year": null,
            "roe": null,
            "roe_4q": 0.2,
            "gross_profit": 49331,
            "gross_margin": null,
            "gross_margin_4q_avg": 7.7,
            "net_income": 16672,
            "net_income_4q": null,
            "revenue": 137690,
            "revenue_4q": null,
            "common_shares": 175034,
            "book_valuer_per_share": null,
            "book_valuer_per_share_4q_avg": 6.49,
            "equity": 238091,
            "current_ratio": null,
            "debt_ratio": null,
            "inventory_turnover_ratio": null,
            "account_receivable_turnover_ratio": null,
            "reinvestment_rate": null,
            "research_to_sale_ratio": null,
            "price_fair": 0.36,
            "eps_avg_yearly": 0.12,
            "eps_latest_yearly": 0.12,
            "eps_growth_yearly": -383.1
        },
        "20124": {
            "year_quarter": 20124,
            "year": 2012,
            "quarter": 4,
            "eps": null,
            "eps_growth_year": null,
            "eps_4q": null,
            "eps_4q_growth_year": null,
            "roe": null,
            "roe_4q": 0,
            "gross_profit": 43820,
            "gross_margin": null,
            "gross_margin_4q_avg": 0,
            "net_income": 5987,
            "net_income_4q": null,
            "revenue": 119861,
            "revenue_4q": null,
            "common_shares": 175034,
            "book_valuer_per_share": 14.34,
            "book_valuer_per_share_4q_avg": 6.82,
            "equity": 250997,
            "current_ratio": 240.21,
            "debt_ratio": 33.05,
            "inventory_turnover_ratio": null,
            "account_receivable_turnover_ratio": null,
            "reinvestment_rate": null,
            "research_to_sale_ratio": null,
            "price_fair": 0.36,
            "eps_avg_yearly": 0.12,
            "eps_latest_yearly": 0.12,
            "eps_growth_yearly": -383.1
        },
        "20131": {
            "year_quarter": 20131,
            "year": 2013,
            "quarter": 1,
            "eps": null,
            "eps_growth_year": null,
            "eps_4q": null,
            "eps_4q_growth_year": null,
            "roe": null,
            "roe_4q": 0,
            "gross_profit": 39996,
            "gross_margin": null,
            "gross_margin_4q_avg": 0,
            "net_income": 14376,
            "net_income_4q": null,
            "revenue": 101650,
            "revenue_4q": null,
            "common_shares": 175034,
            "book_valuer_per_share": 15.05,
            "book_valuer_per_share_4q_avg": 10.58,
            "equity": 263510,
            "current_ratio": 269.23,
            "debt_ratio": 30.17,
            "inventory_turnover_ratio": null,
            "account_receivable_turnover_ratio": null,
            "reinvestment_rate": null,
            "research_to_sale_ratio": null,
            "price_fair": 0.36,
            "eps_avg_yearly": 0.12,
            "eps_latest_yearly": 0.12,
            "eps_growth_yearly": -383.1
        },
        "20132": {
            "year_quarter": 20132,
            "year": 2013,
            "quarter": 2,
            "eps": 0.36,
            "eps_growth_year": null,
            "eps_4q": 0.36,
            "eps_4q_growth_year": null,
            "roe": 2.62,
            "roe_4q": 2.62,
            "gross_profit": 37538,
            "gross_margin": 38.74,
            "gross_margin_4q_avg": 9.69,
            "net_income": 6519,
            "net_income_4q": null,
            "revenue": 96893,
            "revenue_4q": null,
            "common_shares": 180285,
            "book_valuer_per_share": 12.96,
            "book_valuer_per_share_4q_avg": 10.59,
            "equity": 233733,
            "current_ratio": 207.17,
            "debt_ratio": 39.02,
            "inventory_turnover_ratio": 2.07,
            "account_receivable_turnover_ratio": 2.12,
            "reinvestment_rate": null,
            "research_to_sale_ratio": null,
            "price_fair": 0.36,
            "eps_avg_yearly": 0.12,
            "eps_latest_yearly": 0.12,
            "eps_growth_yearly": -383.1
        },
        "20133": {
            "year_quarter": 20133,
            "year": 2013,
            "quarter": 3,
            "eps": 0.42,
            "eps_growth_year": null,
            "eps_4q": 0.79,
            "eps_4q_growth_year": null,
            "roe": 3.22,
            "roe_4q": 5.84,
            "gross_profit": 37745,
            "gross_margin": 37.87,
            "gross_margin_4q_avg": 19.15,
            "net_income": 7672,
            "net_income_4q": null,
            "revenue": 99675,
            "revenue_4q": null,
            "common_shares": 180285,
            "book_valuer_per_share": 13.45,
            "book_valuer_per_share_4q_avg": 13.95,
            "equity": 242469,
            "current_ratio": 240.59,
            "debt_ratio": 33.3,
            "inventory_turnover_ratio": 2.35,
            "account_receivable_turnover_ratio": 1.03,
            "reinvestment_rate": null,
            "research_to_sale_ratio": 6.03,
            "price_fair": 2.7,
            "eps_avg_yearly": 0.9,
            "eps_latest_yearly": 1.68,
            "eps_growth_yearly": -158.22
        },
        "20134": {
            "year_quarter": 20134,
            "year": 2013,
            "quarter": 4,
            "eps": 0.84,
            "eps_growth_year": null,
            "eps_4q": 1.63,
            "eps_4q_growth_year": null,
            "roe": 6.07,
            "roe_4q": 11.91,
            "gross_profit": 44830,
            "gross_margin": 41.5,
            "gross_margin_4q_avg": 29.53,
            "net_income": 15212,
            "net_income_4q": null,
            "revenue": 108033,
            "revenue_4q": null,
            "common_shares": 180285,
            "book_valuer_per_share": 14.34,
            "book_valuer_per_share_4q_avg": 13.95,
            "equity": 258471,
            "current_ratio": 262.32,
            "debt_ratio": 30.78,
            "inventory_turnover_ratio": 3.16,
            "account_receivable_turnover_ratio": 1.03,
            "reinvestment_rate": null,
            "research_to_sale_ratio": 5.87,
            "price_fair": 60.2,
            "eps_avg_yearly": 1.72,
            "eps_latest_yearly": 3.36,
            "eps_growth_yearly": 27.86
        },
        "20141": {
            "year_quarter": 20141,
            "year": 2014,
            "quarter": 1,
            "eps": 0.74,
            "eps_growth_year": null,
            "eps_4q": 2.11,
            "eps_4q_growth_year": null,
            "roe": 4.41,
            "roe_4q": 16.32,
            "gross_profit": 42913,
            "gross_margin": 38.13,
            "gross_margin_4q_avg": 39.06,
            "net_income": 13404,
            "net_income_4q": null,
            "revenue": 112538,
            "revenue_4q": null,
            "common_shares": 203285,
            "book_valuer_per_share": 17.18,
            "book_valuer_per_share_4q_avg": 14.48,
            "equity": 349172,
            "current_ratio": 337.64,
            "debt_ratio": 25.3,
            "inventory_turnover_ratio": 3.99,
            "account_receivable_turnover_ratio": 1.05,
            "reinvestment_rate": null,
            "research_to_sale_ratio": 5.56,
            "price_fair": 38.54,
            "eps_avg_yearly": 2.03,
            "eps_latest_yearly": 2.96,
            "eps_growth_yearly": 8.99
        },
        "20142": {
            "year_quarter": 20142,
            "year": 2014,
            "quarter": 2,
            "eps": 0.65,
            "eps_growth_year": 79.76,
            "eps_4q": 2.44,
            "eps_4q_growth_year": 574.44,
            "roe": 3.96,
            "roe_4q": 17.66,
            "gross_profit": 48763,
            "gross_margin": 40.83,
            "gross_margin_4q_avg": 39.58,
            "net_income": 13288,
            "net_income_4q": null,
            "revenue": 119426,
            "revenue_4q": null,
            "common_shares": 203285,
            "book_valuer_per_share": 15.81,
            "book_valuer_per_share_4q_avg": 15.2,
            "equity": 321382,
            "current_ratio": 253.85,
            "debt_ratio": 33.54,
            "inventory_turnover_ratio": 3.33,
            "account_receivable_turnover_ratio": 1.17,
            "reinvestment_rate": null,
            "research_to_sale_ratio": 5.5,
            "price_fair": 6.43,
            "eps_avg_yearly": 2.14,
            "eps_latest_yearly": 2.6,
            "eps_growth_yearly": -2.54
        },
        "20143": {
            "year_quarter": 20143,
            "year": 2014,
            "quarter": 3,
            "eps": 1.04,
            "eps_growth_year": 147.62,
            "eps_4q": 3.1,
            "eps_4q_growth_year": 294.26,
            "roe": 6.39,
            "roe_4q": 20.83,
            "gross_profit": 55467,
            "gross_margin": 40.32,
            "gross_margin_4q_avg": 40.2,
            "net_income": 21184,
            "net_income_4q": null,
            "revenue": 137563,
            "revenue_4q": null,
            "common_shares": 203285,
            "book_valuer_per_share": 16.83,
            "book_valuer_per_share_4q_avg": 16.04,
            "equity": 342151,
            "current_ratio": 300.33,
            "debt_ratio": 28.41,
            "inventory_turnover_ratio": 3.46,
            "account_receivable_turnover_ratio": 1.24,
            "reinvestment_rate": null,
            "research_to_sale_ratio": 4.97,
            "price_fair": 86.8,
            "eps_avg_yearly": 2.48,
            "eps_latest_yearly": 4.16,
            "eps_growth_yearly": 37.88
        },
        "20144": {
            "year_quarter": 20144,
            "year": 2014,
            "quarter": 4,
            "eps": 0.96,
            "eps_growth_year": 13.46,
            "eps_4q": 3.31,
            "eps_4q_growth_year": 103.11,
            "roe": 5.52,
            "roe_4q": 20.28,
            "gross_profit": 52021,
            "gross_margin": 36.32,
            "gross_margin_4q_avg": 38.9,
            "net_income": 19462,
            "net_income_4q": null,
            "revenue": 143223,
            "revenue_4q": null,
            "common_shares": 203285,
            "book_valuer_per_share": 17.88,
            "book_valuer_per_share_4q_avg": 16.93,
            "equity": 363467,
            "current_ratio": 263.42,
            "debt_ratio": 32.2,
            "inventory_turnover_ratio": 3.63,
            "account_receivable_turnover_ratio": 1.08,
            "reinvestment_rate": null,
            "research_to_sale_ratio": 5.92,
            "price_fair": 93.6,
            "eps_avg_yearly": 2.67,
            "eps_latest_yearly": 3.84,
            "eps_growth_yearly": 28.08
        },
        "20151": {
            "year_quarter": 20151,
            "year": 2015,
            "quarter": 1,
            "eps": 0.64,
            "eps_growth_year": -13.51,
            "eps_4q": 3.27,
            "eps_4q_growth_year": 55.37,
            "roe": 3.53,
            "roe_4q": 19.4,
            "gross_profit": 52091,
            "gross_margin": 36.82,
            "gross_margin_4q_avg": 38.57,
            "net_income": 13065,
            "net_income_4q": null,
            "revenue": 141490,
            "revenue_4q": null,
            "common_shares": 204785,
            "book_valuer_per_share": 18.41,
            "book_valuer_per_share_4q_avg": 17.23,
            "equity": 376926,
            "current_ratio": 282.24,
            "debt_ratio": 29.87,
            "inventory_turnover_ratio": 3.29,
            "account_receivable_turnover_ratio": 1.04,
            "reinvestment_rate": null,
            "research_to_sale_ratio": 5.46,
            "price_fair": 47.61,
            "eps_avg_yearly": 2.66,
            "eps_latest_yearly": 2.56,
            "eps_growth_yearly": 7.9
        },
        "20152": {
            "year_quarter": 20152,
            "year": 2015,
            "quarter": 2,
            "eps": 1.16,
            "eps_growth_year": 78.46,
            "eps_4q": 3.7,
            "eps_4q_growth_year": 51.56,
            "roe": 6.73,
            "roe_4q": 22.169999999999998,
            "gross_profit": 63455,
            "gross_margin": 34.07,
            "gross_margin_4q_avg": 36.88,
            "net_income": 24251,
            "net_income_4q": null,
            "revenue": 186250,
            "revenue_4q": null,
            "common_shares": 204785,
            "book_valuer_per_share": 16.77,
            "book_valuer_per_share_4q_avg": 17.47,
            "equity": 343364,
            "current_ratio": 200.64,
            "debt_ratio": 41.96,
            "inventory_turnover_ratio": 4.6,
            "account_receivable_turnover_ratio": 1.26,
            "reinvestment_rate": null,
            "research_to_sale_ratio": 4.4,
            "price_fair": 100.8,
            "eps_avg_yearly": 2.88,
            "eps_latest_yearly": 4.64,
            "eps_growth_yearly": 43.13
        },
        "20153": {
            "year_quarter": 20153,
            "year": 2015,
            "quarter": 3,
            "eps": 1.88,
            "eps_growth_year": 80.77,
            "eps_4q": 4.56,
            "eps_4q_growth_year": 46.94,
            "roe": 10.8,
            "roe_4q": 26.580000000000002,
            "gross_profit": 70529,
            "gross_margin": 38.66,
            "gross_margin_4q_avg": 36.47,
            "net_income": 39400,
            "net_income_4q": null,
            "revenue": 182424,
            "revenue_4q": null,
            "common_shares": 210908,
            "book_valuer_per_share": 18.3,
            "book_valuer_per_share_4q_avg": 17.84,
            "equity": 385942,
            "current_ratio": 245.16,
            "debt_ratio": 34.43,
            "inventory_turnover_ratio": 3.91,
            "account_receivable_turnover_ratio": 1.11,
            "reinvestment_rate": null,
            "research_to_sale_ratio": 4.31,
            "price_fair": 117.04,
            "eps_avg_yearly": 3.34,
            "eps_latest_yearly": 7.52,
            "eps_growth_yearly": 63.65
        },
        "20154": {
            "year_quarter": 20154,
            "year": 2015,
            "quarter": 4,
            "eps": 1.41,
            "eps_growth_year": 47.1,
            "eps_4q": 4.99,
            "eps_4q_growth_year": 50.58,
            "roe": 7.53,
            "roe_4q": 28.590000000000003,
            "gross_profit": 70339,
            "gross_margin": 41.53,
            "gross_margin_4q_avg": 37.77,
            "net_income": 30180,
            "net_income_4q": null,
            "revenue": 169362,
            "revenue_4q": null,
            "common_shares": 214308,
            "book_valuer_per_share": 19.39,
            "book_valuer_per_share_4q_avg": 18.22,
            "equity": 415548,
            "current_ratio": 274.5,
            "debt_ratio": 31.6,
            "inventory_turnover_ratio": 3.55,
            "account_receivable_turnover_ratio": 1.1,
            "reinvestment_rate": null,
            "research_to_sale_ratio": 5.61,
            "price_fair": 136.36,
            "eps_avg_yearly": 3.9,
            "eps_latest_yearly": 5.64,
            "eps_growth_yearly": 91.96
        },
        "20161": {
            "year_quarter": 20161,
            "year": 2016,
            "quarter": 1,
            "eps": 0.57,
            "eps_growth_year": -10.94,
            "eps_4q": 4.93,
            "eps_4q_growth_year": 50.74,
            "roe": 2.8,
            "roe_4q": 27.860000000000003,
            "gross_profit": 51079,
            "gross_margin": 37.76,
            "gross_margin_4q_avg": 38.01,
            "net_income": 11859,
            "net_income_4q": null,
            "revenue": 135286,
            "revenue_4q": null,
            "common_shares": 214308,
            "book_valuer_per_share": 20.11,
            "book_valuer_per_share_4q_avg": 18.64,
            "equity": 430874,
            "current_ratio": 315.38,
            "debt_ratio": 27.35,
            "inventory_turnover_ratio": 3.22,
            "account_receivable_turnover_ratio": 1.09,
            "reinvestment_rate": null,
            "research_to_sale_ratio": 7.98,
            "price_fair": 131.22,
            "eps_avg_yearly": 3.75,
            "eps_latest_yearly": 2.28,
            "eps_growth_yearly": 61.93
        },
        "20162": {
            "year_quarter": 20162,
            "year": 2016,
            "quarter": 2,
            "eps": 0.78,
            "eps_growth_year": -32.76,
            "eps_4q": 4.09,
            "eps_4q_growth_year": 10.62,
            "roe": 4.66,
            "roe_4q": 25.79,
            "gross_profit": 58359,
            "gross_margin": 38.92,
            "gross_margin_4q_avg": 39.22,
            "net_income": 19327,
            "net_income_4q": null,
            "revenue": 149948,
            "revenue_4q": null,
            "common_shares": 214308,
            "book_valuer_per_share": 18.6,
            "book_valuer_per_share_4q_avg": 19.1,
            "equity": 398632,
            "current_ratio": 255.41,
            "debt_ratio": 33.65,
            "inventory_turnover_ratio": 3.93,
            "account_receivable_turnover_ratio": 1.17,
            "reinvestment_rate": 0.98,
            "research_to_sale_ratio": 7.19,
            "price_fair": 129.38,
            "eps_avg_yearly": 3.7,
            "eps_latest_yearly": 3.12,
            "eps_growth_yearly": 69.05
        },
        "20163": {
            "year_quarter": 20163,
            "year": 2016,
            "quarter": 3,
            "eps": 0.55,
            "eps_growth_year": -70.74,
            "eps_4q": 3.04,
            "eps_4q_growth_year": -33.4,
            "roe": 3.3,
            "roe_4q": 18.29,
            "gross_profit": 56478,
            "gross_margin": 37.07,
            "gross_margin_4q_avg": 38.82,
            "net_income": 13455,
            "net_income_4q": null,
            "revenue": 152337,
            "revenue_4q": null,
            "common_shares": 246376,
            "book_valuer_per_share": 16.87,
            "book_valuer_per_share_4q_avg": 18.74,
            "equity": 415731,
            "current_ratio": 290.45,
            "debt_ratio": 29.71,
            "inventory_turnover_ratio": 4.93,
            "account_receivable_turnover_ratio": 1.09,
            "reinvestment_rate": 1.51,
            "research_to_sale_ratio": 6.75,
            "price_fair": 125.35,
            "eps_avg_yearly": 3.58,
            "eps_latest_yearly": 2.2,
            "eps_growth_yearly": 54.67
        },
        "20164": {
            "year_quarter": 20164,
            "year": 2016,
            "quarter": 4,
            "eps": 1.22,
            "eps_growth_year": -13.15,
            "eps_4q": 3.04,
            "eps_4q_growth_year": -39.11,
            "roe": 6.98,
            "roe_4q": 17.740000000000002,
            "gross_profit": 57570,
            "gross_margin": 41.32,
            "gross_margin_4q_avg": 38.77,
            "net_income": 30101,
            "net_income_4q": null,
            "revenue": 139338,
            "revenue_4q": null,
            "common_shares": 246097,
            "book_valuer_per_share": 18.15,
            "book_valuer_per_share_4q_avg": 18.43,
            "equity": 446784,
            "current_ratio": 334.12,
            "debt_ratio": 26.08,
            "inventory_turnover_ratio": 4.33,
            "account_receivable_turnover_ratio": 1.09,
            "reinvestment_rate": 1.47,
            "research_to_sale_ratio": 5.64,
            "price_fair": 128.6,
            "eps_avg_yearly": 3.67,
            "eps_latest_yearly": 4.88,
            "eps_growth_yearly": 85.57
        },
        "20171": {
            "year_quarter": 20171,
            "year": 2017,
            "quarter": 1,
            "eps": 0.35,
            "eps_growth_year": -38.6,
            "eps_4q": 2.9,
            "eps_4q_growth_year": -41.26,
            "roe": 1.86,
            "roe_4q": 16.8,
            "gross_profit": 47865,
            "gross_margin": 39.06,
            "gross_margin_4q_avg": 39.09,
            "net_income": 8400,
            "net_income_4q": null,
            "revenue": 122537,
            "revenue_4q": null,
            "common_shares": 246062,
            "book_valuer_per_share": 18.52,
            "book_valuer_per_share_4q_avg": 18.04,
            "equity": 455669,
            "current_ratio": 364.09,
            "debt_ratio": 24.07,
            "inventory_turnover_ratio": 2.94,
            "account_receivable_turnover_ratio": 1.08,
            "reinvestment_rate": 1.47,
            "research_to_sale_ratio": 5.79,
            "price_fair": 123.29,
            "eps_avg_yearly": 3.52,
            "eps_latest_yearly": 1.4,
            "eps_growth_yearly": 60.85
        },
        "20172": {
            "year_quarter": 20172,
            "year": 2017,
            "quarter": 2,
            "eps": 1.05,
            "eps_growth_year": 34.62,
            "eps_4q": 3.15,
            "eps_4q_growth_year": -22.91,
            "roe": 5.84,
            "roe_4q": 17.98,
            "gross_profit": 62530,
            "gross_margin": 37.74,
            "gross_margin_4q_avg": 38.8,
            "net_income": 25599,
            "net_income_4q": null,
            "revenue": 165667,
            "revenue_4q": null,
            "common_shares": 246062,
            "book_valuer_per_share": 17.13,
            "book_valuer_per_share_4q_avg": 17.67,
            "equity": 421390,
            "current_ratio": 239.6,
            "debt_ratio": 36.84,
            "inventory_turnover_ratio": 2.72,
            "account_receivable_turnover_ratio": 1.39,
            "reinvestment_rate": 0.74,
            "research_to_sale_ratio": 4.5,
            "price_fair": 124.78,
            "eps_avg_yearly": 3.57,
            "eps_latest_yearly": 4.2,
            "eps_growth_yearly": 107.05
        },
        "20173": {
            "year_quarter": 20173,
            "year": 2017,
            "quarter": 3,
            "eps": 1.03,
            "eps_growth_year": 87.27,
            "eps_4q": 3.63,
            "eps_4q_growth_year": 19.42,
            "roe": 5.78,
            "roe_4q": 20.46,
            "gross_profit": 63812,
            "gross_margin": 37.43,
            "gross_margin_4q_avg": 38.89,
            "net_income": 25141,
            "net_income_4q": null,
            "revenue": 170506,
            "revenue_4q": null,
            "common_shares": 246062,
            "book_valuer_per_share": 18.2,
            "book_valuer_per_share_4q_avg": 18,
            "equity": 447818,
            "current_ratio": 310.37,
            "debt_ratio": 28.47,
            "inventory_turnover_ratio": 2.45,
            "account_receivable_turnover_ratio": 1.2,
            "reinvestment_rate": 1.08,
            "research_to_sale_ratio": 4.5,
            "price_fair": 130.11,
            "eps_avg_yearly": 3.72,
            "eps_latest_yearly": 4.12,
            "eps_growth_yearly": 102.4
        },
        "20174": {
            "year_quarter": 20174,
            "year": 2017,
            "quarter": 4,
            "eps": 0.79,
            "eps_growth_year": -35.72,
            "eps_4q": 3.19,
            "eps_4q_growth_year": 5.04,
            "roe": 4.22,
            "roe_4q": 17.7,
            "gross_profit": 57074,
            "gross_margin": 34.29,
            "gross_margin_4q_avg": 37.13,
            "net_income": 19342,
            "net_income_4q": null,
            "revenue": 166469,
            "revenue_4q": null,
            "common_shares": 246015,
            "book_valuer_per_share": 19.07,
            "book_valuer_per_share_4q_avg": 18.23,
            "equity": 469266,
            "current_ratio": 292.96,
            "debt_ratio": 41.25,
            "inventory_turnover_ratio": 2.77,
            "account_receivable_turnover_ratio": 1.09,
            "reinvestment_rate": 57.35,
            "research_to_sale_ratio": 4.22,
            "price_fair": 129.68,
            "eps_avg_yearly": 3.71,
            "eps_latest_yearly": 3.16,
            "eps_growth_yearly": 71.58
        },
        "20181": {
            "year_quarter": 20181,
            "year": 2018,
            "quarter": 1,
            "eps": 0.31,
            "eps_growth_year": -11.43,
            "eps_4q": 3.16,
            "eps_4q_growth_year": 9.09,
            "roe": 1.62,
            "roe_4q": 17.46,
            "gross_profit": 45351,
            "gross_margin": 33.27,
            "gross_margin_4q_avg": 35.68,
            "net_income": 7665,
            "net_income_4q": null,
            "revenue": 136305,
            "revenue_4q": null,
            "common_shares": 246015,
            "book_valuer_per_share": 19.42,
            "book_valuer_per_share_4q_avg": 18.46,
            "equity": 477756,
            "current_ratio": 339.75,
            "debt_ratio": 38.49,
            "inventory_turnover_ratio": 2.43,
            "account_receivable_turnover_ratio": 0.93,
            "reinvestment_rate": 57.71,
            "research_to_sale_ratio": 4.83,
            "price_fair": 125.91,
            "eps_avg_yearly": 3.6,
            "eps_latest_yearly": 1.24,
            "eps_growth_yearly": 59.36
        },
        "20182": {
            "year_quarter": 20182,
            "year": 2018,
            "quarter": 2,
            "eps": 1,
            "eps_growth_year": -4.76,
            "eps_4q": 3.12,
            "eps_4q_growth_year": -1.1,
            "roe": 5.37,
            "roe_4q": 16.990000000000002,
            "gross_profit": 51462,
            "gross_margin": 36.07,
            "gross_margin_4q_avg": 35.27,
            "net_income": 24537,
            "net_income_4q": null,
            "revenue": 142672,
            "revenue_4q": null,
            "common_shares": 246015,
            "book_valuer_per_share": 17.71,
            "book_valuer_per_share_4q_avg": 18.6,
            "equity": 435699,
            "current_ratio": 239.41,
            "debt_ratio": 45.98,
            "inventory_turnover_ratio": 2.71,
            "account_receivable_turnover_ratio": 1.14,
            "reinvestment_rate": 60.41,
            "research_to_sale_ratio": 4.6,
            "price_fair": 128.98,
            "eps_avg_yearly": 3.69,
            "eps_latest_yearly": 4,
            "eps_growth_yearly": 118.05
        },
        "20183": {
            "year_quarter": 20183,
            "year": 2018,
            "quarter": 3,
            "eps": 0.35,
            "eps_growth_year": -66.02,
            "eps_4q": 2.44,
            "eps_4q_growth_year": -32.59,
            "roe": 1.96,
            "roe_4q": 13.169999999999998,
            "gross_profit": 37221,
            "gross_margin": 40.04,
            "gross_margin_4q_avg": 35.92,
            "net_income": 8602,
            "net_income_4q": null,
            "revenue": 92951,
            "revenue_4q": null,
            "common_shares": 246015,
            "book_valuer_per_share": 18.02,
            "book_valuer_per_share_4q_avg": 18.56,
            "equity": 443208,
            "current_ratio": 363.62,
            "debt_ratio": 48.08,
            "inventory_turnover_ratio": 1.94,
            "account_receivable_turnover_ratio": 0.98,
            "reinvestment_rate": 120.52,
            "research_to_sale_ratio": 6.66,
            "price_fair": 122.94,
            "eps_avg_yearly": 3.51,
            "eps_latest_yearly": 1.4,
            "eps_growth_yearly": 86.8
        },
        "20184": {
            "year_quarter": 20184,
            "year": 2018,
            "quarter": 4,
            "eps": 0.25,
            "eps_growth_year": -68.23,
            "eps_4q": 1.94,
            "eps_4q_growth_year": -39.09,
            "roe": 1.37,
            "roe_4q": 10.32,
            "gross_profit": 30003,
            "gross_margin": 35.92,
            "gross_margin_4q_avg": 36.33,
            "net_income": 6020,
            "net_income_4q": null,
            "revenue": 83524,
            "revenue_4q": null,
            "common_shares": 245915,
            "book_valuer_per_share": 18.06,
            "book_valuer_per_share_4q_avg": 18.3,
            "equity": 435250,
            "current_ratio": 369.43,
            "debt_ratio": 48.06,
            "inventory_turnover_ratio": 1.88,
            "account_receivable_turnover_ratio": 1.08,
            "reinvestment_rate": 125.77,
            "research_to_sale_ratio": 7.51,
            "price_fair": 116.73,
            "eps_avg_yearly": 3.34,
            "eps_latest_yearly": 1,
            "eps_growth_yearly": 81.58
        },
        "20191": {
            "year_quarter": 20191,
            "year": 2019,
            "quarter": 1,
            "eps": 0.69,
            "eps_growth_year": 122.58,
            "eps_4q": 2.32,
            "eps_4q_growth_year": -26.65,
            "roe": 3.73,
            "roe_4q": 12.43,
            "gross_profit": 49007,
            "gross_margin": 41.7,
            "gross_margin_4q_avg": 38.43,
            "net_income": 16532,
            "net_income_4q": null,
            "revenue": 117529,
            "revenue_4q": null,
            "common_shares": 245915,
            "book_valuer_per_share": 18.75,
            "book_valuer_per_share_4q_avg": 18.14,
            "equity": 450535,
            "current_ratio": 299.5,
            "debt_ratio": 49.74,
            "inventory_turnover_ratio": 2.08,
            "account_receivable_turnover_ratio": 1.34,
            "reinvestment_rate": 121.9,
            "research_to_sale_ratio": 6.19,
            "price_fair": 117.16,
            "eps_avg_yearly": 3.35,
            "eps_latest_yearly": 2.76,
            "eps_growth_yearly": 133.91
        },
        "20192": {
            "year_quarter": 20192,
            "year": 2019,
            "quarter": 2,
            "eps": 0.84,
            "eps_growth_year": -16,
            "eps_4q": 2.14,
            "eps_4q_growth_year": -31.36,
            "roe": 4.58,
            "roe_4q": 11.64,
            "gross_profit": 49705,
            "gross_margin": 39.25,
            "gross_margin_4q_avg": 39.23,
            "net_income": 20249,
            "net_income_4q": null,
            "revenue": 126647,
            "revenue_4q": null,
            "common_shares": 245915,
            "book_valuer_per_share": 18.06,
            "book_valuer_per_share_4q_avg": 18.22,
            "equity": 433792,
            "current_ratio": 250.97,
            "debt_ratio": 51.94,
            "inventory_turnover_ratio": 2.56,
            "account_receivable_turnover_ratio": 1.23,
            "reinvestment_rate": 128.66,
            "research_to_sale_ratio": 5.19,
            "price_fair": 114.36,
            "eps_avg_yearly": 3.27,
            "eps_latest_yearly": 3.36,
            "eps_growth_yearly": 119.03
        },
        "20193": {
            "year_quarter": 20193,
            "year": 2019,
            "quarter": 3,
            "eps": 2.56,
            "eps_growth_year": 631.43,
            "eps_4q": 4.34,
            "eps_4q_growth_year": 77.65,
            "roe": 13.27,
            "roe_4q": 22.950000000000003,
            "gross_profit": 38756,
            "gross_margin": 40.74,
            "gross_margin_4q_avg": 39.4,
            "net_income": 61542,
            "net_income_4q": null,
            "revenue": 95140,
            "revenue_4q": null,
            "common_shares": 245915,
            "book_valuer_per_share": 20.56,
            "book_valuer_per_share_4q_avg": 18.86,
            "equity": 493967,
            "current_ratio": 322.5,
            "debt_ratio": 42.93,
            "inventory_turnover_ratio": 2.12,
            "account_receivable_turnover_ratio": 0.93,
            "reinvestment_rate": 106.71,
            "research_to_sale_ratio": 6.57,
            "price_fair": 120.31,
            "eps_avg_yearly": 3.44,
            "eps_latest_yearly": 10.24,
            "eps_growth_yearly": 154.71
        },
        "20194": {
            "year_quarter": 20194,
            "year": 2019,
            "quarter": 4,
            "eps": 0.55,
            "eps_growth_year": 118.55,
            "eps_4q": 4.64,
            "eps_4q_growth_year": 138.72,
            "roe": 2.62,
            "roe_4q": 24.2,
            "gross_profit": 49383,
            "gross_margin": 37.58,
            "gross_margin_4q_avg": 39.82,
            "net_income": 13117,
            "net_income_4q": null,
            "revenue": 131425,
            "revenue_4q": null,
            "common_shares": 245915,
            "book_valuer_per_share": 21.08,
            "book_valuer_per_share_4q_avg": 19.61,
            "equity": 506549,
            "current_ratio": 286.15,
            "debt_ratio": 43.88,
            "inventory_turnover_ratio": 2.79,
            "account_receivable_turnover_ratio": 1.28,
            "reinvestment_rate": 113.37,
            "research_to_sale_ratio": 5,
            "price_fair": 112.79,
            "eps_avg_yearly": 3.22,
            "eps_latest_yearly": 2.2,
            "eps_growth_yearly": 141.33
        },
        "20201": {
            "year_quarter": 20201,
            "year": 2020,
            "quarter": 1,
            "eps": 0.56,
            "eps_growth_year": -18.84,
            "eps_4q": 4.51,
            "eps_4q_growth_year": 94.57,
            "roe": 2.62,
            "roe_4q": 23.089999999999996,
            "gross_profit": 41398,
            "gross_margin": 34.96,
            "gross_margin_4q_avg": 38.13,
            "net_income": 13452,
            "net_income_4q": null,
            "revenue": 118427,
            "revenue_4q": null,
            "common_shares": 245915,
            "book_valuer_per_share": 21.59,
            "book_valuer_per_share_4q_avg": 20.32,
            "equity": 518624,
            "current_ratio": 277.56,
            "debt_ratio": 40.88,
            "inventory_turnover_ratio": 2.77,
            "account_receivable_turnover_ratio": 1.09,
            "reinvestment_rate": 114.25,
            "research_to_sale_ratio": 5.74,
            "price_fair": 112.7,
            "eps_avg_yearly": 3.22,
            "eps_latest_yearly": 2.24,
            "eps_growth_yearly": 156.68
        },
        "20202": {
            "year_quarter": 20202,
            "year": 2020,
            "quarter": 2,
            "eps": 0.6,
            "eps_growth_year": -28.57,
            "eps_4q": 4.27,
            "eps_4q_growth_year": 99.62,
            "roe": 2.9,
            "roe_4q": 21.41,
            "gross_profit": 50333,
            "gross_margin": 39.09,
            "gross_margin_4q_avg": 38.09,
            "net_income": 14502,
            "net_income_4q": null,
            "revenue": 128766,
            "revenue_4q": null,
            "common_shares": 245915,
            "book_valuer_per_share": 20.04,
            "book_valuer_per_share_4q_avg": 20.82,
            "equity": 481555,
            "current_ratio": 215.75,
            "debt_ratio": 45.25,
            "inventory_turnover_ratio": 2.92,
            "account_receivable_turnover_ratio": 1.2,
            "reinvestment_rate": 116.63,
            "research_to_sale_ratio": 4.85,
            "price_fair": 111.13,
            "eps_avg_yearly": 3.18,
            "eps_latest_yearly": 2.4,
            "eps_growth_yearly": 149.25
        },
        "20203": {
            "year_quarter": 20203,
            "year": 2020,
            "quarter": 3,
            "eps": 0.37,
            "eps_growth_year": -85.55,
            "eps_4q": 2.08,
            "eps_4q_growth_year": -52.14,
            "roe": 1.82,
            "roe_4q": 9.96,
            "gross_profit": 43867,
            "gross_margin": 34.91,
            "gross_margin_4q_avg": 36.64,
            "net_income": 8872,
            "net_income_4q": null,
            "revenue": 125667,
            "revenue_4q": null,
            "common_shares": 245915,
            "book_valuer_per_share": 20.45,
            "book_valuer_per_share_4q_avg": 20.79,
            "equity": 491317,
            "current_ratio": 270.18,
            "debt_ratio": 40.72,
            "inventory_turnover_ratio": 3.08,
            "account_receivable_turnover_ratio": 1.03,
            "reinvestment_rate": 118.27,
            "research_to_sale_ratio": 4.94,
            "price_fair": 109.55,
            "eps_avg_yearly": 3.13,
            "eps_latest_yearly": 1.48,
            "eps_growth_yearly": 147.04
        },
        "20204": {
            "year_quarter": 20204,
            "year": 2020,
            "quarter": 4,
            "eps": 0.5,
            "eps_growth_year": -8.94,
            "eps_4q": 2.03,
            "eps_4q_growth_year": -56.24,
            "roe": 2.4,
            "roe_4q": 9.739999999999998,
            "gross_profit": 49178,
            "gross_margin": 32.97,
            "gross_margin_4q_avg": 35.48,
            "net_income": 11944,
            "net_income_4q": null,
            "revenue": 149140,
            "revenue_4q": null,
            "common_shares": 245915,
            "book_valuer_per_share": 21,
            "book_valuer_per_share_4q_avg": 20.77,
            "equity": 504612,
            "current_ratio": 238.17,
            "debt_ratio": 42.3,
            "inventory_turnover_ratio": 3.38,
            "account_receivable_turnover_ratio": 1.14,
            "reinvestment_rate": 126.65,
            "research_to_sale_ratio": 4.48,
            "price_fair": 103.25,
            "eps_avg_yearly": 2.95,
            "eps_latest_yearly": 2,
            "eps_growth_yearly": 125.37
        },
        "20211": {
            "year_quarter": 20211,
            "year": 2021,
            "quarter": 1,
            "eps": 0.47,
            "eps_growth_year": -16.07,
            "eps_4q": 1.94,
            "eps_4q_growth_year": -57.04,
            "roe": 2.2,
            "roe_4q": 9.32,
            "gross_profit": 48630,
            "gross_margin": 31.59,
            "gross_margin_4q_avg": 34.64,
            "net_income": 11228,
            "net_income_4q": null,
            "revenue": 153962,
            "revenue_4q": null,
            "common_shares": 245915,
            "book_valuer_per_share": 21.49,
            "book_valuer_per_share_4q_avg": 20.75,
            "equity": 516384,
            "current_ratio": 218.08,
            "debt_ratio": 45.32,
            "inventory_turnover_ratio": 2.07,
            "account_receivable_turnover_ratio": 1.2,
            "reinvestment_rate": 125.35,
            "research_to_sale_ratio": 4.88,
            "price_fair": 104.3,
            "eps_avg_yearly": 2.98,
            "eps_latest_yearly": 1.88,
            "eps_growth_yearly": 141.7
        },
        "20212": {
            "year_quarter": 20212,
            "year": 2021,
            "quarter": 2,
            "eps": 0.64,
            "eps_growth_year": 6.67,
            "eps_4q": 1.94,
            "eps_4q_growth_year": -54.59,
            "roe": 2.93,
            "roe_4q": 9.350000000000001,
            "gross_profit": 63582,
            "gross_margin": 32.55,
            "gross_margin_4q_avg": 33.01,
            "net_income": 15654,
            "net_income_4q": null,
            "revenue": 195312,
            "revenue_4q": null,
            "common_shares": 245915,
            "book_valuer_per_share": 22.45,
            "book_valuer_per_share_4q_avg": 21.35,
            "equity": 551980,
            "current_ratio": 215.99,
            "debt_ratio": 45.1,
            "inventory_turnover_ratio": 1.55,
            "account_receivable_turnover_ratio": 1.34,
            "reinvestment_rate": 131.79,
            "research_to_sale_ratio": 3.95,
            "price_fair": 100.71,
            "eps_avg_yearly": 2.88,
            "eps_latest_yearly": 2.56,
            "eps_growth_yearly": 100.74
        },
        "20213": {
            "year_quarter": 20213,
            "year": 2021,
            "quarter": 3,
            "eps": 1.14,
            "eps_growth_year": 208.11,
            "eps_4q": 2.72,
            "eps_4q_growth_year": 30.98,
            "roe": 5.14,
            "roe_4q": 12.67,
            "gross_profit": 76416,
            "gross_margin": 28.58,
            "gross_margin_4q_avg": 31.42,
            "net_income": 28135,
            "net_income_4q": null,
            "revenue": 267398,
            "revenue_4q": null,
            "common_shares": 245915,
            "book_valuer_per_share": 22.07,
            "book_valuer_per_share_4q_avg": 21.75,
            "equity": 542686,
            "current_ratio": 188.26,
            "debt_ratio": 48.41,
            "inventory_turnover_ratio": 1.89,
            "account_receivable_turnover_ratio": 1.52,
            "reinvestment_rate": 130.29,
            "research_to_sale_ratio": 3.16,
            "price_fair": 101.68,
            "eps_avg_yearly": 2.91,
            "eps_latest_yearly": 4.56,
            "eps_growth_yearly": 120.75
        },
        "20214": {
            "year_quarter": 20214,
            "year": 2021,
            "quarter": 4,
            "eps": 1.23,
            "eps_growth_year": 148.14,
            "eps_4q": 3.47,
            "eps_4q_growth_year": 70.98,
            "roe": 5.44,
            "roe_4q": 15.71,
            "gross_profit": 84940,
            "gross_margin": 28,
            "gross_margin_4q_avg": 30.18,
            "net_income": 30337,
            "net_income_4q": null,
            "revenue": 303348,
            "revenue_4q": null,
            "common_shares": 245915,
            "book_valuer_per_share": 23.3,
            "book_valuer_per_share_4q_avg": 22.33,
            "equity": 572865,
            "current_ratio": 188.72,
            "debt_ratio": 48.52,
            "inventory_turnover_ratio": 2.37,
            "account_receivable_turnover_ratio": 1.46,
            "reinvestment_rate": 61.89,
            "research_to_sale_ratio": 3.1,
            "price_fair": 105.53,
            "eps_avg_yearly": 3.02,
            "eps_latest_yearly": 4.92,
            "eps_growth_yearly": 128.55
        },
        "20221": {
            "year_quarter": 20221,
            "year": 2022,
            "quarter": 1,
            "eps": 0.89,
            "eps_growth_year": 89.36,
            "eps_4q": 3.9,
            "eps_4q_growth_year": 101.51,
            "roe": 3.74,
            "roe_4q": 17.25,
            "gross_profit": 69262,
            "gross_margin": 28.45,
            "gross_margin_4q_avg": 29.4,
            "net_income": 21882,
            "net_income_4q": null,
            "revenue": 243477,
            "revenue_4q": null,
            "common_shares": 245915,
            "book_valuer_per_share": 24.34,
            "book_valuer_per_share_4q_avg": 23.04,
            "equity": 598670,
            "current_ratio": 197.42,
            "debt_ratio": 46.46,
            "inventory_turnover_ratio": 1.79,
            "account_receivable_turnover_ratio": 1.17,
            "reinvestment_rate": 62.67,
            "research_to_sale_ratio": 4.19,
            "price_fair": 110.6,
            "eps_avg_yearly": 3.16,
            "eps_latest_yearly": 3.56,
            "eps_growth_yearly": 136.83
        },
        "20222": {
            "year_quarter": 20222,
            "year": 2022,
            "quarter": 2,
            "eps": 1.49,
            "eps_growth_year": 132.81,
            "eps_4q": 4.76,
            "eps_4q_growth_year": 145.34,
            "roe": 6.32,
            "roe_4q": 20.64,
            "gross_profit": 85837,
            "gross_margin": 33.35,
            "gross_margin_4q_avg": 29.6,
            "net_income": 36667,
            "net_income_4q": null,
            "revenue": 257346,
            "revenue_4q": null,
            "common_shares": 245915,
            "book_valuer_per_share": 22.83,
            "book_valuer_per_share_4q_avg": 23.14,
            "equity": 561341,
            "current_ratio": 157.92,
            "debt_ratio": 52.67,
            "inventory_turnover_ratio": 1.33,
            "account_receivable_turnover_ratio": 1.27,
            "reinvestment_rate": 54.87,
            "research_to_sale_ratio": 4,
            "price_fair": 114.89,
            "eps_avg_yearly": 3.28,
            "eps_latest_yearly": 5.96,
            "eps_growth_yearly": 98.04
        },
        "20223": {
            "year_quarter": 20223,
            "year": 2022,
            "quarter": 3,
            "eps": 1.88,
            "eps_growth_year": 64.91,
            "eps_4q": 5.5,
            "eps_4q_growth_year": 101.88,
            "roe": 7.91,
            "roe_4q": 23.41,
            "gross_profit": 97639,
            "gross_margin": 30.47,
            "gross_margin_4q_avg": 30.07,
            "net_income": 46293,
            "net_income_4q": null,
            "revenue": 320445,
            "revenue_4q": null,
            "common_shares": 245915,
            "book_valuer_per_share": 24.75,
            "book_valuer_per_share_4q_avg": 23.81,
            "equity": 608564,
            "current_ratio": 180.97,
            "debt_ratio": 46.51,
            "inventory_turnover_ratio": 1.69,
            "account_receivable_turnover_ratio": 1.38,
            "reinvestment_rate": -3.95,
            "research_to_sale_ratio": 3.37,
            "price_fair": 128.28,
            "eps_avg_yearly": 3.67,
            "eps_latest_yearly": 7.52,
            "eps_growth_yearly": 120.83
        },
        "20224": {
            "year_quarter": 20224,
            "year": 2022,
            "quarter": 4,
            "eps": 0.74,
            "eps_growth_year": -40,
            "eps_4q": 5,
            "eps_4q_growth_year": 44.16,
            "roe": 2.95,
            "roe_4q": 20.92,
            "gross_profit": 104010,
            "gross_margin": 33.63,
            "gross_margin_4q_avg": 31.48,
            "net_income": 18202,
            "net_income_4q": null,
            "revenue": 309255,
            "revenue_4q": null,
            "common_shares": 245915,
            "book_valuer_per_share": 25.46,
            "book_valuer_per_share_4q_avg": 24.35,
            "equity": 626190,
            "current_ratio": 189.03,
            "debt_ratio": 45.09,
            "inventory_turnover_ratio": 1.75,
            "account_receivable_turnover_ratio": 1.21,
            "reinvestment_rate": -4.73,
            "research_to_sale_ratio": 4.22,
            "price_fair": 132.56,
            "eps_avg_yearly": 3.79,
            "eps_latest_yearly": 2.96,
            "eps_growth_yearly": 112.81
        },
        "20231": {
            "year_quarter": 20231,
            "year": 2023,
            "quarter": 1,
            "eps": 0.5,
            "eps_growth_year": -43.82,
            "eps_4q": 4.62,
            "eps_4q_growth_year": 18.26,
            "roe": 1.96,
            "roe_4q": 19.14,
            "gross_profit": 69732,
            "gross_margin": 28.39,
            "gross_margin_4q_avg": 31.46,
            "net_income": 12380,
            "net_income_4q": null,
            "revenue": 245661,
            "revenue_4q": null,
            "common_shares": 245915,
            "book_valuer_per_share": 25.98,
            "book_valuer_per_share_4q_avg": 24.76,
            "equity": 638831,
            "current_ratio": 215.2,
            "debt_ratio": 40.47,
            "inventory_turnover_ratio": 1.7,
            "account_receivable_turnover_ratio": 1.07,
            "reinvestment_rate": -2.62,
            "research_to_sale_ratio": 5.14,
            "price_fair": 130.9,
            "eps_avg_yearly": 3.74,
            "eps_latest_yearly": 2,
            "eps_growth_yearly": 60.7
        },
        "20232": {
            "year_quarter": 20232,
            "year": 2023,
            "quarter": 2,
            "eps": 0.55,
            "eps_growth_year": -63.09,
            "eps_4q": 3.11,
            "eps_4q_growth_year": -34.58,
            "roe": 2.67,
            "roe_4q": 15.49,
            "gross_profit": 57196,
            "gross_margin": 27.96,
            "gross_margin_4q_avg": 30.11,
            "net_income": 16526,
            "net_income_4q": null,
            "revenue": 204532,
            "revenue_4q": null,
            "common_shares": 245915,
            "book_valuer_per_share": 24.28,
            "book_valuer_per_share_4q_avg": 25.12,
            "equity": 596962,
            "current_ratio": 198.62,
            "debt_ratio": 41.53,
            "inventory_turnover_ratio": 1.69,
            "account_receivable_turnover_ratio": 1.14,
            "reinvestment_rate": -5.98,
            "research_to_sale_ratio": 5.7,
            "price_fair": 128.36,
            "eps_avg_yearly": 3.67,
            "eps_latest_yearly": 2.2,
            "eps_growth_yearly": 57.77
        },
        "20233": {
            "year_quarter": 20233,
            "year": 2023,
            "quarter": 3,
            "eps": 0.2,
            "eps_growth_year": -89.36,
            "eps_4q": 1.77,
            "eps_4q_growth_year": -67.77,
            "roe": 1.01,
            "roe_4q": 8.59,
            "gross_profit": 56042,
            "gross_margin": 29.81,
            "gross_margin_4q_avg": 29.95,
            "net_income": 6042,
            "net_income_4q": null,
            "revenue": 188014,
            "revenue_4q": null,
            "common_shares": 300016,
            "book_valuer_per_share": 20.18,
            "book_valuer_per_share_4q_avg": 23.98,
            "equity": 605311,
            "current_ratio": 255.8,
            "debt_ratio": 35.29,
            "inventory_turnover_ratio": 1.86,
            "account_receivable_turnover_ratio": 1.14,
            "reinvestment_rate": 5.06,
            "research_to_sale_ratio": 7.3,
            "price_fair": 9.23,
            "eps_avg_yearly": 3.08,
            "eps_latest_yearly": 0.8,
            "eps_growth_yearly": -9.33
        },
        "20234": {
            "year_quarter": 20234,
            "year": 2023,
            "quarter": 4,
            "eps": 0,
            "eps_growth_year": -99.74,
            "eps_4q": 1.17,
            "eps_4q_growth_year": -76.68,
            "roe": 0.01,
            "roe_4q": 5.65,
            "gross_profit": 60604,
            "gross_margin": 35.77,
            "gross_margin_4q_avg": 30.48,
            "net_income": 57,
            "net_income_4q": null,
            "revenue": 169413,
            "revenue_4q": null,
            "common_shares": 300016,
            "book_valuer_per_share": 20.18,
            "book_valuer_per_share_4q_avg": 22.66,
            "equity": 605322,
            "current_ratio": 239.9,
            "debt_ratio": 36.15,
            "inventory_turnover_ratio": 1.99,
            "account_receivable_turnover_ratio": 0.96,
            "reinvestment_rate": 3.68,
            "research_to_sale_ratio": 7.48,
            "price_fair": 65.81,
            "eps_avg_yearly": 3.14,
            "eps_latest_yearly": 0.8,
            "eps_growth_yearly": 10.98
        }
    },
    "months": {
        "2009-12": {
            "month": "2009-12",
            "price": "30.53",
            "revenue": 31403
        },
        "2010-01": {
            "month": "2010-01",
            "price": "28.78",
            "revenue": 35136
        },
        "2010-02": {
            "month": "2010-02",
            "price": "30.05",
            "revenue": 20733
        },
        "2010-03": {
            "month": "2010-03",
            "price": "28.06",
            "revenue": 42244
        },
        "2010-04": {
            "month": "2010-04",
            "price": "27.88",
            "revenue": 38929
        },
        "2010-05": {
            "month": "2010-05",
            "price": "27.59",
            "revenue": 42463
        },
        "2010-06": {
            "month": "2010-06",
            "price": "28.02",
            "revenue": 46288
        },
        "2010-07": {
            "month": "2010-07",
            "price": "26.82",
            "revenue": 41191
        },
        "2010-08": {
            "month": "2010-08",
            "price": "23.81",
            "revenue": 47575
        },
        "2010-09": {
            "month": "2010-09",
            "price": "22.97",
            "revenue": 39958
        },
        "2010-11": {
            "month": "2010-11",
            "price": "21.94",
            "revenue": 39526
        },
        "2010-12": {
            "month": "2010-12",
            "price": "21.27",
            "revenue": 36881
        },
        "2011-01": {
            "month": "2011-01",
            "price": "20.64",
            "revenue": 34204
        },
        "2011-02": {
            "month": "2011-02",
            "price": "20.09",
            "revenue": 25611
        },
        "2011-03": {
            "month": "2011-03",
            "price": "19.85",
            "revenue": 34716
        },
        "2011-04": {
            "month": "2011-04",
            "price": "20.54",
            "revenue": 40803
        },
        "2011-05": {
            "month": "2011-05",
            "price": "20.15",
            "revenue": 44696
        },
        "2011-06": {
            "month": "2011-06",
            "price": "20.05",
            "revenue": 43407
        },
        "2011-07": {
            "month": "2011-07",
            "price": "19.11",
            "revenue": 36548
        },
        "2011-08": {
            "month": "2011-08",
            "price": "17.99",
            "revenue": 36034
        },
        "2011-09": {
            "month": "2011-09",
            "price": "17.55",
            "revenue": 34639
        },
        "2011-11": {
            "month": "2011-11",
            "price": "17.06",
            "revenue": 29475
        },
        "2011-12": {
            "month": "2011-12",
            "price": "17.28",
            "revenue": 26140
        },
        "2012-01": {
            "month": "2012-01",
            "price": "17.17",
            "revenue": 25085
        },
        "2012-02": {
            "month": "2012-02",
            "price": "18.42",
            "revenue": 28186
        },
        "2012-03": {
            "month": "2012-03",
            "price": "18.34",
            "revenue": 39345
        },
        "2012-04": {
            "month": "2012-04",
            "price": "14.82",
            "revenue": 36338
        },
        "2012-05": {
            "month": "2012-05",
            "price": "15.62",
            "revenue": 35717
        },
        "2012-06": {
            "month": "2012-06",
            "price": "16.42",
            "revenue": 46384
        },
        "2012-07": {
            "month": "2012-07",
            "price": "15.26",
            "revenue": 49863
        },
        "2012-08": {
            "month": "2012-08",
            "price": "16.24",
            "revenue": 44795
        },
        "2012-09": {
            "month": "2012-09",
            "price": "18.96",
            "revenue": 42950
        },
        "2012-10": {
            "month": "2012-10",
            "price": "19.70",
            "revenue": 43879
        },
        "2012-11": {
            "month": "2012-11",
            "price": "19.81",
            "revenue": 41497
        },
        "2012-12": {
            "month": "2012-12",
            "price": "19.88",
            "revenue": 35717
        },
        "2013-01": {
            "month": "2013-01",
            "price": "21.98",
            "revenue": 34097
        },
        "2013-02": {
            "month": "2013-02",
            "price": "23.10",
            "revenue": 26727
        },
        "2013-03": {
            "month": "2013-03",
            "price": "26.69",
            "revenue": 40827
        },
        "2013-04": {
            "month": "2013-04",
            "price": "28.70",
            "revenue": 30384
        },
        "2013-05": {
            "month": "2013-05",
            "price": "28.60",
            "revenue": 34016
        },
        "2013-06": {
            "month": "2013-06",
            "price": "28.45",
            "revenue": 32493
        },
        "2013-07": {
            "month": "2013-07",
            "price": "23.72",
            "revenue": 31252
        },
        "2013-08": {
            "month": "2013-08",
            "price": "23.61",
            "revenue": 33137
        },
        "2013-09": {
            "month": "2013-09",
            "price": "25.18",
            "revenue": 36198
        },
        "2013-10": {
            "month": "2013-10",
            "price": "32.80",
            "revenue": 32844
        },
        "2013-11": {
            "month": "2013-11",
            "price": "31.40",
            "revenue": 34217
        },
        "2013-12": {
            "month": "2013-12",
            "price": "34.33",
            "revenue": 40060
        },
        "2014-01": {
            "month": "2014-01",
            "price": "39.14",
            "revenue": 37060
        },
        "2014-02": {
            "month": "2014-02",
            "price": "40.93",
            "revenue": 31887
        },
        "2014-03": {
            "month": "2014-03",
            "price": "55.25",
            "revenue": 43592
        },
        "2014-04": {
            "month": "2014-04",
            "price": "66.08",
            "revenue": 39308
        },
        "2014-05": {
            "month": "2014-05",
            "price": "55.63",
            "revenue": 40556
        },
        "2014-06": {
            "month": "2014-06",
            "price": "59.32",
            "revenue": 39562
        },
        "2014-07": {
            "month": "2014-07",
            "price": "54.20",
            "revenue": 41656
        },
        "2014-08": {
            "month": "2014-08",
            "price": "49.14",
            "revenue": 45870
        },
        "2014-09": {
            "month": "2014-09",
            "price": "51.06",
            "revenue": 50037
        },
        "2014-10": {
            "month": "2014-10",
            "price": "53.45",
            "revenue": 42996
        },
        "2014-11": {
            "month": "2014-11",
            "price": "51.06",
            "revenue": 44889
        },
        "2014-12": {
            "month": "2014-12",
            "price": "51.91",
            "revenue": 55338
        },
        "2015-01": {
            "month": "2015-01",
            "price": "52.06",
            "revenue": 45683
        },
        "2015-02": {
            "month": "2015-02",
            "price": "50.72",
            "revenue": 45321
        },
        "2015-03": {
            "month": "2015-03",
            "price": "52.36",
            "revenue": 50486
        },
        "2015-04": {
            "month": "2015-04",
            "price": "55.49",
            "revenue": 53336
        },
        "2015-05": {
            "month": "2015-05",
            "price": "52.08",
            "revenue": 62143
        },
        "2015-06": {
            "month": "2015-06",
            "price": "51.20",
            "revenue": 70772
        },
        "2015-07": {
            "month": "2015-07",
            "price": "63.75",
            "revenue": 61185
        },
        "2015-08": {
            "month": "2015-08",
            "price": "55.26",
            "revenue": 57356
        },
        "2015-09": {
            "month": "2015-09",
            "price": "50.91",
            "revenue": 63882
        },
        "2015-10": {
            "month": "2015-10",
            "price": "58.25",
            "revenue": 61343
        },
        "2015-11": {
            "month": "2015-11",
            "price": "63.90",
            "revenue": 52543
        },
        "2015-12": {
            "month": "2015-12",
            "price": "60.36",
            "revenue": 55476
        },
        "2016-01": {
            "month": "2016-01",
            "price": "56.46",
            "revenue": 46350
        },
        "2016-02": {
            "month": "2016-02",
            "price": "55.30",
            "revenue": 42370
        },
        "2016-03": {
            "month": "2016-03",
            "price": "58.10",
            "revenue": 46565
        },
        "2016-04": {
            "month": "2016-04",
            "price": "55.87",
            "revenue": 49641
        },
        "2016-05": {
            "month": "2016-05",
            "price": "52.22",
            "revenue": 51460
        },
        "2016-06": {
            "month": "2016-06",
            "price": "51.10",
            "revenue": 48847
        },
        "2016-07": {
            "month": "2016-07",
            "price": "44.91",
            "revenue": 48784
        },
        "2016-08": {
            "month": "2016-08",
            "price": "42.23",
            "revenue": 48652
        },
        "2016-09": {
            "month": "2016-09",
            "price": "41.70",
            "revenue": 54900
        },
        "2016-10": {
            "month": "2016-10",
            "price": "38.83",
            "revenue": 47223
        },
        "2016-11": {
            "month": "2016-11",
            "price": "33.30",
            "revenue": 45176
        },
        "2016-12": {
            "month": "2016-12",
            "price": "31.58",
            "revenue": 46939
        },
        "2017-01": {
            "month": "2017-01",
            "price": "31.18",
            "revenue": 32428
        },
        "2017-02": {
            "month": "2017-02",
            "price": "33.78",
            "revenue": 38217
        },
        "2017-03": {
            "month": "2017-03",
            "price": "36.01",
            "revenue": 51892
        },
        "2017-04": {
            "month": "2017-04",
            "price": "36.51",
            "revenue": 55032
        },
        "2017-05": {
            "month": "2017-05",
            "price": "37.16",
            "revenue": 54361
        },
        "2017-06": {
            "month": "2017-06",
            "price": "37.84",
            "revenue": 56273
        },
        "2017-07": {
            "month": "2017-07",
            "price": "40.63",
            "revenue": 56661
        },
        "2017-08": {
            "month": "2017-08",
            "price": "44.22",
            "revenue": 56961
        },
        "2017-09": {
            "month": "2017-09",
            "price": "42.04",
            "revenue": 56884
        },
        "2017-10": {
            "month": "2017-10",
            "price": "41.12",
            "revenue": 53417
        },
        "2017-11": {
            "month": "2017-11",
            "price": "39.63",
            "revenue": 56993
        },
        "2017-12": {
            "month": "2017-12",
            "price": "40.87",
            "revenue": 56059
        },
        "2018-01": {
            "month": "2018-01",
            "price": "43.13",
            "revenue": 42821
        },
        "2018-02": {
            "month": "2018-02",
            "price": "40.77",
            "revenue": 43391
        },
        "2018-03": {
            "month": "2018-03",
            "price": "41.23",
            "revenue": 50092
        },
        "2018-04": {
            "month": "2018-04",
            "price": "41.28",
            "revenue": 45182
        },
        "2018-05": {
            "month": "2018-05",
            "price": "36.70",
            "revenue": 47012
        },
        "2018-06": {
            "month": "2018-06",
            "price": "35.94",
            "revenue": 50478
        },
        "2018-07": {
            "month": "2018-07",
            "price": "31.70",
            "revenue": 40263
        },
        "2018-08": {
            "month": "2018-08",
            "price": "30.92",
            "revenue": 31765
        },
        "2018-09": {
            "month": "2018-09",
            "price": "31.02",
            "revenue": 20923
        },
        "2018-10": {
            "month": "2018-10",
            "price": "30.14",
            "revenue": 22933
        },
        "2018-11": {
            "month": "2018-11",
            "price": "29.32",
            "revenue": 30522
        },
        "2018-12": {
            "month": "2018-12",
            "price": "30.53",
            "revenue": 30069
        },
        "2019-01": {
            "month": "2019-01",
            "price": "30.54",
            "revenue": 38639
        },
        "2019-02": {
            "month": "2019-02",
            "price": "30.20",
            "revenue": 36147
        },
        "2019-03": {
            "month": "2019-03",
            "price": "30.66",
            "revenue": 42743
        },
        "2019-04": {
            "month": "2019-04",
            "price": "31.11",
            "revenue": 41180
        },
        "2019-05": {
            "month": "2019-05",
            "price": "31.00",
            "revenue": 44942
        },
        "2019-06": {
            "month": "2019-06",
            "price": "31.49",
            "revenue": 40525
        },
        "2019-07": {
            "month": "2019-07",
            "price": "32.47",
            "revenue": 30251
        },
        "2019-08": {
            "month": "2019-08",
            "price": "31.75",
            "revenue": 30311
        },
        "2019-09": {
            "month": "2019-09",
            "price": "32.75",
            "revenue": 34578
        },
        "2019-10": {
            "month": "2019-10",
            "price": "34.02",
            "revenue": 43484
        },
        "2019-11": {
            "month": "2019-11",
            "price": "38.38",
            "revenue": 44406
        },
        "2019-12": {
            "month": "2019-12",
            "price": "41.41",
            "revenue": 43534
        },
        "2020-01": {
            "month": "2020-01",
            "price": "42.14",
            "revenue": 40570
        },
        "2020-02": {
            "month": "2020-02",
            "price": "40.11",
            "revenue": 32566
        },
        "2020-03": {
            "month": "2020-03",
            "price": "34.20",
            "revenue": 45291
        },
        "2020-04": {
            "month": "2020-04",
            "price": "32.36",
            "revenue": 41462
        },
        "2020-05": {
            "month": "2020-05",
            "price": "34.75",
            "revenue": 46190
        },
        "2020-06": {
            "month": "2020-06",
            "price": "36.91",
            "revenue": 41114
        },
        "2020-07": {
            "month": "2020-07",
            "price": "38.83",
            "revenue": 41521
        },
        "2020-08": {
            "month": "2020-08",
            "price": "36.25",
            "revenue": 42682
        },
        "2020-09": {
            "month": "2020-09",
            "price": "35.61",
            "revenue": 41464
        },
        "2020-10": {
            "month": "2020-10",
            "price": "35.27",
            "revenue": 40383
        },
        "2020-11": {
            "month": "2020-11",
            "price": "34.13",
            "revenue": 51221
        },
        "2020-12": {
            "month": "2020-12",
            "price": "34.08",
            "revenue": 57536
        },
        "2021-01": {
            "month": "2021-01",
            "price": "34.28",
            "revenue": 49577
        },
        "2021-02": {
            "month": "2021-02",
            "price": "35.92",
            "revenue": 40825
        },
        "2021-03": {
            "month": "2021-03",
            "price": "37.05",
            "revenue": 63559
        },
        "2021-04": {
            "month": "2021-04",
            "price": "39.63",
            "revenue": 57621
        },
        "2021-05": {
            "month": "2021-05",
            "price": "38.30",
            "revenue": 67693
        },
        "2021-06": {
            "month": "2021-06",
            "price": "37.75",
            "revenue": 69998
        },
        "2021-07": {
            "month": "2021-07",
            "price": "39.10",
            "revenue": 83909
        },
        "2021-08": {
            "month": "2021-08",
            "price": "38.44",
            "revenue": 78205
        },
        "2021-09": {
            "month": "2021-09",
            "price": "38.09",
            "revenue": 105280
        },
        "2021-10": {
            "month": "2021-10",
            "price": "41.50",
            "revenue": 88424
        },
        "2021-11": {
            "month": "2021-11",
            "price": "42.50",
            "revenue": 99400
        },
        "2021-12": {
            "month": "2021-12",
            "price": "50.38",
            "revenue": 115528
        },
        "2022-01": {
            "month": "2022-01",
            "price": "63.07",
            "revenue": 82137
        },
        "2022-02": {
            "month": "2022-02",
            "price": "61.02",
            "revenue": 81930
        },
        "2022-03": {
            "month": "2022-03",
            "price": "58.08",
            "revenue": 79410
        },
        "2022-04": {
            "month": "2022-04",
            "price": "50.68",
            "revenue": 85647
        },
        "2022-05": {
            "month": "2022-05",
            "price": "49.16",
            "revenue": 86166
        },
        "2022-06": {
            "month": "2022-06",
            "price": "49.34",
            "revenue": 92101
        },
        "2022-07": {
            "month": "2022-07",
            "price": "45.28",
            "revenue": 91387
        },
        "2022-08": {
            "month": "2022-08",
            "price": "50.87",
            "revenue": 106723
        },
        "2022-09": {
            "month": "2022-09",
            "price": "54.25",
            "revenue": 115767
        },
        "2022-10": {
            "month": "2022-10",
            "price": "53.07",
            "revenue": 100144
        },
        "2022-11": {
            "month": "2022-11",
            "price": "56.40",
            "revenue": 119329
        },
        "2022-12": {
            "month": "2022-12",
            "price": "57.41",
            "revenue": 89782
        },
        "2023-01": {
            "month": "2023-01",
            "price": "54.84",
            "revenue": 83959
        },
        "2023-02": {
            "month": "2023-02",
            "price": "55.92",
            "revenue": 80997
        },
        "2023-03": {
            "month": "2023-03",
            "price": "67.06",
            "revenue": 80706
        },
        "2023-04": {
            "month": "2023-04",
            "price": "66.15",
            "revenue": 81577
        },
        "2023-05": {
            "month": "2023-05",
            "price": "61.82",
            "revenue": 55583
        },
        "2023-06": {
            "month": "2023-06",
            "price": "60.89",
            "revenue": 67371
        },
        "2023-07": {
            "month": "2023-07",
            "price": "53.90",
            "revenue": 65076
        },
        "2023-08": {
            "month": "2023-08",
            "price": "47.36",
            "revenue": 62428
        },
        "2023-09": {
            "month": "2023-09",
            "price": "45.51",
            "revenue": 60510
        },
        "2023-10": {
            "month": "2023-10",
            "price": "44.77",
            "revenue": 57611
        },
        "2023-11": {
            "month": "2023-11",
            "price": "45.38",
            "revenue": 56999
        },
        "2023-12": {
            "month": "2023-12",
            "price": "46.47",
            "revenue": 54803
        }
    }
}
