{
    "summary": {
        "stock_name": "元創精密",
        "stock_id": "3685",
        "category": "電機機械",
        "main_business": "C805050工業用塑膠製品製造業<br>CC01080電子零組件製造業<br>F401010國際貿易業",
        "website_url": "http://www.tradetools.com.tw",
        "ceo": "張明弘",
        "pe_ratio": -21,
        "report_year_from": 2008,
        "report_year_to": 2023,
        "age": 15,
        "eps_negative_percentage": 54,
        "eps_growth_avg": {
            "last_all": -23.36,
            "last_2y": -73.65,
            "last_4y": -40.13,
            "last_8y": -43.72,
            "last_12y": -23.36,
            "last_16y": null,
            "last_20y": null,
            "at_2006_last_3y": null,
            "at_2007_last_3y": null,
            "at_2008_last_3y": null,
            "at_2009_last_3y": null,
            "at_2010_last_3y": null,
            "at_2011_last_3y": null,
            "at_2012_last_3y": null,
            "at_2013_last_3y": 12.27,
            "at_2014_last_3y": -16.55,
            "at_2015_last_3y": -30.28,
            "at_2016_last_3y": 0,
            "at_2017_last_3y": -52.7,
            "at_2018_last_3y": 47.3,
            "at_2019_last_3y": 4.97,
            "at_2020_last_3y": -12.62,
            "at_2021_last_3y": -25.16,
            "at_2022_last_3y": -75.16,
            "at_2023_last_3y": -75.16,
            "at_2006_last_all": null,
            "at_2007_last_all": null,
            "at_2008_last_all": null,
            "at_2009_last_all": null,
            "at_2010_last_all": null,
            "at_2011_last_all": 19.96,
            "at_2012_last_all": -16.97,
            "at_2013_last_all": 12.27,
            "at_2014_last_all": -10.18,
            "at_2015_last_all": -10.18,
            "at_2016_last_all": -10.18,
            "at_2017_last_all": -9.39,
            "at_2018_last_all": 6.24,
            "at_2019_last_all": -4.5,
            "at_2020_last_all": -11.27,
            "at_2021_last_all": -15.7,
            "at_2022_last_all": -23.36,
            "at_2023_last_all": -23.36
        },
        "latest_eps": -0.95,
        "latest_price": 20.2,
        "latest_roe": -5.41,
        "latest_gross_margin": 17.9,
        "latest_equity": 1448202,
        "latest_revenue": 341870,
        "latest_gross_profit": 61210,
        "latest_net_income": -17069,
        "latest_debt_ratio": 43.92,
        "latest_current_ratio": 127.13,
        "latest_account_receivable_turnover_ratio": 0.67,
        "latest_inventory_turnover_ratio": 0.93,
        "latest_reinvestment_rate": null,
        "latest_research_to_sale_ratio": 5.55
    },
    "eps_dividends": {
        "2001": {
            "cash": 0,
            "stock": 0,
            "eps": 0
        },
        "2002": {
            "cash": 0,
            "stock": 0,
            "eps": 0
        },
        "2003": {
            "cash": 0,
            "stock": 0,
            "eps": 0
        },
        "2004": {
            "cash": 0,
            "stock": 0,
            "eps": 0
        },
        "2005": {
            "cash": 0,
            "stock": 0,
            "eps": 0
        },
        "2006": {
            "cash": 0,
            "stock": 0,
            "eps": 0
        },
        "2007": {
            "cash": 0,
            "stock": 0,
            "eps": 0
        },
        "2008": {
            "cash": 0,
            "stock": 0,
            "eps": 0
        },
        "2009": {
            "cash": 0,
            "stock": 0,
            "eps": 1.9
        },
        "2010": {
            "cash": 2,
            "stock": 0,
            "eps": 2.19
        },
        "2011": {
            "cash": 2,
            "stock": 0,
            "eps": 2.73
        },
        "2012": {
            "cash": 2,
            "stock": 0,
            "eps": 0.25
        },
        "2013": {
            "cash": 2,
            "stock": 0,
            "eps": 1.11
        },
        "2014": {
            "cash": 1,
            "stock": 0,
            "eps": -2.57
        },
        "2015": {
            "cash": 0,
            "stock": 0,
            "eps": -2.66
        },
        "2016": {
            "cash": 0,
            "stock": 0,
            "eps": 0.37
        },
        "2017": {
            "cash": 0,
            "stock": 0,
            "eps": 0.35
        },
        "2018": {
            "cash": 0,
            "stock": 0,
            "eps": 1.28
        },
        "2019": {
            "cash": 1,
            "stock": 0,
            "eps": 0.26
        },
        "2020": {
            "cash": 0,
            "stock": 0,
            "eps": 0.09
        },
        "2021": {
            "cash": 0,
            "stock": 0,
            "eps": 0.04
        },
        "2022": {
            "cash": 0,
            "stock": 0,
            "eps": -0.75
        },
        "2023": {
            "cash": 0,
            "stock": 0,
            "eps": -0.19
        }
    },
    "dividends": {
        "2010-03-10": {
            "cash": 1.54,
            "stock": 0
        },
        "2011-03-15": {
            "cash": 2.02,
            "stock": 0
        },
        "2012-06-28": {
            "cash": 2,
            "stock": 0
        },
        "2013-06-11": {
            "cash": 1.5,
            "stock": 0
        },
        "2014-06-27": {
            "cash": 1,
            "stock": 0
        },
        "2018-07-26": {
            "cash": 0.4,
            "stock": 0
        },
        "2019-07-26": {
            "cash": 0.6,
            "stock": 0
        },
        "2020-07-29": {
            "cash": 0.2,
            "stock": 0
        },
        "2021-09-17": {
            "cash": 0.2,
            "stock": 0
        }
    },
    "prices": {
        "200101": "無",
        "200102": "無",
        "200103": "無",
        "200104": "無",
        "200105": "無",
        "200106": "無",
        "200107": "無",
        "200108": "無",
        "200109": "無",
        "200110": "無",
        "200111": "無",
        "200112": "無",
        "200201": "無",
        "200202": "無",
        "200203": "無",
        "200204": "無",
        "200205": "無",
        "200206": "無",
        "200207": "無",
        "200208": "無",
        "200209": "無",
        "200210": "無",
        "200211": "無",
        "200212": "無",
        "200301": "無",
        "200302": "無",
        "200303": "無",
        "200304": "無",
        "200305": "無",
        "200306": "無",
        "200307": "無",
        "200308": "無",
        "200309": "無",
        "200310": "無",
        "200311": "無",
        "200312": "無",
        "200401": "無",
        "200402": "無",
        "200403": "無",
        "200404": "無",
        "200405": "無",
        "200406": "無",
        "200407": "無",
        "200408": "無",
        "200409": "無",
        "200410": "無",
        "200411": "無",
        "200412": "無",
        "200501": "無",
        "200502": "無",
        "200503": "無",
        "200504": "無",
        "200505": "無",
        "200506": "無",
        "200507": "無",
        "200508": "無",
        "200509": "無",
        "200510": "無",
        "200511": "無",
        "200512": "無",
        "200601": "無",
        "200602": "無",
        "200603": "無",
        "200604": "無",
        "200605": "無",
        "200606": "無",
        "200607": "無",
        "200608": "無",
        "200609": "無",
        "200610": "無",
        "200611": "無",
        "200612": "無",
        "200701": "無",
        "200702": "無",
        "200703": "無",
        "200704": "無",
        "200705": "無",
        "200706": "無",
        "200707": "無",
        "200708": "無",
        "200709": "無",
        "200710": "無",
        "200711": "無",
        "200712": "無",
        "200801": "無",
        "200802": "無",
        "200803": "無",
        "200804": "無",
        "200805": "無",
        "200806": "無",
        "200807": "無",
        "200808": "無",
        "200809": "無",
        "200810": "無",
        "200811": "無",
        "200812": "無",
        "200901": "無",
        "200902": "無",
        "200903": "無",
        "200904": "無",
        "200905": "無",
        "200906": "無",
        "200907": "無",
        "200908": "無",
        "200909": "無",
        "200910": "無",
        "200911": "25.27",
        "200912": "27.82",
        "201001": "29.37",
        "201002": "29.53",
        "201003": "36.69",
        "201004": "42.68",
        "201005": "41.94",
        "201006": "40.76",
        "201007": "41.27",
        "201008": "43.98",
        "201009": "44.17",
        "201010": "41.29",
        "201011": "36.50",
        "201012": "38.28",
        "201101": "35.56",
        "201102": "31.68",
        "201103": "33.72",
        "201104": "34.19",
        "201105": "29.96",
        "201106": "28.84",
        "201107": "25.92",
        "201108": "20.76",
        "201109": "22.55",
        "201110": "24.04",
        "201111": "24.31",
        "201112": "21.06",
        "201201": "21.54",
        "201202": "26.39",
        "201203": "28.77",
        "201204": "23.51",
        "201205": "19.23",
        "201206": "19.65",
        "201207": "20.74",
        "201208": "22.20",
        "201209": "20.89",
        "201210": "18.87",
        "201211": "17.90",
        "201212": "18.10",
        "201301": "21.09",
        "201302": "23.11",
        "201303": "23.09",
        "201304": "23.99",
        "201305": "25.16",
        "201306": "28.26",
        "201307": "25.90",
        "201308": "24.93",
        "201309": "24.30",
        "201310": "25.56",
        "201311": "23.02",
        "201312": "21.56",
        "201401": "22.17",
        "201402": "21.20",
        "201403": "23.18",
        "201404": "22.80",
        "201405": "19.39",
        "201406": "18.82",
        "201407": "18.02",
        "201408": "16.22",
        "201409": "17.80",
        "201410": "16.56",
        "201411": "16.96",
        "201412": "23.35",
        "201501": "28.55",
        "201502": "26.32",
        "201503": "28.11",
        "201504": "48.30",
        "201505": "55.88",
        "201506": "56.98",
        "201507": "57.84",
        "201508": "52.05",
        "201509": "42.01",
        "201510": "49.44",
        "201511": "43.58",
        "201512": "44.55",
        "201601": "61.09",
        "201602": "68.73",
        "201603": "68.88",
        "201604": "59.24",
        "201605": "55.57",
        "201606": "59.26",
        "201607": "64.44",
        "201608": "61.61",
        "201609": "58.33",
        "201610": "53.86",
        "201611": "50.43",
        "201612": "50.66",
        "201701": "56.85",
        "201702": "54.14",
        "201703": "53.42",
        "201704": "54.66",
        "201705": "58.98",
        "201706": "59.40",
        "201707": "60.01",
        "201708": "57.25",
        "201709": "61.60",
        "201710": "59.33",
        "201711": "59.64",
        "201712": "59.09",
        "201801": "62.39",
        "201802": "61.60",
        "201803": "66.93",
        "201804": "63.97",
        "201805": "64.48",
        "201806": "60.65",
        "201807": "60.45",
        "201808": "57.63",
        "201809": "46.92",
        "201810": "40.47",
        "201811": "41.75",
        "201812": "43.03",
        "201901": "40.49",
        "201902": "39.25",
        "201903": "38.33",
        "201904": "36.37",
        "201905": "32.28",
        "201906": "30.84",
        "201907": "30.66",
        "201908": "31.35",
        "201909": "27.37",
        "201910": "25.44",
        "201911": "24.86",
        "201912": "25.78",
        "202001": "24.96",
        "202002": "24.39",
        "202003": "18.86",
        "202004": "18.14",
        "202005": "19.14",
        "202006": "20.14",
        "202007": "19.81",
        "202008": "18.76",
        "202009": "18.65",
        "202010": "17.82",
        "202011": "18.70",
        "202012": "18.87",
        "202101": "27.12",
        "202102": "34.75",
        "202103": "32.52",
        "202104": "32.64",
        "202105": "27.55",
        "202106": "26.92",
        "202107": "27.38",
        "202108": "25.01",
        "202109": "24.12",
        "202110": "26.68",
        "202111": "36.95",
        "202112": "38.53",
        "202201": "33.82",
        "202202": "32.56",
        "202203": "29.94",
        "202204": "28.85",
        "202205": "26.27",
        "202206": "26.65",
        "202207": "25.48",
        "202208": "34.02",
        "202209": "27.65",
        "202210": "20.26",
        "202211": "21.30",
        "202212": "20.57",
        "202301": "20.17",
        "202302": "20.82",
        "202303": "20.79",
        "202304": "21.08",
        "202305": "20.62"
    },
    "quarters": {
        "20011": {
            "year_quarter": 20011,
            "year": 2001,
            "quarter": 1,
            "eps": null,
            "eps_growth_year": null,
            "eps_4q": null,
            "eps_4q_growth_year": null,
            "roe": null,
            "gross_profit": null,
            "gross_margin": null,
            "net_income": null,
            "revenue": null,
            "common_shares": null,
            "equity": null,
            "current_ratio": null,
            "debt_ratio": null,
            "inventory_turnover_ratio": null,
            "account_receivable_turnover_ratio": null,
            "reinvestment_rate": null,
            "research_to_sale_ratio": null,
            "price_fair": 0,
            "eps_avg_yearly": 0,
            "eps_latest_yearly": 0,
            "eps_growth_yearly": 0
        },
        "20012": {
            "year_quarter": 20012,
            "year": 2001,
            "quarter": 2,
            "eps": null,
            "eps_growth_year": null,
            "eps_4q": null,
            "eps_4q_growth_year": null,
            "roe": null,
            "gross_profit": null,
            "gross_margin": null,
            "net_income": null,
            "revenue": null,
            "common_shares": null,
            "equity": null,
            "current_ratio": null,
            "debt_ratio": null,
            "inventory_turnover_ratio": null,
            "account_receivable_turnover_ratio": null,
            "reinvestment_rate": null,
            "research_to_sale_ratio": null,
            "price_fair": 0,
            "eps_avg_yearly": 0,
            "eps_latest_yearly": 0,
            "eps_growth_yearly": 0
        },
        "20013": {
            "year_quarter": 20013,
            "year": 2001,
            "quarter": 3,
            "eps": null,
            "eps_growth_year": null,
            "eps_4q": null,
            "eps_4q_growth_year": null,
            "roe": null,
            "gross_profit": null,
            "gross_margin": null,
            "net_income": null,
            "revenue": null,
            "common_shares": null,
            "equity": null,
            "current_ratio": null,
            "debt_ratio": null,
            "inventory_turnover_ratio": null,
            "account_receivable_turnover_ratio": null,
            "reinvestment_rate": null,
            "research_to_sale_ratio": null,
            "price_fair": 0,
            "eps_avg_yearly": 0,
            "eps_latest_yearly": 0,
            "eps_growth_yearly": 0
        },
        "20014": {
            "year_quarter": 20014,
            "year": 2001,
            "quarter": 4,
            "eps": null,
            "eps_growth_year": null,
            "eps_4q": null,
            "eps_4q_growth_year": null,
            "roe": null,
            "gross_profit": null,
            "gross_margin": null,
            "net_income": null,
            "revenue": null,
            "common_shares": null,
            "equity": null,
            "current_ratio": null,
            "debt_ratio": null,
            "inventory_turnover_ratio": null,
            "account_receivable_turnover_ratio": null,
            "reinvestment_rate": null,
            "research_to_sale_ratio": null,
            "price_fair": 0,
            "eps_avg_yearly": 0,
            "eps_latest_yearly": 0,
            "eps_growth_yearly": 0
        },
        "20021": {
            "year_quarter": 20021,
            "year": 2002,
            "quarter": 1,
            "eps": null,
            "eps_growth_year": null,
            "eps_4q": null,
            "eps_4q_growth_year": null,
            "roe": null,
            "gross_profit": null,
            "gross_margin": null,
            "net_income": null,
            "revenue": null,
            "common_shares": null,
            "equity": null,
            "current_ratio": null,
            "debt_ratio": null,
            "inventory_turnover_ratio": null,
            "account_receivable_turnover_ratio": null,
            "reinvestment_rate": null,
            "research_to_sale_ratio": null,
            "price_fair": 0,
            "eps_avg_yearly": 0,
            "eps_latest_yearly": 0,
            "eps_growth_yearly": 0
        },
        "20022": {
            "year_quarter": 20022,
            "year": 2002,
            "quarter": 2,
            "eps": null,
            "eps_growth_year": null,
            "eps_4q": null,
            "eps_4q_growth_year": null,
            "roe": null,
            "gross_profit": null,
            "gross_margin": null,
            "net_income": null,
            "revenue": null,
            "common_shares": null,
            "equity": null,
            "current_ratio": null,
            "debt_ratio": null,
            "inventory_turnover_ratio": null,
            "account_receivable_turnover_ratio": null,
            "reinvestment_rate": null,
            "research_to_sale_ratio": null,
            "price_fair": 0,
            "eps_avg_yearly": 0,
            "eps_latest_yearly": 0,
            "eps_growth_yearly": 0
        },
        "20023": {
            "year_quarter": 20023,
            "year": 2002,
            "quarter": 3,
            "eps": null,
            "eps_growth_year": null,
            "eps_4q": null,
            "eps_4q_growth_year": null,
            "roe": null,
            "gross_profit": null,
            "gross_margin": null,
            "net_income": null,
            "revenue": null,
            "common_shares": null,
            "equity": null,
            "current_ratio": null,
            "debt_ratio": null,
            "inventory_turnover_ratio": null,
            "account_receivable_turnover_ratio": null,
            "reinvestment_rate": null,
            "research_to_sale_ratio": null,
            "price_fair": 0,
            "eps_avg_yearly": 0,
            "eps_latest_yearly": 0,
            "eps_growth_yearly": 0
        },
        "20024": {
            "year_quarter": 20024,
            "year": 2002,
            "quarter": 4,
            "eps": null,
            "eps_growth_year": null,
            "eps_4q": null,
            "eps_4q_growth_year": null,
            "roe": null,
            "gross_profit": null,
            "gross_margin": null,
            "net_income": null,
            "revenue": null,
            "common_shares": null,
            "equity": null,
            "current_ratio": null,
            "debt_ratio": null,
            "inventory_turnover_ratio": null,
            "account_receivable_turnover_ratio": null,
            "reinvestment_rate": null,
            "research_to_sale_ratio": null,
            "price_fair": 0,
            "eps_avg_yearly": 0,
            "eps_latest_yearly": 0,
            "eps_growth_yearly": 0
        },
        "20031": {
            "year_quarter": 20031,
            "year": 2003,
            "quarter": 1,
            "eps": null,
            "eps_growth_year": null,
            "eps_4q": null,
            "eps_4q_growth_year": null,
            "roe": null,
            "gross_profit": null,
            "gross_margin": null,
            "net_income": null,
            "revenue": null,
            "common_shares": null,
            "equity": null,
            "current_ratio": null,
            "debt_ratio": null,
            "inventory_turnover_ratio": null,
            "account_receivable_turnover_ratio": null,
            "reinvestment_rate": null,
            "research_to_sale_ratio": null,
            "price_fair": 0,
            "eps_avg_yearly": 0,
            "eps_latest_yearly": 0,
            "eps_growth_yearly": 0
        },
        "20032": {
            "year_quarter": 20032,
            "year": 2003,
            "quarter": 2,
            "eps": null,
            "eps_growth_year": null,
            "eps_4q": null,
            "eps_4q_growth_year": null,
            "roe": null,
            "gross_profit": null,
            "gross_margin": null,
            "net_income": null,
            "revenue": null,
            "common_shares": null,
            "equity": null,
            "current_ratio": null,
            "debt_ratio": null,
            "inventory_turnover_ratio": null,
            "account_receivable_turnover_ratio": null,
            "reinvestment_rate": null,
            "research_to_sale_ratio": null,
            "price_fair": 0,
            "eps_avg_yearly": 0,
            "eps_latest_yearly": 0,
            "eps_growth_yearly": 0
        },
        "20033": {
            "year_quarter": 20033,
            "year": 2003,
            "quarter": 3,
            "eps": null,
            "eps_growth_year": null,
            "eps_4q": null,
            "eps_4q_growth_year": null,
            "roe": null,
            "gross_profit": null,
            "gross_margin": null,
            "net_income": null,
            "revenue": null,
            "common_shares": null,
            "equity": null,
            "current_ratio": null,
            "debt_ratio": null,
            "inventory_turnover_ratio": null,
            "account_receivable_turnover_ratio": null,
            "reinvestment_rate": null,
            "research_to_sale_ratio": null,
            "price_fair": 0,
            "eps_avg_yearly": 0,
            "eps_latest_yearly": 0,
            "eps_growth_yearly": 0
        },
        "20034": {
            "year_quarter": 20034,
            "year": 2003,
            "quarter": 4,
            "eps": null,
            "eps_growth_year": null,
            "eps_4q": null,
            "eps_4q_growth_year": null,
            "roe": null,
            "gross_profit": null,
            "gross_margin": null,
            "net_income": null,
            "revenue": null,
            "common_shares": null,
            "equity": null,
            "current_ratio": null,
            "debt_ratio": null,
            "inventory_turnover_ratio": null,
            "account_receivable_turnover_ratio": null,
            "reinvestment_rate": null,
            "research_to_sale_ratio": null,
            "price_fair": 0,
            "eps_avg_yearly": 0,
            "eps_latest_yearly": 0,
            "eps_growth_yearly": 0
        },
        "20041": {
            "year_quarter": 20041,
            "year": 2004,
            "quarter": 1,
            "eps": null,
            "eps_growth_year": null,
            "eps_4q": null,
            "eps_4q_growth_year": null,
            "roe": null,
            "gross_profit": null,
            "gross_margin": null,
            "net_income": null,
            "revenue": null,
            "common_shares": null,
            "equity": null,
            "current_ratio": null,
            "debt_ratio": null,
            "inventory_turnover_ratio": null,
            "account_receivable_turnover_ratio": null,
            "reinvestment_rate": null,
            "research_to_sale_ratio": null,
            "price_fair": 0,
            "eps_avg_yearly": 0,
            "eps_latest_yearly": 0,
            "eps_growth_yearly": 0
        },
        "20042": {
            "year_quarter": 20042,
            "year": 2004,
            "quarter": 2,
            "eps": null,
            "eps_growth_year": null,
            "eps_4q": null,
            "eps_4q_growth_year": null,
            "roe": null,
            "gross_profit": null,
            "gross_margin": null,
            "net_income": null,
            "revenue": null,
            "common_shares": null,
            "equity": null,
            "current_ratio": null,
            "debt_ratio": null,
            "inventory_turnover_ratio": null,
            "account_receivable_turnover_ratio": null,
            "reinvestment_rate": null,
            "research_to_sale_ratio": null,
            "price_fair": 0,
            "eps_avg_yearly": 0,
            "eps_latest_yearly": 0,
            "eps_growth_yearly": 0
        },
        "20043": {
            "year_quarter": 20043,
            "year": 2004,
            "quarter": 3,
            "eps": null,
            "eps_growth_year": null,
            "eps_4q": null,
            "eps_4q_growth_year": null,
            "roe": null,
            "gross_profit": null,
            "gross_margin": null,
            "net_income": null,
            "revenue": null,
            "common_shares": null,
            "equity": null,
            "current_ratio": null,
            "debt_ratio": null,
            "inventory_turnover_ratio": null,
            "account_receivable_turnover_ratio": null,
            "reinvestment_rate": null,
            "research_to_sale_ratio": null,
            "price_fair": 0,
            "eps_avg_yearly": 0,
            "eps_latest_yearly": 0,
            "eps_growth_yearly": 0
        },
        "20044": {
            "year_quarter": 20044,
            "year": 2004,
            "quarter": 4,
            "eps": null,
            "eps_growth_year": null,
            "eps_4q": null,
            "eps_4q_growth_year": null,
            "roe": null,
            "gross_profit": null,
            "gross_margin": null,
            "net_income": null,
            "revenue": null,
            "common_shares": 15000,
            "equity": 25868,
            "current_ratio": 67.94,
            "debt_ratio": 66.57,
            "inventory_turnover_ratio": null,
            "account_receivable_turnover_ratio": null,
            "reinvestment_rate": null,
            "research_to_sale_ratio": null,
            "price_fair": 0,
            "eps_avg_yearly": 0,
            "eps_latest_yearly": 0,
            "eps_growth_yearly": 0
        },
        "20051": {
            "year_quarter": 20051,
            "year": 2005,
            "quarter": 1,
            "eps": null,
            "eps_growth_year": null,
            "eps_4q": null,
            "eps_4q_growth_year": null,
            "roe": null,
            "gross_profit": null,
            "gross_margin": null,
            "net_income": null,
            "revenue": null,
            "common_shares": null,
            "equity": null,
            "current_ratio": null,
            "debt_ratio": null,
            "inventory_turnover_ratio": null,
            "account_receivable_turnover_ratio": null,
            "reinvestment_rate": null,
            "research_to_sale_ratio": null,
            "price_fair": 0,
            "eps_avg_yearly": 0,
            "eps_latest_yearly": 0,
            "eps_growth_yearly": 0
        },
        "20052": {
            "year_quarter": 20052,
            "year": 2005,
            "quarter": 2,
            "eps": null,
            "eps_growth_year": null,
            "eps_4q": null,
            "eps_4q_growth_year": null,
            "roe": null,
            "gross_profit": null,
            "gross_margin": null,
            "net_income": null,
            "revenue": null,
            "common_shares": null,
            "equity": null,
            "current_ratio": null,
            "debt_ratio": null,
            "inventory_turnover_ratio": null,
            "account_receivable_turnover_ratio": null,
            "reinvestment_rate": null,
            "research_to_sale_ratio": null,
            "price_fair": 0,
            "eps_avg_yearly": 0,
            "eps_latest_yearly": 0,
            "eps_growth_yearly": 0
        },
        "20053": {
            "year_quarter": 20053,
            "year": 2005,
            "quarter": 3,
            "eps": null,
            "eps_growth_year": null,
            "eps_4q": null,
            "eps_4q_growth_year": null,
            "roe": null,
            "gross_profit": null,
            "gross_margin": null,
            "net_income": null,
            "revenue": null,
            "common_shares": null,
            "equity": null,
            "current_ratio": null,
            "debt_ratio": null,
            "inventory_turnover_ratio": null,
            "account_receivable_turnover_ratio": null,
            "reinvestment_rate": null,
            "research_to_sale_ratio": null,
            "price_fair": 0,
            "eps_avg_yearly": 0,
            "eps_latest_yearly": 0,
            "eps_growth_yearly": 0
        },
        "20054": {
            "year_quarter": 20054,
            "year": 2005,
            "quarter": 4,
            "eps": null,
            "eps_growth_year": null,
            "eps_4q": null,
            "eps_4q_growth_year": null,
            "roe": null,
            "gross_profit": null,
            "gross_margin": null,
            "net_income": null,
            "revenue": null,
            "common_shares": 89539,
            "equity": 98415,
            "current_ratio": 133.38,
            "debt_ratio": 42.98,
            "inventory_turnover_ratio": null,
            "account_receivable_turnover_ratio": null,
            "reinvestment_rate": null,
            "research_to_sale_ratio": null,
            "price_fair": 0,
            "eps_avg_yearly": 0,
            "eps_latest_yearly": 0,
            "eps_growth_yearly": 0
        },
        "20061": {
            "year_quarter": 20061,
            "year": 2006,
            "quarter": 1,
            "eps": null,
            "eps_growth_year": null,
            "eps_4q": null,
            "eps_4q_growth_year": null,
            "roe": null,
            "gross_profit": null,
            "gross_margin": null,
            "net_income": null,
            "revenue": null,
            "common_shares": null,
            "equity": null,
            "current_ratio": null,
            "debt_ratio": null,
            "inventory_turnover_ratio": null,
            "account_receivable_turnover_ratio": null,
            "reinvestment_rate": null,
            "research_to_sale_ratio": null,
            "price_fair": 0,
            "eps_avg_yearly": 0,
            "eps_latest_yearly": 0,
            "eps_growth_yearly": 0
        },
        "20062": {
            "year_quarter": 20062,
            "year": 2006,
            "quarter": 2,
            "eps": null,
            "eps_growth_year": null,
            "eps_4q": null,
            "eps_4q_growth_year": null,
            "roe": null,
            "gross_profit": null,
            "gross_margin": null,
            "net_income": null,
            "revenue": null,
            "common_shares": null,
            "equity": null,
            "current_ratio": null,
            "debt_ratio": null,
            "inventory_turnover_ratio": null,
            "account_receivable_turnover_ratio": null,
            "reinvestment_rate": null,
            "research_to_sale_ratio": null,
            "price_fair": 0,
            "eps_avg_yearly": 0,
            "eps_latest_yearly": 0,
            "eps_growth_yearly": 0
        },
        "20063": {
            "year_quarter": 20063,
            "year": 2006,
            "quarter": 3,
            "eps": null,
            "eps_growth_year": null,
            "eps_4q": null,
            "eps_4q_growth_year": null,
            "roe": null,
            "gross_profit": null,
            "gross_margin": null,
            "net_income": null,
            "revenue": null,
            "common_shares": null,
            "equity": null,
            "current_ratio": null,
            "debt_ratio": null,
            "inventory_turnover_ratio": null,
            "account_receivable_turnover_ratio": null,
            "reinvestment_rate": null,
            "research_to_sale_ratio": null,
            "price_fair": 0,
            "eps_avg_yearly": 0,
            "eps_latest_yearly": 0,
            "eps_growth_yearly": 0
        },
        "20064": {
            "year_quarter": 20064,
            "year": 2006,
            "quarter": 4,
            "eps": null,
            "eps_growth_year": null,
            "eps_4q": null,
            "eps_4q_growth_year": null,
            "roe": null,
            "gross_profit": null,
            "gross_margin": null,
            "net_income": null,
            "revenue": null,
            "common_shares": 265858,
            "equity": 270004,
            "current_ratio": 373.51,
            "debt_ratio": 22.48,
            "inventory_turnover_ratio": null,
            "account_receivable_turnover_ratio": null,
            "reinvestment_rate": null,
            "research_to_sale_ratio": null,
            "price_fair": 0,
            "eps_avg_yearly": 0,
            "eps_latest_yearly": 0,
            "eps_growth_yearly": 0
        },
        "20071": {
            "year_quarter": 20071,
            "year": 2007,
            "quarter": 1,
            "eps": null,
            "eps_growth_year": null,
            "eps_4q": null,
            "eps_4q_growth_year": null,
            "roe": null,
            "gross_profit": null,
            "gross_margin": null,
            "net_income": null,
            "revenue": null,
            "common_shares": null,
            "equity": null,
            "current_ratio": null,
            "debt_ratio": null,
            "inventory_turnover_ratio": null,
            "account_receivable_turnover_ratio": null,
            "reinvestment_rate": null,
            "research_to_sale_ratio": null,
            "price_fair": 0,
            "eps_avg_yearly": 0,
            "eps_latest_yearly": 0,
            "eps_growth_yearly": 0
        },
        "20072": {
            "year_quarter": 20072,
            "year": 2007,
            "quarter": 2,
            "eps": null,
            "eps_growth_year": null,
            "eps_4q": null,
            "eps_4q_growth_year": null,
            "roe": null,
            "gross_profit": null,
            "gross_margin": null,
            "net_income": null,
            "revenue": null,
            "common_shares": null,
            "equity": null,
            "current_ratio": null,
            "debt_ratio": null,
            "inventory_turnover_ratio": null,
            "account_receivable_turnover_ratio": null,
            "reinvestment_rate": null,
            "research_to_sale_ratio": null,
            "price_fair": 0,
            "eps_avg_yearly": 0,
            "eps_latest_yearly": 0,
            "eps_growth_yearly": 0
        },
        "20073": {
            "year_quarter": 20073,
            "year": 2007,
            "quarter": 3,
            "eps": null,
            "eps_growth_year": null,
            "eps_4q": null,
            "eps_4q_growth_year": null,
            "roe": null,
            "gross_profit": null,
            "gross_margin": null,
            "net_income": null,
            "revenue": null,
            "common_shares": null,
            "equity": null,
            "current_ratio": null,
            "debt_ratio": null,
            "inventory_turnover_ratio": null,
            "account_receivable_turnover_ratio": null,
            "reinvestment_rate": null,
            "research_to_sale_ratio": null,
            "price_fair": 0,
            "eps_avg_yearly": 0,
            "eps_latest_yearly": 0,
            "eps_growth_yearly": 0
        },
        "20074": {
            "year_quarter": 20074,
            "year": 2007,
            "quarter": 4,
            "eps": null,
            "eps_growth_year": null,
            "eps_4q": null,
            "eps_4q_growth_year": null,
            "roe": null,
            "gross_profit": null,
            "gross_margin": null,
            "net_income": null,
            "revenue": null,
            "common_shares": 300858,
            "equity": 309344,
            "current_ratio": 402.9,
            "debt_ratio": 19.83,
            "inventory_turnover_ratio": null,
            "account_receivable_turnover_ratio": null,
            "reinvestment_rate": null,
            "research_to_sale_ratio": null,
            "price_fair": 0,
            "eps_avg_yearly": 0,
            "eps_latest_yearly": 0,
            "eps_growth_yearly": 0
        },
        "20081": {
            "year_quarter": 20081,
            "year": 2008,
            "quarter": 1,
            "eps": null,
            "eps_growth_year": null,
            "eps_4q": null,
            "eps_4q_growth_year": null,
            "roe": null,
            "gross_profit": null,
            "gross_margin": null,
            "net_income": null,
            "revenue": null,
            "common_shares": null,
            "equity": null,
            "current_ratio": null,
            "debt_ratio": null,
            "inventory_turnover_ratio": null,
            "account_receivable_turnover_ratio": null,
            "reinvestment_rate": null,
            "research_to_sale_ratio": null,
            "price_fair": 0,
            "eps_avg_yearly": 0,
            "eps_latest_yearly": 0,
            "eps_growth_yearly": 0
        },
        "20082": {
            "year_quarter": 20082,
            "year": 2008,
            "quarter": 2,
            "eps": null,
            "eps_growth_year": null,
            "eps_4q": null,
            "eps_4q_growth_year": null,
            "roe": null,
            "gross_profit": null,
            "gross_margin": null,
            "net_income": null,
            "revenue": null,
            "common_shares": null,
            "equity": null,
            "current_ratio": null,
            "debt_ratio": null,
            "inventory_turnover_ratio": null,
            "account_receivable_turnover_ratio": null,
            "reinvestment_rate": null,
            "research_to_sale_ratio": null,
            "price_fair": 0,
            "eps_avg_yearly": 0,
            "eps_latest_yearly": 0,
            "eps_growth_yearly": 0
        },
        "20083": {
            "year_quarter": 20083,
            "year": 2008,
            "quarter": 3,
            "eps": null,
            "eps_growth_year": null,
            "eps_4q": null,
            "eps_4q_growth_year": null,
            "roe": null,
            "gross_profit": null,
            "gross_margin": null,
            "net_income": null,
            "revenue": null,
            "common_shares": null,
            "equity": null,
            "current_ratio": null,
            "debt_ratio": null,
            "inventory_turnover_ratio": null,
            "account_receivable_turnover_ratio": null,
            "reinvestment_rate": null,
            "research_to_sale_ratio": null,
            "price_fair": 0,
            "eps_avg_yearly": 0,
            "eps_latest_yearly": 0,
            "eps_growth_yearly": 0
        },
        "20084": {
            "year_quarter": 20084,
            "year": 2008,
            "quarter": 4,
            "eps": null,
            "eps_growth_year": null,
            "eps_4q": null,
            "eps_4q_growth_year": null,
            "roe": null,
            "gross_profit": null,
            "gross_margin": null,
            "net_income": null,
            "revenue": null,
            "common_shares": 320858,
            "equity": 399327,
            "current_ratio": 617.88,
            "debt_ratio": 8.95,
            "inventory_turnover_ratio": null,
            "account_receivable_turnover_ratio": null,
            "reinvestment_rate": null,
            "research_to_sale_ratio": null,
            "price_fair": 0,
            "eps_avg_yearly": 0,
            "eps_latest_yearly": 0,
            "eps_growth_yearly": 0
        },
        "20091": {
            "year_quarter": 20091,
            "year": 2009,
            "quarter": 1,
            "eps": -0.02,
            "eps_growth_year": null,
            "eps_4q": null,
            "eps_4q_growth_year": null,
            "roe": -0.14,
            "gross_profit": 6602,
            "gross_margin": 25.75,
            "net_income": -545,
            "revenue": 25636,
            "common_shares": 320858,
            "equity": 404204,
            "current_ratio": 477.47,
            "debt_ratio": 9.02,
            "inventory_turnover_ratio": 1.18,
            "account_receivable_turnover_ratio": 1.1,
            "reinvestment_rate": null,
            "research_to_sale_ratio": null,
            "price_fair": 0,
            "eps_avg_yearly": 0,
            "eps_latest_yearly": 0,
            "eps_growth_yearly": 0
        },
        "20092": {
            "year_quarter": 20092,
            "year": 2009,
            "quarter": 2,
            "eps": 0.56,
            "eps_growth_year": null,
            "eps_4q": null,
            "eps_4q_growth_year": null,
            "roe": 4.4,
            "gross_profit": 11551,
            "gross_margin": 25.6,
            "net_income": 18070,
            "revenue": 45120,
            "common_shares": 320858,
            "equity": 417524,
            "current_ratio": 274.3,
            "debt_ratio": 12.74,
            "inventory_turnover_ratio": 7.29,
            "account_receivable_turnover_ratio": 1.34,
            "reinvestment_rate": null,
            "research_to_sale_ratio": null,
            "price_fair": 0,
            "eps_avg_yearly": 0,
            "eps_latest_yearly": 0,
            "eps_growth_yearly": 0
        },
        "20093": {
            "year_quarter": 20093,
            "year": 2009,
            "quarter": 3,
            "eps": 0.78,
            "eps_growth_year": null,
            "eps_4q": null,
            "eps_4q_growth_year": null,
            "roe": 5.84,
            "gross_profit": 28701,
            "gross_margin": 26.98,
            "net_income": 25533,
            "revenue": 106383,
            "common_shares": 336858,
            "equity": 456339,
            "current_ratio": 178.62,
            "debt_ratio": 22.1,
            "inventory_turnover_ratio": 27.32,
            "account_receivable_turnover_ratio": 1.01,
            "reinvestment_rate": null,
            "research_to_sale_ratio": null,
            "price_fair": 109.2,
            "eps_avg_yearly": 3.12,
            "eps_latest_yearly": 3.12,
            "eps_growth_yearly": 157.14
        },
        "20094": {
            "year_quarter": 20094,
            "year": 2009,
            "quarter": 4,
            "eps": 0.58,
            "eps_growth_year": null,
            "eps_4q": 1.85,
            "eps_4q_growth_year": null,
            "roe": 4.11,
            "gross_profit": 19760,
            "gross_margin": 22.82,
            "net_income": 19174,
            "revenue": 86575,
            "common_shares": 336858,
            "equity": 477114,
            "current_ratio": 225.51,
            "debt_ratio": 24.4,
            "inventory_turnover_ratio": 5.76,
            "account_receivable_turnover_ratio": 0.9,
            "reinvestment_rate": null,
            "research_to_sale_ratio": null,
            "price_fair": 95.2,
            "eps_avg_yearly": 2.72,
            "eps_latest_yearly": 2.32,
            "eps_growth_yearly": 27.29
        },
        "20101": {
            "year_quarter": 20101,
            "year": 2010,
            "quarter": 1,
            "eps": null,
            "eps_growth_year": null,
            "eps_4q": null,
            "eps_4q_growth_year": null,
            "roe": null,
            "gross_profit": 61102,
            "gross_margin": null,
            "net_income": 26966,
            "revenue": 120829,
            "common_shares": 336858,
            "equity": 502150,
            "current_ratio": 218.57,
            "debt_ratio": 24.44,
            "inventory_turnover_ratio": null,
            "account_receivable_turnover_ratio": null,
            "reinvestment_rate": null,
            "research_to_sale_ratio": null,
            "price_fair": 95.2,
            "eps_avg_yearly": 2.72,
            "eps_latest_yearly": 2.32,
            "eps_growth_yearly": 27.29
        },
        "20102": {
            "year_quarter": 20102,
            "year": 2010,
            "quarter": 2,
            "eps": 0.69,
            "eps_growth_year": 23.51,
            "eps_4q": 1.94,
            "eps_4q_growth_year": null,
            "roe": 4.72,
            "gross_profit": 56659,
            "gross_margin": 49.28,
            "net_income": 24820,
            "revenue": 114984,
            "common_shares": 358858,
            "equity": 548826,
            "current_ratio": 163.33,
            "debt_ratio": 31.1,
            "inventory_turnover_ratio": 2.06,
            "account_receivable_turnover_ratio": 1.05,
            "reinvestment_rate": null,
            "research_to_sale_ratio": null,
            "price_fair": 95.2,
            "eps_avg_yearly": 2.72,
            "eps_latest_yearly": 2.32,
            "eps_growth_yearly": 27.29
        },
        "20103": {
            "year_quarter": 20103,
            "year": 2010,
            "quarter": 3,
            "eps": 0.77,
            "eps_growth_year": -1.69,
            "eps_4q": 1.98,
            "eps_4q_growth_year": null,
            "roe": 4.93,
            "gross_profit": 72354,
            "gross_margin": 44.61,
            "net_income": 27825,
            "revenue": 162176,
            "common_shares": 362858,
            "equity": 580095,
            "current_ratio": 151.94,
            "debt_ratio": 32.66,
            "inventory_turnover_ratio": 2.38,
            "account_receivable_turnover_ratio": 0.5,
            "reinvestment_rate": null,
            "research_to_sale_ratio": 4.19,
            "price_fair": 99.4,
            "eps_avg_yearly": 2.84,
            "eps_latest_yearly": 3.08,
            "eps_growth_yearly": 33.65
        },
        "20104": {
            "year_quarter": 20104,
            "year": 2010,
            "quarter": 4,
            "eps": 0.73,
            "eps_growth_year": 26.35,
            "eps_4q": 2.02,
            "eps_4q_growth_year": 9.07,
            "roe": 4.77,
            "gross_profit": 77635,
            "gross_margin": 44.71,
            "net_income": 30089,
            "revenue": 173657,
            "common_shares": 410578,
            "equity": 681751,
            "current_ratio": 179.16,
            "debt_ratio": 27.33,
            "inventory_turnover_ratio": 2.27,
            "account_receivable_turnover_ratio": 0.5,
            "reinvestment_rate": null,
            "research_to_sale_ratio": 4.7,
            "price_fair": 85.93,
            "eps_avg_yearly": 2.86,
            "eps_latest_yearly": 2.92,
            "eps_growth_yearly": 20.04
        },
        "20111": {
            "year_quarter": 20111,
            "year": 2011,
            "quarter": 1,
            "eps": 0.51,
            "eps_growth_year": null,
            "eps_4q": 2.52,
            "eps_4q_growth_year": null,
            "roe": 2.98,
            "gross_profit": 55080,
            "gross_margin": 39.9,
            "net_income": 20779,
            "revenue": 138062,
            "common_shares": 410578,
            "equity": 711143,
            "current_ratio": 185.39,
            "debt_ratio": 26.73,
            "inventory_turnover_ratio": 1.8,
            "account_receivable_turnover_ratio": 0.56,
            "reinvestment_rate": null,
            "research_to_sale_ratio": 7.08,
            "price_fair": 8.09,
            "eps_avg_yearly": 2.7,
            "eps_latest_yearly": 2.04,
            "eps_growth_yearly": -8.07
        },
        "20112": {
            "year_quarter": 20112,
            "year": 2011,
            "quarter": 2,
            "eps": 0.29,
            "eps_growth_year": -57.37,
            "eps_4q": 2.21,
            "eps_4q_growth_year": 14.15,
            "roe": 1.8,
            "gross_profit": 46026,
            "gross_margin": 35.67,
            "net_income": 12107,
            "revenue": 129034,
            "common_shares": 410578,
            "equity": 635498,
            "current_ratio": 141.1,
            "debt_ratio": 34.28,
            "inventory_turnover_ratio": 1.83,
            "account_receivable_turnover_ratio": 0.56,
            "reinvestment_rate": null,
            "research_to_sale_ratio": 6.37,
            "price_fair": 7.32,
            "eps_avg_yearly": 2.44,
            "eps_latest_yearly": 1.16,
            "eps_growth_yearly": -35.49
        },
        "20113": {
            "year_quarter": 20113,
            "year": 2011,
            "quarter": 3,
            "eps": 1.34,
            "eps_growth_year": 74.72,
            "eps_4q": 2.9,
            "eps_4q_growth_year": 46.72,
            "roe": 7.99,
            "gross_profit": 97105,
            "gross_margin": 46.96,
            "net_income": 53946,
            "revenue": 206796,
            "common_shares": 410578,
            "equity": 714194,
            "current_ratio": 153.21,
            "debt_ratio": 33.83,
            "inventory_turnover_ratio": 2.8,
            "account_receivable_turnover_ratio": 0.75,
            "reinvestment_rate": null,
            "research_to_sale_ratio": 4.49,
            "price_fair": 100,
            "eps_avg_yearly": 2.86,
            "eps_latest_yearly": 5.36,
            "eps_growth_yearly": 176.48
        },
        "20114": {
            "year_quarter": 20114,
            "year": 2011,
            "quarter": 4,
            "eps": 0.59,
            "eps_growth_year": -19.77,
            "eps_4q": 2.75,
            "eps_4q_growth_year": 36.24,
            "roe": 3.26,
            "gross_profit": 63422,
            "gross_margin": 40.27,
            "net_income": 23665,
            "revenue": 157475,
            "common_shares": 402488,
            "equity": 738579,
            "current_ratio": 160.89,
            "debt_ratio": 31.5,
            "inventory_turnover_ratio": 2.05,
            "account_receivable_turnover_ratio": 0.49,
            "reinvestment_rate": null,
            "research_to_sale_ratio": 5.78,
            "price_fair": 97.83,
            "eps_avg_yearly": 2.8,
            "eps_latest_yearly": 2.36,
            "eps_growth_yearly": 126.43
        },
        "20121": {
            "year_quarter": 20121,
            "year": 2012,
            "quarter": 1,
            "eps": -0.22,
            "eps_growth_year": -143.14,
            "eps_4q": 2.01,
            "eps_4q_growth_year": -20.43,
            "roe": -1.23,
            "gross_profit": 18963,
            "gross_margin": 21.63,
            "net_income": -8978,
            "revenue": 87668,
            "common_shares": 402488,
            "equity": 715733,
            "current_ratio": 190.85,
            "debt_ratio": 24.27,
            "inventory_turnover_ratio": 1.39,
            "account_receivable_turnover_ratio": 0.37,
            "reinvestment_rate": null,
            "research_to_sale_ratio": 10.06,
            "price_fair": 97.83,
            "eps_avg_yearly": 2.8,
            "eps_latest_yearly": 2.36,
            "eps_growth_yearly": 126.43
        },
        "20122": {
            "year_quarter": 20122,
            "year": 2012,
            "quarter": 2,
            "eps": -0.09,
            "eps_growth_year": -130,
            "eps_4q": 1.62,
            "eps_4q_growth_year": -26.89,
            "roe": -0.53,
            "gross_profit": 33262,
            "gross_margin": 29.29,
            "net_income": -3561,
            "revenue": 113551,
            "common_shares": 402488,
            "equity": 635437,
            "current_ratio": 129.42,
            "debt_ratio": 33.56,
            "inventory_turnover_ratio": 1.68,
            "account_receivable_turnover_ratio": 0.74,
            "reinvestment_rate": null,
            "research_to_sale_ratio": 10.05,
            "price_fair": 97.83,
            "eps_avg_yearly": 2.8,
            "eps_latest_yearly": 2.36,
            "eps_growth_yearly": 126.43
        },
        "20123": {
            "year_quarter": 20123,
            "year": 2012,
            "quarter": 3,
            "eps": 0.5,
            "eps_growth_year": -62.78,
            "eps_4q": 0.78,
            "eps_4q_growth_year": -73.31,
            "roe": 3.14,
            "gross_profit": 57246,
            "gross_margin": 33.44,
            "net_income": 20072,
            "revenue": 171209,
            "common_shares": 402488,
            "equity": 643601,
            "current_ratio": 135.85,
            "debt_ratio": 34.1,
            "inventory_turnover_ratio": 2.28,
            "account_receivable_turnover_ratio": 0.94,
            "reinvestment_rate": null,
            "research_to_sale_ratio": 7.04,
            "price_fair": 97.83,
            "eps_avg_yearly": 2.8,
            "eps_latest_yearly": 2.36,
            "eps_growth_yearly": 126.43
        },
        "20124": {
            "year_quarter": 20124,
            "year": 2012,
            "quarter": 4,
            "eps": 0.06,
            "eps_growth_year": -89.01,
            "eps_4q": 0.25,
            "eps_4q_growth_year": -90.83,
            "roe": 0.4,
            "gross_profit": 57076,
            "gross_margin": 35.91,
            "net_income": 2601,
            "revenue": 158953,
            "common_shares": 402488,
            "equity": 646257,
            "current_ratio": 152.36,
            "debt_ratio": 34.65,
            "inventory_turnover_ratio": 1.75,
            "account_receivable_turnover_ratio": 0.69,
            "reinvestment_rate": 317.41,
            "research_to_sale_ratio": -1.67,
            "price_fair": 87.89,
            "eps_avg_yearly": 2.51,
            "eps_latest_yearly": 0.24,
            "eps_growth_yearly": 73.27
        },
        "20131": {
            "year_quarter": 20131,
            "year": 2013,
            "quarter": 1,
            "eps": 0.19,
            "eps_growth_year": null,
            "eps_4q": 0.66,
            "eps_4q_growth_year": -66.96,
            "roe": 1.15,
            "gross_profit": 38885,
            "gross_margin": 28.05,
            "net_income": 7561,
            "revenue": 138612,
            "common_shares": 402488,
            "equity": 666210,
            "current_ratio": 167.27,
            "debt_ratio": 31.55,
            "inventory_turnover_ratio": 1.49,
            "account_receivable_turnover_ratio": 0.6,
            "reinvestment_rate": 157.67,
            "research_to_sale_ratio": 6.57,
            "price_fair": 81.76,
            "eps_avg_yearly": 2.34,
            "eps_latest_yearly": 0.76,
            "eps_growth_yearly": 152.61
        },
        "20132": {
            "year_quarter": 20132,
            "year": 2013,
            "quarter": 2,
            "eps": 0.26,
            "eps_growth_year": null,
            "eps_4q": 1.01,
            "eps_4q_growth_year": -37.41,
            "roe": 1.62,
            "gross_profit": 50312,
            "gross_margin": 29.95,
            "net_income": 10495,
            "revenue": 168002,
            "common_shares": 402488,
            "equity": 627496,
            "current_ratio": 137.36,
            "debt_ratio": 40.74,
            "inventory_turnover_ratio": 1.66,
            "account_receivable_turnover_ratio": 0.73,
            "reinvestment_rate": 160.9,
            "research_to_sale_ratio": 6.14,
            "price_fair": 77.64,
            "eps_avg_yearly": 2.22,
            "eps_latest_yearly": 1.04,
            "eps_growth_yearly": 152.14
        },
        "20133": {
            "year_quarter": 20133,
            "year": 2013,
            "quarter": 3,
            "eps": 0.65,
            "eps_growth_year": 30.34,
            "eps_4q": 1.16,
            "eps_4q_growth_year": 49.52,
            "roe": 4.11,
            "gross_profit": 71895,
            "gross_margin": 32.52,
            "net_income": 26223,
            "revenue": 221062,
            "common_shares": 404488,
            "equity": 648827,
            "current_ratio": 136.86,
            "debt_ratio": 39.28,
            "inventory_turnover_ratio": 1.98,
            "account_receivable_turnover_ratio": 0.87,
            "reinvestment_rate": 167.58,
            "research_to_sale_ratio": 4.3,
            "price_fair": 75.98,
            "eps_avg_yearly": 2.17,
            "eps_latest_yearly": 2.6,
            "eps_growth_yearly": 192.4
        },
        "20134": {
            "year_quarter": 20134,
            "year": 2013,
            "quarter": 4,
            "eps": 0.01,
            "eps_growth_year": -85.54,
            "eps_4q": 1.1,
            "eps_4q_growth_year": 338.49,
            "roe": 0.06,
            "gross_profit": 41960,
            "gross_margin": 26.41,
            "net_income": 378,
            "revenue": 158871,
            "common_shares": 404488,
            "equity": 659479,
            "current_ratio": 147.92,
            "debt_ratio": 38.46,
            "inventory_turnover_ratio": 1.54,
            "account_receivable_turnover_ratio": 0.58,
            "reinvestment_rate": 69.66,
            "research_to_sale_ratio": 4.45,
            "price_fair": 68.73,
            "eps_avg_yearly": 1.96,
            "eps_latest_yearly": 0.04,
            "eps_growth_yearly": 165.92
        },
        "20141": {
            "year_quarter": 20141,
            "year": 2014,
            "quarter": 1,
            "eps": -0.52,
            "eps_growth_year": -373.68,
            "eps_4q": 0.4,
            "eps_4q_growth_year": -40.31,
            "roe": -3.23,
            "gross_profit": 13347,
            "gross_margin": 11.07,
            "net_income": -21096,
            "revenue": 120556,
            "common_shares": 404488,
            "equity": 646789,
            "current_ratio": 141.5,
            "debt_ratio": 39.47,
            "inventory_turnover_ratio": 1.46,
            "account_receivable_turnover_ratio": 0.5,
            "reinvestment_rate": 72.39,
            "research_to_sale_ratio": 7.04,
            "price_fair": 68.73,
            "eps_avg_yearly": 1.96,
            "eps_latest_yearly": 0.04,
            "eps_growth_yearly": 165.92
        },
        "20142": {
            "year_quarter": 20142,
            "year": 2014,
            "quarter": 2,
            "eps": -1.12,
            "eps_growth_year": -530.77,
            "eps_4q": -0.98,
            "eps_4q_growth_year": -196.97,
            "roe": -7.54,
            "gross_profit": 27629,
            "gross_margin": 17.12,
            "net_income": -45155,
            "revenue": 161415,
            "common_shares": 404088,
            "equity": 550448,
            "current_ratio": 132.93,
            "debt_ratio": 43.47,
            "inventory_turnover_ratio": 2.15,
            "account_receivable_turnover_ratio": 0.74,
            "reinvestment_rate": -288.4,
            "research_to_sale_ratio": 8,
            "price_fair": 68.73,
            "eps_avg_yearly": 1.96,
            "eps_latest_yearly": 0.04,
            "eps_growth_yearly": 165.92
        },
        "20143": {
            "year_quarter": 20143,
            "year": 2014,
            "quarter": 3,
            "eps": -1.14,
            "eps_growth_year": -275.38,
            "eps_4q": -1.87,
            "eps_4q_growth_year": -261.48,
            "roe": -7.09,
            "gross_profit": 44791,
            "gross_margin": 29.85,
            "net_income": -47183,
            "revenue": 150060,
            "common_shares": 604088,
            "equity": 780756,
            "current_ratio": 302.74,
            "debt_ratio": 23.76,
            "inventory_turnover_ratio": 1.73,
            "account_receivable_turnover_ratio": 0.65,
            "reinvestment_rate": -720.53,
            "research_to_sale_ratio": 6.15,
            "price_fair": 64.82,
            "eps_avg_yearly": 1.85,
            "eps_latest_yearly": 0.04,
            "eps_growth_yearly": 177.87
        },
        "20144": {
            "year_quarter": 20144,
            "year": 2014,
            "quarter": 4,
            "eps": 0.21,
            "eps_growth_year": 2181.77,
            "eps_4q": -1.66,
            "eps_4q_growth_year": -250.77,
            "roe": 1.61,
            "gross_profit": 56639,
            "gross_margin": 33.27,
            "net_income": 12881,
            "revenue": 170252,
            "common_shares": 604088,
            "equity": 818134,
            "current_ratio": 239.71,
            "debt_ratio": 26.1,
            "inventory_turnover_ratio": 1.66,
            "account_receivable_turnover_ratio": 0.71,
            "reinvestment_rate": -846.6,
            "research_to_sale_ratio": 2.14,
            "price_fair": 60.67,
            "eps_avg_yearly": 1.73,
            "eps_latest_yearly": 0.04,
            "eps_growth_yearly": 199.94
        },
        "20151": {
            "year_quarter": 20151,
            "year": 2015,
            "quarter": 1,
            "eps": 0.24,
            "eps_growth_year": null,
            "eps_4q": -1.07,
            "eps_4q_growth_year": -371.07,
            "roe": 1.79,
            "gross_profit": 42535,
            "gross_margin": 31.99,
            "net_income": 14684,
            "revenue": 132945,
            "common_shares": 604088,
            "equity": 825347,
            "current_ratio": 194.67,
            "debt_ratio": 39.37,
            "inventory_turnover_ratio": 1.13,
            "account_receivable_turnover_ratio": 0.58,
            "reinvestment_rate": -927.09,
            "research_to_sale_ratio": 2.2,
            "price_fair": 56.47,
            "eps_avg_yearly": 1.61,
            "eps_latest_yearly": 0.96,
            "eps_growth_yearly": 219.69
        },
        "20152": {
            "year_quarter": 20152,
            "year": 2015,
            "quarter": 2,
            "eps": 0.22,
            "eps_growth_year": null,
            "eps_4q": -0.03,
            "eps_4q_growth_year": null,
            "roe": 1.62,
            "gross_profit": 46618,
            "gross_margin": 26.47,
            "net_income": 17394,
            "revenue": 176093,
            "common_shares": 800000,
            "equity": 1317615,
            "current_ratio": 372.9,
            "debt_ratio": 14.92,
            "inventory_turnover_ratio": 1.83,
            "account_receivable_turnover_ratio": 0.78,
            "reinvestment_rate": -661.31,
            "research_to_sale_ratio": 2.18,
            "price_fair": 55.38,
            "eps_avg_yearly": 1.58,
            "eps_latest_yearly": 0.88,
            "eps_growth_yearly": 235.15
        },
        "20153": {
            "year_quarter": 20153,
            "year": 2015,
            "quarter": 3,
            "eps": -0.7,
            "eps_growth_year": null,
            "eps_4q": -0.14,
            "eps_4q_growth_year": null,
            "roe": -4.34,
            "gross_profit": 41081,
            "gross_margin": 27.88,
            "net_income": -56357,
            "revenue": 147364,
            "common_shares": 800000,
            "equity": 1278474,
            "current_ratio": 395.16,
            "debt_ratio": 19.92,
            "inventory_turnover_ratio": 2.14,
            "account_receivable_turnover_ratio": 0.55,
            "reinvestment_rate": null,
            "research_to_sale_ratio": 4.27,
            "price_fair": 38.85,
            "eps_avg_yearly": 1.11,
            "eps_latest_yearly": 0.88,
            "eps_growth_yearly": 83.51
        },
        "20154": {
            "year_quarter": 20154,
            "year": 2015,
            "quarter": 4,
            "eps": -2.42,
            "eps_growth_year": -1236.61,
            "eps_4q": -2.72,
            "eps_4q_growth_year": null,
            "roe": -16.54,
            "gross_profit": -13186,
            "gross_margin": -12.28,
            "net_income": -194592,
            "revenue": 107372,
            "common_shares": 800000,
            "equity": 1074625,
            "current_ratio": 315.17,
            "debt_ratio": 23.08,
            "inventory_turnover_ratio": 2.33,
            "account_receivable_turnover_ratio": 0.39,
            "reinvestment_rate": null,
            "research_to_sale_ratio": 14.31,
            "price_fair": 32.6,
            "eps_avg_yearly": 0.93,
            "eps_latest_yearly": 0.88,
            "eps_growth_yearly": 127.43
        },
        "20161": {
            "year_quarter": 20161,
            "year": 2016,
            "quarter": 1,
            "eps": -0.02,
            "eps_growth_year": -108.33,
            "eps_4q": -2.93,
            "eps_4q_growth_year": null,
            "roe": -0.23,
            "gross_profit": 24528,
            "gross_margin": 29.14,
            "net_income": -2424,
            "revenue": 84185,
            "common_shares": 800000,
            "equity": 1068007,
            "current_ratio": 498.65,
            "debt_ratio": 21.75,
            "inventory_turnover_ratio": 1.04,
            "account_receivable_turnover_ratio": 0.39,
            "reinvestment_rate": null,
            "research_to_sale_ratio": 9.6,
            "price_fair": 32.6,
            "eps_avg_yearly": 0.93,
            "eps_latest_yearly": 0.88,
            "eps_growth_yearly": 127.43
        },
        "20162": {
            "year_quarter": 20162,
            "year": 2016,
            "quarter": 2,
            "eps": 0.28,
            "eps_growth_year": 27.27,
            "eps_4q": -2.87,
            "eps_4q_growth_year": null,
            "roe": 1.98,
            "gross_profit": 15767,
            "gross_margin": 17.66,
            "net_income": 21342,
            "revenue": 89273,
            "common_shares": 800000,
            "equity": 1082925,
            "current_ratio": 622.46,
            "debt_ratio": 27.32,
            "inventory_turnover_ratio": 1.59,
            "account_receivable_turnover_ratio": 0.52,
            "reinvestment_rate": null,
            "research_to_sale_ratio": 5.84,
            "price_fair": 32.6,
            "eps_avg_yearly": 0.93,
            "eps_latest_yearly": 0.88,
            "eps_growth_yearly": 127.43
        },
        "20163": {
            "year_quarter": 20163,
            "year": 2016,
            "quarter": 3,
            "eps": 0.03,
            "eps_growth_year": null,
            "eps_4q": -2.13,
            "eps_4q_growth_year": null,
            "roe": 0.18,
            "gross_profit": 31661,
            "gross_margin": 35.3,
            "net_income": 1932,
            "revenue": 89695,
            "common_shares": 800000,
            "equity": 1074438,
            "current_ratio": 480.52,
            "debt_ratio": 29.34,
            "inventory_turnover_ratio": 1.67,
            "account_receivable_turnover_ratio": 0.54,
            "reinvestment_rate": null,
            "research_to_sale_ratio": 3.31,
            "price_fair": 29.05,
            "eps_avg_yearly": 0.83,
            "eps_latest_yearly": 0.12,
            "eps_growth_yearly": 66.86
        },
        "20164": {
            "year_quarter": 20164,
            "year": 2016,
            "quarter": 4,
            "eps": 0.08,
            "eps_growth_year": null,
            "eps_4q": 0.37,
            "eps_4q_growth_year": null,
            "roe": 0.52,
            "gross_profit": 24891,
            "gross_margin": 30.49,
            "net_income": 5547,
            "revenue": 81649,
            "common_shares": 800000,
            "equity": 1071898,
            "current_ratio": 905.19,
            "debt_ratio": 29.38,
            "inventory_turnover_ratio": 1.66,
            "account_receivable_turnover_ratio": 0.52,
            "reinvestment_rate": null,
            "research_to_sale_ratio": 7.32,
            "price_fair": 29.4,
            "eps_avg_yearly": 0.84,
            "eps_latest_yearly": 0.32,
            "eps_growth_yearly": 194.19
        },
        "20171": {
            "year_quarter": 20171,
            "year": 2017,
            "quarter": 1,
            "eps": -0.12,
            "eps_growth_year": null,
            "eps_4q": 0.27,
            "eps_4q_growth_year": null,
            "roe": -0.88,
            "gross_profit": 22815,
            "gross_margin": 33.07,
            "net_income": -9300,
            "revenue": 68982,
            "common_shares": 799950,
            "equity": 1047959,
            "current_ratio": 791.09,
            "debt_ratio": 29.88,
            "inventory_turnover_ratio": 1.39,
            "account_receivable_turnover_ratio": 0.52,
            "reinvestment_rate": null,
            "research_to_sale_ratio": 4.41,
            "price_fair": 29.8,
            "eps_avg_yearly": 0.85,
            "eps_latest_yearly": 0.32,
            "eps_growth_yearly": 98.12
        },
        "20172": {
            "year_quarter": 20172,
            "year": 2017,
            "quarter": 2,
            "eps": -0.04,
            "eps_growth_year": -114.29,
            "eps_4q": -0.05,
            "eps_4q_growth_year": null,
            "roe": -0.35,
            "gross_profit": 24549,
            "gross_margin": 33.12,
            "net_income": -3674,
            "revenue": 74121,
            "common_shares": 799900,
            "equity": 1049795,
            "current_ratio": 669.61,
            "debt_ratio": 30.52,
            "inventory_turnover_ratio": 1.51,
            "account_receivable_turnover_ratio": 0.64,
            "reinvestment_rate": null,
            "research_to_sale_ratio": 5.54,
            "price_fair": 28.7,
            "eps_avg_yearly": 0.82,
            "eps_latest_yearly": 0.32,
            "eps_growth_yearly": 89.91
        },
        "20173": {
            "year_quarter": 20173,
            "year": 2017,
            "quarter": 3,
            "eps": 0.01,
            "eps_growth_year": -66.67,
            "eps_4q": -0.07,
            "eps_4q_growth_year": null,
            "roe": 0.1,
            "gross_profit": 26400,
            "gross_margin": 31.73,
            "net_income": 1088,
            "revenue": 83206,
            "common_shares": 799900,
            "equity": 1055806,
            "current_ratio": 667.05,
            "debt_ratio": 30.15,
            "inventory_turnover_ratio": 1.88,
            "account_receivable_turnover_ratio": 0.7,
            "reinvestment_rate": null,
            "research_to_sale_ratio": 4.91,
            "price_fair": 1.39,
            "eps_avg_yearly": 0.46,
            "eps_latest_yearly": 0.32,
            "eps_growth_yearly": -12.1
        },
        "20174": {
            "year_quarter": 20174,
            "year": 2017,
            "quarter": 4,
            "eps": 0.5,
            "eps_growth_year": 534.6,
            "eps_4q": 0.35,
            "eps_4q_growth_year": -5.72,
            "roe": 3.78,
            "gross_profit": 18857,
            "gross_margin": 29.95,
            "net_income": 39880,
            "revenue": 62963,
            "common_shares": 799900,
            "equity": 1051597,
            "current_ratio": 676.53,
            "debt_ratio": 29.97,
            "inventory_turnover_ratio": 1.39,
            "account_receivable_turnover_ratio": 0.57,
            "reinvestment_rate": null,
            "research_to_sale_ratio": 7.94,
            "price_fair": 29.96,
            "eps_avg_yearly": 0.86,
            "eps_latest_yearly": 2,
            "eps_growth_yearly": 3986.67
        },
        "20181": {
            "year_quarter": 20181,
            "year": 2018,
            "quarter": 1,
            "eps": 0.12,
            "eps_growth_year": null,
            "eps_4q": 0.59,
            "eps_4q_growth_year": 114.68,
            "roe": 0.93,
            "gross_profit": 24430,
            "gross_margin": 32.54,
            "net_income": 9767,
            "revenue": 75078,
            "common_shares": 799900,
            "equity": 1056730,
            "current_ratio": 492.56,
            "debt_ratio": 30.56,
            "inventory_turnover_ratio": 1.46,
            "account_receivable_turnover_ratio": 0.71,
            "reinvestment_rate": null,
            "research_to_sale_ratio": 5.84,
            "price_fair": 27.77,
            "eps_avg_yearly": 0.79,
            "eps_latest_yearly": 0.48,
            "eps_growth_yearly": 3271.56
        },
        "20182": {
            "year_quarter": 20182,
            "year": 2018,
            "quarter": 2,
            "eps": 0.25,
            "eps_growth_year": null,
            "eps_4q": 0.88,
            "eps_4q_growth_year": null,
            "roe": 1.97,
            "gross_profit": 51190,
            "gross_margin": 21.51,
            "net_income": 19629,
            "revenue": 237978,
            "common_shares": 799900,
            "equity": 936891,
            "current_ratio": 151.67,
            "debt_ratio": 53.48,
            "inventory_turnover_ratio": 2.35,
            "account_receivable_turnover_ratio": 1.68,
            "reinvestment_rate": null,
            "research_to_sale_ratio": 4.15,
            "price_fair": 28.8,
            "eps_avg_yearly": 0.82,
            "eps_latest_yearly": 1,
            "eps_growth_yearly": 2866.1
        },
        "20183": {
            "year_quarter": 20183,
            "year": 2018,
            "quarter": 3,
            "eps": 0.75,
            "eps_growth_year": 7400,
            "eps_4q": 1.61,
            "eps_4q_growth_year": null,
            "roe": 6.19,
            "gross_profit": 117872,
            "gross_margin": 22.74,
            "net_income": 59823,
            "revenue": 518350,
            "common_shares": 799900,
            "equity": 994564,
            "current_ratio": 201.98,
            "debt_ratio": 44.74,
            "inventory_turnover_ratio": 3.3,
            "account_receivable_turnover_ratio": 2.6,
            "reinvestment_rate": null,
            "research_to_sale_ratio": 2.17,
            "price_fair": 38.33,
            "eps_avg_yearly": 1.1,
            "eps_latest_yearly": 3,
            "eps_growth_yearly": 2607.83
        },
        "20184": {
            "year_quarter": 20184,
            "year": 2018,
            "quarter": 4,
            "eps": 0.16,
            "eps_growth_year": -67.66,
            "eps_4q": 1.28,
            "eps_4q_growth_year": 266.02,
            "roe": 1.29,
            "gross_profit": 50186,
            "gross_margin": 21.47,
            "net_income": 12846,
            "revenue": 233782,
            "common_shares": 799900,
            "equity": 996792,
            "current_ratio": 214.76,
            "debt_ratio": 43.01,
            "inventory_turnover_ratio": 1.78,
            "account_receivable_turnover_ratio": 1.11,
            "reinvestment_rate": null,
            "research_to_sale_ratio": 5.51,
            "price_fair": 36.56,
            "eps_avg_yearly": 1.04,
            "eps_latest_yearly": 0.64,
            "eps_growth_yearly": 2283.11
        },
        "20191": {
            "year_quarter": 20191,
            "year": 2019,
            "quarter": 1,
            "eps": -0.02,
            "eps_growth_year": -116.67,
            "eps_4q": 1.14,
            "eps_4q_growth_year": 92.92,
            "roe": 0,
            "gross_profit": 38640,
            "gross_margin": 21.65,
            "net_income": 16,
            "revenue": 178497,
            "common_shares": 799900,
            "equity": 1138365,
            "current_ratio": 230.01,
            "debt_ratio": 40.3,
            "inventory_turnover_ratio": 1.57,
            "account_receivable_turnover_ratio": 0.92,
            "reinvestment_rate": null,
            "research_to_sale_ratio": 5.63,
            "price_fair": 36.93,
            "eps_avg_yearly": 1.06,
            "eps_latest_yearly": 0.64,
            "eps_growth_yearly": 2561.36
        },
        "20192": {
            "year_quarter": 20192,
            "year": 2019,
            "quarter": 2,
            "eps": 0.08,
            "eps_growth_year": -68,
            "eps_4q": 0.97,
            "eps_4q_growth_year": 9.88,
            "roe": 0.81,
            "gross_profit": 40358,
            "gross_margin": 20,
            "net_income": 9039,
            "revenue": 201783,
            "common_shares": 799900,
            "equity": 1089321,
            "current_ratio": 241.01,
            "debt_ratio": 38.27,
            "inventory_turnover_ratio": 2.15,
            "account_receivable_turnover_ratio": 1.21,
            "reinvestment_rate": null,
            "research_to_sale_ratio": 5.29,
            "price_fair": 37.8,
            "eps_avg_yearly": 1.08,
            "eps_latest_yearly": 0.64,
            "eps_growth_yearly": 2932.03
        },
        "20193": {
            "year_quarter": 20193,
            "year": 2019,
            "quarter": 3,
            "eps": 0.05,
            "eps_growth_year": -93.33,
            "eps_4q": 0.26,
            "eps_4q_growth_year": -83.59,
            "roe": 0.63,
            "gross_profit": 42556,
            "gross_margin": 20.78,
            "net_income": 7137,
            "revenue": 204812,
            "common_shares": 799900,
            "equity": 1167716,
            "current_ratio": 235.44,
            "debt_ratio": 39.58,
            "inventory_turnover_ratio": 2.18,
            "account_receivable_turnover_ratio": 1.11,
            "reinvestment_rate": null,
            "research_to_sale_ratio": 4.85,
            "price_fair": 33.95,
            "eps_avg_yearly": 0.97,
            "eps_latest_yearly": 0.2,
            "eps_growth_yearly": 2546.77
        },
        "20194": {
            "year_quarter": 20194,
            "year": 2019,
            "quarter": 4,
            "eps": 0.15,
            "eps_growth_year": -8.57,
            "eps_4q": 0.25,
            "eps_4q_growth_year": -80.42,
            "roe": 1.41,
            "gross_profit": 67403,
            "gross_margin": 19.92,
            "net_income": 16684,
            "revenue": 338390,
            "common_shares": 799900,
            "equity": 1202774,
            "current_ratio": 253.39,
            "debt_ratio": 36.24,
            "inventory_turnover_ratio": 2.97,
            "account_receivable_turnover_ratio": 1.44,
            "reinvestment_rate": 146.87,
            "research_to_sale_ratio": 4.55,
            "price_fair": 32.51,
            "eps_avg_yearly": 0.93,
            "eps_latest_yearly": 0.6,
            "eps_growth_yearly": 2352.69
        },
        "20201": {
            "year_quarter": 20201,
            "year": 2020,
            "quarter": 1,
            "eps": -0.12,
            "eps_growth_year": null,
            "eps_4q": 0.16,
            "eps_4q_growth_year": -85.88,
            "roe": -0.92,
            "gross_profit": 22613,
            "gross_margin": 15.93,
            "net_income": -11034,
            "revenue": 141989,
            "common_shares": 799900,
            "equity": 1192864,
            "current_ratio": 234.71,
            "debt_ratio": 35.18,
            "inventory_turnover_ratio": 1.2,
            "account_receivable_turnover_ratio": 0.69,
            "reinvestment_rate": 100.18,
            "research_to_sale_ratio": 7.5,
            "price_fair": 32.51,
            "eps_avg_yearly": 0.93,
            "eps_latest_yearly": 0.6,
            "eps_growth_yearly": 2352.69
        },
        "20202": {
            "year_quarter": 20202,
            "year": 2020,
            "quarter": 2,
            "eps": -0.12,
            "eps_growth_year": -250,
            "eps_4q": -0.03,
            "eps_4q_growth_year": -103.49,
            "roe": -1.18,
            "gross_profit": 21977,
            "gross_margin": 11.45,
            "net_income": -13785,
            "revenue": 191965,
            "common_shares": 799900,
            "equity": 1145863,
            "current_ratio": 201.3,
            "debt_ratio": 37,
            "inventory_turnover_ratio": 1.68,
            "account_receivable_turnover_ratio": 1.04,
            "reinvestment_rate": 123.93,
            "research_to_sale_ratio": 6.27,
            "price_fair": 32.51,
            "eps_avg_yearly": 0.93,
            "eps_latest_yearly": 0.6,
            "eps_growth_yearly": 2352.69
        },
        "20203": {
            "year_quarter": 20203,
            "year": 2020,
            "quarter": 3,
            "eps": 0.03,
            "eps_growth_year": -40,
            "eps_4q": -0.06,
            "eps_4q_growth_year": -120.82,
            "roe": 0.55,
            "gross_profit": 49239,
            "gross_margin": 18.34,
            "net_income": 6315,
            "revenue": 268501,
            "common_shares": 799900,
            "equity": 1160478,
            "current_ratio": 179.91,
            "debt_ratio": 38.05,
            "inventory_turnover_ratio": 2.29,
            "account_receivable_turnover_ratio": 1.34,
            "reinvestment_rate": 133.18,
            "research_to_sale_ratio": 4.38,
            "price_fair": 36.05,
            "eps_avg_yearly": 1.03,
            "eps_latest_yearly": 0.6,
            "eps_growth_yearly": 2691.42
        },
        "20204": {
            "year_quarter": 20204,
            "year": 2020,
            "quarter": 4,
            "eps": 0.3,
            "eps_growth_year": 104.36,
            "eps_4q": 0.1,
            "eps_4q_growth_year": -60.65,
            "roe": 2.21,
            "gross_profit": 61779,
            "gross_margin": 16.83,
            "net_income": 27992,
            "revenue": 367042,
            "common_shares": 799900,
            "equity": 1370287,
            "current_ratio": 206.81,
            "debt_ratio": 40.93,
            "inventory_turnover_ratio": 1.74,
            "account_receivable_turnover_ratio": 1.23,
            "reinvestment_rate": 83.12,
            "research_to_sale_ratio": 3.71,
            "price_fair": 39.9,
            "eps_avg_yearly": 1.14,
            "eps_latest_yearly": 1.2,
            "eps_growth_yearly": 3058.08
        },
        "20211": {
            "year_quarter": 20211,
            "year": 2021,
            "quarter": 1,
            "eps": -0.08,
            "eps_growth_year": null,
            "eps_4q": 0.14,
            "eps_4q_growth_year": -13.45,
            "roe": -0.64,
            "gross_profit": 43601,
            "gross_margin": 14.51,
            "net_income": -8791,
            "revenue": 300517,
            "common_shares": 799900,
            "equity": 1358492,
            "current_ratio": 212.76,
            "debt_ratio": 40.22,
            "inventory_turnover_ratio": 1.01,
            "account_receivable_turnover_ratio": 0.79,
            "reinvestment_rate": 73.3,
            "research_to_sale_ratio": 4.8,
            "price_fair": 39.9,
            "eps_avg_yearly": 1.14,
            "eps_latest_yearly": 1.2,
            "eps_growth_yearly": 3058.08
        },
        "20212": {
            "year_quarter": 20212,
            "year": 2021,
            "quarter": 2,
            "eps": -0.07,
            "eps_growth_year": null,
            "eps_4q": 0.19,
            "eps_4q_growth_year": null,
            "roe": -0.61,
            "gross_profit": 42184,
            "gross_margin": 14.14,
            "net_income": -8138,
            "revenue": 298324,
            "common_shares": 799900,
            "equity": 1322433,
            "current_ratio": 191.16,
            "debt_ratio": 41.99,
            "inventory_turnover_ratio": 0.96,
            "account_receivable_turnover_ratio": 0.87,
            "reinvestment_rate": 75.52,
            "research_to_sale_ratio": 4.54,
            "price_fair": 39.9,
            "eps_avg_yearly": 1.14,
            "eps_latest_yearly": 1.2,
            "eps_growth_yearly": 3058.08
        },
        "20213": {
            "year_quarter": 20213,
            "year": 2021,
            "quarter": 3,
            "eps": -0.09,
            "eps_growth_year": -400,
            "eps_4q": 0.07,
            "eps_4q_growth_year": null,
            "roe": -0.54,
            "gross_profit": 40147,
            "gross_margin": 10.66,
            "net_income": -7180,
            "revenue": 376703,
            "common_shares": 799900,
            "equity": 1312450,
            "current_ratio": 160.89,
            "debt_ratio": 44.87,
            "inventory_turnover_ratio": 1.13,
            "account_receivable_turnover_ratio": 1.03,
            "reinvestment_rate": 84.08,
            "research_to_sale_ratio": 4.86,
            "price_fair": 39.9,
            "eps_avg_yearly": 1.14,
            "eps_latest_yearly": 1.2,
            "eps_growth_yearly": 3058.08
        },
        "20214": {
            "year_quarter": 20214,
            "year": 2021,
            "quarter": 4,
            "eps": 0.28,
            "eps_growth_year": -7.94,
            "eps_4q": 0.05,
            "eps_4q_growth_year": -51.68,
            "roe": 2.15,
            "gross_profit": 86047,
            "gross_margin": 16.67,
            "net_income": 28432,
            "revenue": 516056,
            "common_shares": 799900,
            "equity": 1336639,
            "current_ratio": 156.74,
            "debt_ratio": 43.65,
            "inventory_turnover_ratio": 1.32,
            "account_receivable_turnover_ratio": 1.16,
            "reinvestment_rate": 130.52,
            "research_to_sale_ratio": 2.91,
            "price_fair": 35.6,
            "eps_avg_yearly": 1.02,
            "eps_latest_yearly": 1.2,
            "eps_growth_yearly": 694.95
        },
        "20221": {
            "year_quarter": 20221,
            "year": 2022,
            "quarter": 1,
            "eps": 0.01,
            "eps_growth_year": null,
            "eps_4q": 0.14,
            "eps_4q_growth_year": -2.52,
            "roe": 0.23,
            "gross_profit": 54798,
            "gross_margin": 14.78,
            "net_income": 3049,
            "revenue": 370656,
            "common_shares": 795740,
            "equity": 1363700,
            "current_ratio": 153.13,
            "debt_ratio": 43.06,
            "inventory_turnover_ratio": 0.92,
            "account_receivable_turnover_ratio": 0.81,
            "reinvestment_rate": 172.1,
            "research_to_sale_ratio": 4.27,
            "price_fair": 33.4,
            "eps_avg_yearly": 0.95,
            "eps_latest_yearly": 0.04,
            "eps_growth_yearly": 683.28
        },
        "20222": {
            "year_quarter": 20222,
            "year": 2022,
            "quarter": 2,
            "eps": -0.24,
            "eps_growth_year": null,
            "eps_4q": -0.03,
            "eps_4q_growth_year": -118.08,
            "roe": -1.97,
            "gross_profit": 33226,
            "gross_margin": 9.59,
            "net_income": -28329,
            "revenue": 346326,
            "common_shares": 795740,
            "equity": 1505565,
            "current_ratio": 159.61,
            "debt_ratio": 39.83,
            "inventory_turnover_ratio": 0.96,
            "account_receivable_turnover_ratio": 0.74,
            "reinvestment_rate": 155.94,
            "research_to_sale_ratio": 8.29,
            "price_fair": 33.13,
            "eps_avg_yearly": 0.95,
            "eps_latest_yearly": 0.04,
            "eps_growth_yearly": 724.94
        },
        "20223": {
            "year_quarter": 20223,
            "year": 2022,
            "quarter": 3,
            "eps": -0.11,
            "eps_growth_year": null,
            "eps_4q": -0.06,
            "eps_4q_growth_year": -185.14,
            "roe": -0.32,
            "gross_profit": 59259,
            "gross_margin": 14.26,
            "net_income": -4861,
            "revenue": 415664,
            "common_shares": 795740,
            "equity": 1505982,
            "current_ratio": 144.23,
            "debt_ratio": 42.38,
            "inventory_turnover_ratio": 1.18,
            "account_receivable_turnover_ratio": 0.81,
            "reinvestment_rate": 1048.83,
            "research_to_sale_ratio": 5.75,
            "price_fair": 18.76,
            "eps_avg_yearly": 0.54,
            "eps_latest_yearly": 0.04,
            "eps_growth_yearly": 709.92
        },
        "20224": {
            "year_quarter": 20224,
            "year": 2022,
            "quarter": 4,
            "eps": -0.41,
            "eps_growth_year": -249.05,
            "eps_4q": -0.75,
            "eps_4q_growth_year": -1676.09,
            "roe": -1.74,
            "gross_profit": 69581,
            "gross_margin": 16.62,
            "net_income": -25838,
            "revenue": 418673,
            "common_shares": 795740,
            "equity": 1463250,
            "current_ratio": 132.73,
            "debt_ratio": 44.88,
            "inventory_turnover_ratio": 1.19,
            "account_receivable_turnover_ratio": 0.78,
            "reinvestment_rate": null,
            "research_to_sale_ratio": 5.48,
            "price_fair": 17.85,
            "eps_avg_yearly": 0.51,
            "eps_latest_yearly": 0.04,
            "eps_growth_yearly": 966.07
        },
        "20231": {
            "year_quarter": 20231,
            "year": 2023,
            "quarter": 1,
            "eps": -0.19,
            "eps_growth_year": -2000,
            "eps_4q": -0.95,
            "eps_4q_growth_year": -803.95,
            "roe": -1.17,
            "gross_profit": 61210,
            "gross_margin": 17.9,
            "net_income": -17069,
            "revenue": 341870,
            "common_shares": 795740,
            "equity": 1448202,
            "current_ratio": 127.13,
            "debt_ratio": 43.92,
            "inventory_turnover_ratio": 0.93,
            "account_receivable_turnover_ratio": 0.67,
            "reinvestment_rate": null,
            "research_to_sale_ratio": 5.55,
            "price_fair": 17.85,
            "eps_avg_yearly": 0.51,
            "eps_latest_yearly": 0.04,
            "eps_growth_yearly": 966.07
        }
    },
    "months": {
        "2009-11": {
            "month": "2009-11",
            "price": "25.27",
            "revenue": 25630
        },
        "2009-12": {
            "month": "2009-12",
            "price": "27.82",
            "revenue": 30224
        },
        "2010-01": {
            "month": "2010-01",
            "price": "29.37",
            "revenue": 28847
        },
        "2010-02": {
            "month": "2010-02",
            "price": "29.53",
            "revenue": 25472
        },
        "2010-03": {
            "month": "2010-03",
            "price": "36.69",
            "revenue": 34385
        },
        "2010-04": {
            "month": "2010-04",
            "price": "42.68",
            "revenue": 27550
        },
        "2010-05": {
            "month": "2010-05",
            "price": "41.94",
            "revenue": 23778
        },
        "2010-06": {
            "month": "2010-06",
            "price": "40.76",
            "revenue": 21642
        },
        "2010-07": {
            "month": "2010-07",
            "price": "41.27",
            "revenue": 38960
        },
        "2010-08": {
            "month": "2010-08",
            "price": "43.98",
            "revenue": 35867
        },
        "2010-09": {
            "month": "2010-09",
            "price": "44.17",
            "revenue": 37536
        },
        "2010-10": {
            "month": "2010-10",
            "price": "41.29",
            "revenue": 47654
        },
        "2010-11": {
            "month": "2010-11",
            "price": "36.50",
            "revenue": 44275
        },
        "2010-12": {
            "month": "2010-12",
            "price": "38.28",
            "revenue": 53055
        },
        "2011-01": {
            "month": "2011-01",
            "price": "35.56",
            "revenue": 43248
        },
        "2011-02": {
            "month": "2011-02",
            "price": "31.68",
            "revenue": 36478
        },
        "2011-03": {
            "month": "2011-03",
            "price": "33.72",
            "revenue": 58336
        },
        "2011-04": {
            "month": "2011-04",
            "price": "34.19",
            "revenue": 39338
        },
        "2011-05": {
            "month": "2011-05",
            "price": "29.96",
            "revenue": 42085
        },
        "2011-06": {
            "month": "2011-06",
            "price": "28.84",
            "revenue": 47611
        },
        "2011-07": {
            "month": "2011-07",
            "price": "25.92",
            "revenue": 48212
        },
        "2011-08": {
            "month": "2011-08",
            "price": "20.76",
            "revenue": 77663
        },
        "2011-09": {
            "month": "2011-09",
            "price": "22.55",
            "revenue": 80921
        },
        "2011-10": {
            "month": "2011-10",
            "price": "24.04",
            "revenue": 51920
        },
        "2011-11": {
            "month": "2011-11",
            "price": "24.31",
            "revenue": 55264
        },
        "2011-12": {
            "month": "2011-12",
            "price": "21.06",
            "revenue": 50291
        },
        "2012-01": {
            "month": "2012-01",
            "price": "21.54",
            "revenue": 24967
        },
        "2012-02": {
            "month": "2012-02",
            "price": "26.39",
            "revenue": 27363
        },
        "2012-03": {
            "month": "2012-03",
            "price": "28.77",
            "revenue": 35338
        },
        "2012-04": {
            "month": "2012-04",
            "price": "23.51",
            "revenue": 38352
        },
        "2012-05": {
            "month": "2012-05",
            "price": "19.23",
            "revenue": 36724
        },
        "2012-06": {
            "month": "2012-06",
            "price": "19.65",
            "revenue": 38475
        },
        "2012-07": {
            "month": "2012-07",
            "price": "20.74",
            "revenue": 45342
        },
        "2012-08": {
            "month": "2012-08",
            "price": "22.20",
            "revenue": 56177
        },
        "2012-09": {
            "month": "2012-09",
            "price": "20.89",
            "revenue": 69690
        },
        "2012-10": {
            "month": "2012-10",
            "price": "18.87",
            "revenue": 61260
        },
        "2012-11": {
            "month": "2012-11",
            "price": "17.90",
            "revenue": 59860
        },
        "2012-12": {
            "month": "2012-12",
            "price": "18.10",
            "revenue": 37833
        },
        "2013-01": {
            "month": "2013-01",
            "price": "21.09",
            "revenue": 51219
        },
        "2013-02": {
            "month": "2013-02",
            "price": "23.11",
            "revenue": 39797
        },
        "2013-03": {
            "month": "2013-03",
            "price": "23.09",
            "revenue": 47596
        },
        "2013-04": {
            "month": "2013-04",
            "price": "23.99",
            "revenue": 55926
        },
        "2013-05": {
            "month": "2013-05",
            "price": "25.16",
            "revenue": 59008
        },
        "2013-06": {
            "month": "2013-06",
            "price": "28.26",
            "revenue": 53068
        },
        "2013-07": {
            "month": "2013-07",
            "price": "25.90",
            "revenue": 74285
        },
        "2013-08": {
            "month": "2013-08",
            "price": "24.93",
            "revenue": 74972
        },
        "2013-09": {
            "month": "2013-09",
            "price": "24.30",
            "revenue": 71805
        },
        "2013-10": {
            "month": "2013-10",
            "price": "25.56",
            "revenue": 61379
        },
        "2013-11": {
            "month": "2013-11",
            "price": "23.02",
            "revenue": 54681
        },
        "2013-12": {
            "month": "2013-12",
            "price": "21.56",
            "revenue": 42811
        },
        "2014-01": {
            "month": "2014-01",
            "price": "22.17",
            "revenue": 46596
        },
        "2014-02": {
            "month": "2014-02",
            "price": "21.20",
            "revenue": 34405
        },
        "2014-03": {
            "month": "2014-03",
            "price": "23.18",
            "revenue": 39555
        },
        "2014-04": {
            "month": "2014-04",
            "price": "22.80",
            "revenue": 57364
        },
        "2014-05": {
            "month": "2014-05",
            "price": "19.39",
            "revenue": 57338
        },
        "2014-06": {
            "month": "2014-06",
            "price": "18.82",
            "revenue": 46713
        },
        "2014-07": {
            "month": "2014-07",
            "price": "18.02",
            "revenue": 44599
        },
        "2014-08": {
            "month": "2014-08",
            "price": "16.22",
            "revenue": 48701
        },
        "2014-09": {
            "month": "2014-09",
            "price": "17.80",
            "revenue": 56760
        },
        "2014-10": {
            "month": "2014-10",
            "price": "16.56",
            "revenue": 44271
        },
        "2014-11": {
            "month": "2014-11",
            "price": "16.96",
            "revenue": 62394
        },
        "2014-12": {
            "month": "2014-12",
            "price": "23.35",
            "revenue": 63587
        },
        "2015-01": {
            "month": "2015-01",
            "price": "28.55",
            "revenue": 48209
        },
        "2015-02": {
            "month": "2015-02",
            "price": "26.32",
            "revenue": 34031
        },
        "2015-03": {
            "month": "2015-03",
            "price": "28.11",
            "revenue": 50705
        },
        "2015-04": {
            "month": "2015-04",
            "price": "48.30",
            "revenue": 49011
        },
        "2015-05": {
            "month": "2015-05",
            "price": "55.88",
            "revenue": 70554
        },
        "2015-06": {
            "month": "2015-06",
            "price": "56.98",
            "revenue": 56528
        },
        "2015-07": {
            "month": "2015-07",
            "price": "57.84",
            "revenue": 51206
        },
        "2015-08": {
            "month": "2015-08",
            "price": "52.05",
            "revenue": 46213
        },
        "2015-09": {
            "month": "2015-09",
            "price": "42.01",
            "revenue": 49945
        },
        "2015-10": {
            "month": "2015-10",
            "price": "49.44",
            "revenue": 33738
        },
        "2015-11": {
            "month": "2015-11",
            "price": "43.58",
            "revenue": 41115
        },
        "2015-12": {
            "month": "2015-12",
            "price": "44.55",
            "revenue": 32519
        },
        "2016-01": {
            "month": "2016-01",
            "price": "61.09",
            "revenue": 24411
        },
        "2016-02": {
            "month": "2016-02",
            "price": "68.73",
            "revenue": 29214
        },
        "2016-03": {
            "month": "2016-03",
            "price": "68.88",
            "revenue": 30560
        },
        "2016-04": {
            "month": "2016-04",
            "price": "59.24",
            "revenue": 31868
        },
        "2016-05": {
            "month": "2016-05",
            "price": "55.57",
            "revenue": 27282
        },
        "2016-06": {
            "month": "2016-06",
            "price": "59.26",
            "revenue": 30123
        },
        "2016-07": {
            "month": "2016-07",
            "price": "64.44",
            "revenue": 31862
        },
        "2016-08": {
            "month": "2016-08",
            "price": "61.61",
            "revenue": 30679
        },
        "2016-09": {
            "month": "2016-09",
            "price": "58.33",
            "revenue": 26630
        },
        "2016-10": {
            "month": "2016-10",
            "price": "53.86",
            "revenue": 27941
        },
        "2016-11": {
            "month": "2016-11",
            "price": "50.43",
            "revenue": 28130
        },
        "2016-12": {
            "month": "2016-12",
            "price": "50.66",
            "revenue": 25365
        },
        "2017-01": {
            "month": "2017-01",
            "price": "56.85",
            "revenue": 18816
        },
        "2017-02": {
            "month": "2017-02",
            "price": "54.14",
            "revenue": 23783
        },
        "2017-03": {
            "month": "2017-03",
            "price": "53.42",
            "revenue": 26383
        },
        "2017-04": {
            "month": "2017-04",
            "price": "54.66",
            "revenue": 28093
        },
        "2017-05": {
            "month": "2017-05",
            "price": "58.98",
            "revenue": 22566
        },
        "2017-06": {
            "month": "2017-06",
            "price": "59.40",
            "revenue": 23462
        },
        "2017-07": {
            "month": "2017-07",
            "price": "60.01",
            "revenue": 24907
        },
        "2017-08": {
            "month": "2017-08",
            "price": "57.25",
            "revenue": 31239
        },
        "2017-09": {
            "month": "2017-09",
            "price": "61.60",
            "revenue": 27060
        },
        "2017-10": {
            "month": "2017-10",
            "price": "59.33",
            "revenue": 17247
        },
        "2017-11": {
            "month": "2017-11",
            "price": "59.64",
            "revenue": 23811
        },
        "2017-12": {
            "month": "2017-12",
            "price": "59.09",
            "revenue": 21905
        },
        "2018-01": {
            "month": "2018-01",
            "price": "62.39",
            "revenue": 26448
        },
        "2018-02": {
            "month": "2018-02",
            "price": "61.60",
            "revenue": 21332
        },
        "2018-03": {
            "month": "2018-03",
            "price": "66.93",
            "revenue": 27298
        },
        "2018-04": {
            "month": "2018-04",
            "price": "63.97",
            "revenue": 80568
        },
        "2018-05": {
            "month": "2018-05",
            "price": "64.48",
            "revenue": 66648
        },
        "2018-06": {
            "month": "2018-06",
            "price": "60.65",
            "revenue": 85604
        },
        "2018-07": {
            "month": "2018-07",
            "price": "60.45",
            "revenue": 85173
        },
        "2018-08": {
            "month": "2018-08",
            "price": "57.63",
            "revenue": 336412
        },
        "2018-09": {
            "month": "2018-09",
            "price": "46.92",
            "revenue": 96764
        },
        "2018-10": {
            "month": "2018-10",
            "price": "40.47",
            "revenue": 88181
        },
        "2018-11": {
            "month": "2018-11",
            "price": "41.75",
            "revenue": 79675
        },
        "2018-12": {
            "month": "2018-12",
            "price": "43.03",
            "revenue": 65934
        },
        "2019-01": {
            "month": "2019-01",
            "price": "40.49",
            "revenue": 66630
        },
        "2019-02": {
            "month": "2019-02",
            "price": "39.25",
            "revenue": 38756
        },
        "2019-03": {
            "month": "2019-03",
            "price": "38.33",
            "revenue": 73111
        },
        "2019-04": {
            "month": "2019-04",
            "price": "36.37",
            "revenue": 60663
        },
        "2019-05": {
            "month": "2019-05",
            "price": "32.28",
            "revenue": 90214
        },
        "2019-06": {
            "month": "2019-06",
            "price": "30.84",
            "revenue": 50907
        },
        "2019-07": {
            "month": "2019-07",
            "price": "30.66",
            "revenue": 50596
        },
        "2019-08": {
            "month": "2019-08",
            "price": "31.35",
            "revenue": 62200
        },
        "2019-09": {
            "month": "2019-09",
            "price": "27.37",
            "revenue": 92015
        },
        "2019-10": {
            "month": "2019-10",
            "price": "25.44",
            "revenue": 86593
        },
        "2019-11": {
            "month": "2019-11",
            "price": "24.86",
            "revenue": 156537
        },
        "2019-12": {
            "month": "2019-12",
            "price": "25.78",
            "revenue": 95260
        },
        "2020-01": {
            "month": "2020-01",
            "price": "24.96",
            "revenue": 74650
        },
        "2020-02": {
            "month": "2020-02",
            "price": "24.39",
            "revenue": 18474
        },
        "2020-03": {
            "month": "2020-03",
            "price": "18.86",
            "revenue": 48865
        },
        "2020-04": {
            "month": "2020-04",
            "price": "18.14",
            "revenue": 61979
        },
        "2020-05": {
            "month": "2020-05",
            "price": "19.14",
            "revenue": 57579
        },
        "2020-06": {
            "month": "2020-06",
            "price": "20.14",
            "revenue": 72407
        },
        "2020-07": {
            "month": "2020-07",
            "price": "19.81",
            "revenue": 88381
        },
        "2020-08": {
            "month": "2020-08",
            "price": "18.76",
            "revenue": 82088
        },
        "2020-09": {
            "month": "2020-09",
            "price": "18.65",
            "revenue": 98032
        },
        "2020-10": {
            "month": "2020-10",
            "price": "17.82",
            "revenue": 88807
        },
        "2020-11": {
            "month": "2020-11",
            "price": "18.70",
            "revenue": 112016
        },
        "2020-12": {
            "month": "2020-12",
            "price": "18.87",
            "revenue": 166219
        },
        "2021-01": {
            "month": "2021-01",
            "price": "27.12",
            "revenue": 101693
        },
        "2021-02": {
            "month": "2021-02",
            "price": "34.75",
            "revenue": 61801
        },
        "2021-03": {
            "month": "2021-03",
            "price": "32.52",
            "revenue": 137023
        },
        "2021-04": {
            "month": "2021-04",
            "price": "32.64",
            "revenue": 97106
        },
        "2021-05": {
            "month": "2021-05",
            "price": "27.55",
            "revenue": 105706
        },
        "2021-06": {
            "month": "2021-06",
            "price": "26.92",
            "revenue": 95512
        },
        "2021-07": {
            "month": "2021-07",
            "price": "27.38",
            "revenue": 93976
        },
        "2021-08": {
            "month": "2021-08",
            "price": "25.01",
            "revenue": 157430
        },
        "2021-09": {
            "month": "2021-09",
            "price": "24.12",
            "revenue": 125297
        },
        "2021-10": {
            "month": "2021-10",
            "price": "26.68",
            "revenue": 169410
        },
        "2021-11": {
            "month": "2021-11",
            "price": "36.95",
            "revenue": 155931
        },
        "2021-12": {
            "month": "2021-12",
            "price": "38.53",
            "revenue": 190715
        },
        "2022-01": {
            "month": "2022-01",
            "price": "33.82",
            "revenue": 134641
        },
        "2022-02": {
            "month": "2022-02",
            "price": "32.56",
            "revenue": 104764
        },
        "2022-03": {
            "month": "2022-03",
            "price": "29.94",
            "revenue": 131251
        },
        "2022-04": {
            "month": "2022-04",
            "price": "28.85",
            "revenue": 72248
        },
        "2022-05": {
            "month": "2022-05",
            "price": "26.27",
            "revenue": 99981
        },
        "2022-06": {
            "month": "2022-06",
            "price": "26.65",
            "revenue": 174097
        },
        "2022-07": {
            "month": "2022-07",
            "price": "25.48",
            "revenue": 122867
        },
        "2022-08": {
            "month": "2022-08",
            "price": "34.02",
            "revenue": 139531
        },
        "2022-09": {
            "month": "2022-09",
            "price": "27.65",
            "revenue": 153266
        },
        "2022-10": {
            "month": "2022-10",
            "price": "20.26",
            "revenue": 141700
        },
        "2022-11": {
            "month": "2022-11",
            "price": "21.30",
            "revenue": 129464
        },
        "2022-12": {
            "month": "2022-12",
            "price": "20.57",
            "revenue": 147509
        },
        "2023-01": {
            "month": "2023-01",
            "price": "20.17",
            "revenue": 91979
        },
        "2023-02": {
            "month": "2023-02",
            "price": "20.82",
            "revenue": 111937
        },
        "2023-03": {
            "month": "2023-03",
            "price": "20.79",
            "revenue": 137954
        },
        "2023-04": {
            "month": "2023-04",
            "price": "21.08",
            "revenue": 120077
        }
    }
}
