{
    "summary": {
        "stock_name": "達能",
        "stock_id": "3686",
        "category": "半導體",
        "main_business": "電子零組件製造業<br>電子材料批發業<br>電子材料零售業",
        "website_url": "http://www.danentech.com",
        "ceo": "周惠國",
        "pe_ratio": -36,
        "report_year_from": 2009,
        "report_year_to": 2023,
        "age": 15,
        "eps_negative_percentage": 93,
        "eps_growth_avg": {
            "last_all": -100,
            "last_2y": null,
            "last_4y": null,
            "last_8y": null,
            "last_12y": -100,
            "last_16y": null,
            "last_20y": null,
            "at_2006_last_3y": null,
            "at_2007_last_3y": null,
            "at_2008_last_3y": null,
            "at_2009_last_3y": null,
            "at_2010_last_3y": null,
            "at_2011_last_3y": null,
            "at_2012_last_3y": null,
            "at_2013_last_3y": -100,
            "at_2014_last_3y": -100,
            "at_2015_last_3y": null,
            "at_2016_last_3y": null,
            "at_2017_last_3y": null,
            "at_2018_last_3y": null,
            "at_2019_last_3y": null,
            "at_2020_last_3y": null,
            "at_2021_last_3y": null,
            "at_2022_last_3y": null,
            "at_2023_last_3y": null,
            "at_2024_last_3y": null,
            "at_2006_last_all": null,
            "at_2007_last_all": null,
            "at_2008_last_all": null,
            "at_2009_last_all": null,
            "at_2010_last_all": null,
            "at_2011_last_all": -100,
            "at_2012_last_all": -100,
            "at_2013_last_all": -100,
            "at_2014_last_all": -100,
            "at_2015_last_all": -100,
            "at_2016_last_all": -100,
            "at_2017_last_all": -100,
            "at_2018_last_all": -100,
            "at_2019_last_all": -100,
            "at_2020_last_all": -100,
            "at_2021_last_all": -100,
            "at_2022_last_all": -100,
            "at_2023_last_all": -100,
            "at_2024_last_all": -100
        },
        "latest_eps": -0.38,
        "latest_price": 13.75,
        "latest_roe": -4.08,
        "latest_gross_margin": -1.08,
        "latest_equity": 704782,
        "latest_revenue": 18644,
        "latest_gross_profit": -201,
        "latest_net_income": -7363,
        "latest_debt_ratio": 0.96,
        "latest_current_ratio": 10335.8,
        "latest_account_receivable_turnover_ratio": null,
        "latest_inventory_turnover_ratio": null,
        "latest_reinvestment_rate": null,
        "latest_research_to_sale_ratio": null
    },
    "eps_dividends": {
        "2001": {
            "cash": 0,
            "stock": 0,
            "eps": 0
        },
        "2002": {
            "cash": 0,
            "stock": 0,
            "eps": 0
        },
        "2003": {
            "cash": 0,
            "stock": 0,
            "eps": 0
        },
        "2004": {
            "cash": 0,
            "stock": 0,
            "eps": 0
        },
        "2005": {
            "cash": 0,
            "stock": 0,
            "eps": 0
        },
        "2006": {
            "cash": 0,
            "stock": 0,
            "eps": 0
        },
        "2007": {
            "cash": 0,
            "stock": 0,
            "eps": 0
        },
        "2008": {
            "cash": 0,
            "stock": 0,
            "eps": 0
        },
        "2009": {
            "cash": 0,
            "stock": 0,
            "eps": -1.12
        },
        "2010": {
            "cash": 0,
            "stock": 0,
            "eps": 2.52
        },
        "2011": {
            "cash": 1,
            "stock": 0.12,
            "eps": -1.36
        },
        "2012": {
            "cash": 0,
            "stock": 0,
            "eps": -3.73
        },
        "2013": {
            "cash": 0,
            "stock": 0,
            "eps": -2.45
        },
        "2014": {
            "cash": 0,
            "stock": 0,
            "eps": -1.55
        },
        "2015": {
            "cash": 0,
            "stock": 0,
            "eps": -1.73
        },
        "2016": {
            "cash": 0,
            "stock": 0,
            "eps": -2.11
        },
        "2017": {
            "cash": 0,
            "stock": 0,
            "eps": -1.98
        },
        "2018": {
            "cash": 0,
            "stock": 0,
            "eps": -5.29
        },
        "2019": {
            "cash": 0,
            "stock": 0,
            "eps": -1.39
        },
        "2020": {
            "cash": 0,
            "stock": 0,
            "eps": -1.33
        },
        "2021": {
            "cash": 0,
            "stock": 0,
            "eps": -0.19
        },
        "2022": {
            "cash": 0,
            "stock": 0,
            "eps": -0.32
        },
        "2023": {
            "cash": 0,
            "stock": 0,
            "eps": -0.38
        }
    },
    "dividends": {
        "2011-04-29": {
            "cash": 1,
            "stock": 0.12
        }
    },
    "prices": {
        "200101": "無",
        "200102": "無",
        "200103": "無",
        "200104": "無",
        "200105": "無",
        "200106": "無",
        "200107": "無",
        "200108": "無",
        "200109": "無",
        "200110": "無",
        "200111": "無",
        "200112": "無",
        "200201": "無",
        "200202": "無",
        "200203": "無",
        "200204": "無",
        "200205": "無",
        "200206": "無",
        "200207": "無",
        "200208": "無",
        "200209": "無",
        "200210": "無",
        "200211": "無",
        "200212": "無",
        "200301": "無",
        "200302": "無",
        "200303": "無",
        "200304": "無",
        "200305": "無",
        "200306": "無",
        "200307": "無",
        "200308": "無",
        "200309": "無",
        "200310": "無",
        "200311": "無",
        "200312": "無",
        "200401": "無",
        "200402": "無",
        "200403": "無",
        "200404": "無",
        "200405": "無",
        "200406": "無",
        "200407": "無",
        "200408": "無",
        "200409": "無",
        "200410": "無",
        "200411": "無",
        "200412": "無",
        "200501": "無",
        "200502": "無",
        "200503": "無",
        "200504": "無",
        "200505": "無",
        "200506": "無",
        "200507": "無",
        "200508": "無",
        "200509": "無",
        "200510": "無",
        "200511": "無",
        "200512": "無",
        "200601": "無",
        "200602": "無",
        "200603": "無",
        "200604": "無",
        "200605": "無",
        "200606": "無",
        "200607": "無",
        "200608": "無",
        "200609": "無",
        "200610": "無",
        "200611": "無",
        "200612": "無",
        "200701": "無",
        "200702": "無",
        "200703": "無",
        "200704": "無",
        "200705": "無",
        "200706": "無",
        "200707": "無",
        "200708": "無",
        "200709": "無",
        "200710": "無",
        "200711": "無",
        "200712": "無",
        "200801": "無",
        "200802": "無",
        "200803": "無",
        "200804": "無",
        "200805": "無",
        "200806": "無",
        "200807": "無",
        "200808": "無",
        "200809": "無",
        "200810": "無",
        "200811": "無",
        "200812": "無",
        "200901": "無",
        "200902": "無",
        "200903": "無",
        "200904": "無",
        "200905": "無",
        "200906": "無",
        "200907": "無",
        "200908": "無",
        "200909": "無",
        "200910": "41.17",
        "200911": "43.28",
        "200912": "43.85",
        "201001": "42.03",
        "201002": "42.77",
        "201003": "48.70",
        "201004": "64.24",
        "201005": "65.02",
        "201006": "62.33",
        "201007": "57.02",
        "201008": "64.04",
        "201009": "62.79",
        "201010": "58.46",
        "201011": "49.54",
        "201012": "49.90",
        "201101": "54.64",
        "201102": "63.90",
        "201103": "62.41",
        "201104": "57.52",
        "201105": "47.90",
        "201106": "44.63",
        "201107": "40.28",
        "201108": "29.28",
        "201109": "21.37",
        "201110": "17.72",
        "201111": "13.35",
        "201112": "13.99",
        "201201": "15.80",
        "201202": "23.89",
        "201203": "23.33",
        "201204": "19.30",
        "201205": "19.62",
        "201206": "16.76",
        "201207": "13.96",
        "201208": "11.50",
        "201209": "14.10",
        "201210": "12.26",
        "201211": "11.45",
        "201212": "12.90",
        "201301": "15.33",
        "201302": "14.01",
        "201303": "14.15",
        "201304": "12.94",
        "201305": "13.68",
        "201306": "12.06",
        "201307": "11.60",
        "201308": "11.39",
        "201309": "12.86",
        "201310": "14.47",
        "201311": "14.87",
        "201312": "15.67",
        "201401": "16.77",
        "201402": "15.65",
        "201403": "16.08",
        "201404": "15.71",
        "201405": "15.31",
        "201406": "15.65",
        "201407": "14.80",
        "201408": "12.26",
        "201409": "12.15",
        "201410": "11.02",
        "201411": "9.89",
        "201412": "10.43",
        "201501": "10.78",
        "201502": "10.53",
        "201503": "10.90",
        "201504": "11.92",
        "201505": "10.74",
        "201506": "8.59",
        "201507": "8.48",
        "201508": "6.09",
        "201509": "6.29",
        "201510": "7.75",
        "201511": "8.07",
        "201512": "11.08",
        "201601": "9.94",
        "201602": "10.33",
        "201603": "9.85",
        "201604": "8.29",
        "201605": "7.92",
        "201606": "8.32",
        "201607": "8.33",
        "201608": "7.52",
        "201609": "7.22",
        "201610": "7.49",
        "201611": "6.84",
        "201612": "6.99",
        "201701": "7.17",
        "201702": "7.90",
        "201703": "7.34",
        "201704": "6.80",
        "201705": "6.61",
        "201706": "6.70",
        "201707": "6.49",
        "201708": "6.28",
        "201709": "7.28",
        "201710": "7.74",
        "201711": "7.38",
        "201712": "6.87",
        "201801": "7.06",
        "201802": "6.70",
        "201803": "6.48",
        "201804": "6.10",
        "201805": "6.23",
        "201806": "6.08",
        "201807": "5.08",
        "201808": "4.41",
        "201809": "4.01",
        "201810": "3.31",
        "201811": "3.24",
        "201812": "3.67",
        "201901": "3.47",
        "201902": "3.22",
        "201903": "2.19",
        "201904": "1.51",
        "201905": "1.47",
        "201906": "1.59",
        "201907": "1.59",
        "201908": "1.54",
        "201909": "1.52",
        "201910": "1.69",
        "201911": "2.84",
        "201912": "4.24",
        "202001": "4.18",
        "202002": "4.28",
        "202003": "3.56",
        "202004": "3.44",
        "202005": "3.91",
        "202006": "3.97",
        "202007": "5.42",
        "202008": "9.32",
        "202009": "15.13",
        "202010": "20.55",
        "202011": "19.50",
        "202012": "18.52",
        "202101": "16.92",
        "202102": "16.12",
        "202103": "17.70",
        "202104": "18.44",
        "202105": "15.52",
        "202106": "17.00",
        "202107": "19.49",
        "202108": "17.98",
        "202109": "16.44",
        "202110": "16.42",
        "202111": "16.05",
        "202112": "15.81",
        "202201": "14.84",
        "202202": "14.12",
        "202203": "16.55",
        "202204": "16.85",
        "202205": "13.48",
        "202206": "14.03",
        "202207": "12.64",
        "202208": "12.56",
        "202209": "12.40",
        "202210": "11.14",
        "202211": "11.91",
        "202212": "15.06",
        "202301": "15.52",
        "202302": "15.34",
        "202303": "15.30",
        "202304": "15.60",
        "202305": "15.21",
        "202306": "15.18",
        "202307": "14.44",
        "202308": "13.40",
        "202309": "13.30",
        "202310": "13.01",
        "202311": "13.55",
        "202312": "13.70"
    },
    "quarters": {
        "20011": {
            "year_quarter": 20011,
            "year": 2001,
            "quarter": 1,
            "eps": null,
            "eps_growth_year": null,
            "eps_4q": null,
            "eps_4q_growth_year": null,
            "roe": null,
            "roe_4q": 0,
            "gross_profit": null,
            "gross_margin": null,
            "gross_margin_4q_avg": 0,
            "net_income": null,
            "net_income_4q": null,
            "revenue": null,
            "revenue_4q": null,
            "common_shares": null,
            "book_valuer_per_share": null,
            "book_valuer_per_share_4q_avg": 0,
            "equity": null,
            "current_ratio": null,
            "debt_ratio": null,
            "inventory_turnover_ratio": null,
            "account_receivable_turnover_ratio": null,
            "reinvestment_rate": null,
            "research_to_sale_ratio": null,
            "price_fair": 0,
            "eps_avg_yearly": 0,
            "eps_latest_yearly": 0,
            "eps_growth_yearly": 0
        },
        "20012": {
            "year_quarter": 20012,
            "year": 2001,
            "quarter": 2,
            "eps": null,
            "eps_growth_year": null,
            "eps_4q": null,
            "eps_4q_growth_year": null,
            "roe": null,
            "roe_4q": 0,
            "gross_profit": null,
            "gross_margin": null,
            "gross_margin_4q_avg": 0,
            "net_income": null,
            "net_income_4q": null,
            "revenue": null,
            "revenue_4q": null,
            "common_shares": null,
            "book_valuer_per_share": null,
            "book_valuer_per_share_4q_avg": 0,
            "equity": null,
            "current_ratio": null,
            "debt_ratio": null,
            "inventory_turnover_ratio": null,
            "account_receivable_turnover_ratio": null,
            "reinvestment_rate": null,
            "research_to_sale_ratio": null,
            "price_fair": 0,
            "eps_avg_yearly": 0,
            "eps_latest_yearly": 0,
            "eps_growth_yearly": 0
        },
        "20013": {
            "year_quarter": 20013,
            "year": 2001,
            "quarter": 3,
            "eps": null,
            "eps_growth_year": null,
            "eps_4q": null,
            "eps_4q_growth_year": null,
            "roe": null,
            "roe_4q": 0,
            "gross_profit": null,
            "gross_margin": null,
            "gross_margin_4q_avg": 0,
            "net_income": null,
            "net_income_4q": null,
            "revenue": null,
            "revenue_4q": null,
            "common_shares": null,
            "book_valuer_per_share": null,
            "book_valuer_per_share_4q_avg": 0,
            "equity": null,
            "current_ratio": null,
            "debt_ratio": null,
            "inventory_turnover_ratio": null,
            "account_receivable_turnover_ratio": null,
            "reinvestment_rate": null,
            "research_to_sale_ratio": null,
            "price_fair": 0,
            "eps_avg_yearly": 0,
            "eps_latest_yearly": 0,
            "eps_growth_yearly": 0
        },
        "20014": {
            "year_quarter": 20014,
            "year": 2001,
            "quarter": 4,
            "eps": null,
            "eps_growth_year": null,
            "eps_4q": null,
            "eps_4q_growth_year": null,
            "roe": null,
            "roe_4q": 0,
            "gross_profit": null,
            "gross_margin": null,
            "gross_margin_4q_avg": 0,
            "net_income": null,
            "net_income_4q": null,
            "revenue": null,
            "revenue_4q": null,
            "common_shares": null,
            "book_valuer_per_share": null,
            "book_valuer_per_share_4q_avg": 0,
            "equity": null,
            "current_ratio": null,
            "debt_ratio": null,
            "inventory_turnover_ratio": null,
            "account_receivable_turnover_ratio": null,
            "reinvestment_rate": null,
            "research_to_sale_ratio": null,
            "price_fair": 0,
            "eps_avg_yearly": 0,
            "eps_latest_yearly": 0,
            "eps_growth_yearly": 0
        },
        "20021": {
            "year_quarter": 20021,
            "year": 2002,
            "quarter": 1,
            "eps": null,
            "eps_growth_year": null,
            "eps_4q": null,
            "eps_4q_growth_year": null,
            "roe": null,
            "roe_4q": 0,
            "gross_profit": null,
            "gross_margin": null,
            "gross_margin_4q_avg": 0,
            "net_income": null,
            "net_income_4q": null,
            "revenue": null,
            "revenue_4q": null,
            "common_shares": null,
            "book_valuer_per_share": null,
            "book_valuer_per_share_4q_avg": 0,
            "equity": null,
            "current_ratio": null,
            "debt_ratio": null,
            "inventory_turnover_ratio": null,
            "account_receivable_turnover_ratio": null,
            "reinvestment_rate": null,
            "research_to_sale_ratio": null,
            "price_fair": 0,
            "eps_avg_yearly": 0,
            "eps_latest_yearly": 0,
            "eps_growth_yearly": 0
        },
        "20022": {
            "year_quarter": 20022,
            "year": 2002,
            "quarter": 2,
            "eps": null,
            "eps_growth_year": null,
            "eps_4q": null,
            "eps_4q_growth_year": null,
            "roe": null,
            "roe_4q": 0,
            "gross_profit": null,
            "gross_margin": null,
            "gross_margin_4q_avg": 0,
            "net_income": null,
            "net_income_4q": null,
            "revenue": null,
            "revenue_4q": null,
            "common_shares": null,
            "book_valuer_per_share": null,
            "book_valuer_per_share_4q_avg": 0,
            "equity": null,
            "current_ratio": null,
            "debt_ratio": null,
            "inventory_turnover_ratio": null,
            "account_receivable_turnover_ratio": null,
            "reinvestment_rate": null,
            "research_to_sale_ratio": null,
            "price_fair": 0,
            "eps_avg_yearly": 0,
            "eps_latest_yearly": 0,
            "eps_growth_yearly": 0
        },
        "20023": {
            "year_quarter": 20023,
            "year": 2002,
            "quarter": 3,
            "eps": null,
            "eps_growth_year": null,
            "eps_4q": null,
            "eps_4q_growth_year": null,
            "roe": null,
            "roe_4q": 0,
            "gross_profit": null,
            "gross_margin": null,
            "gross_margin_4q_avg": 0,
            "net_income": null,
            "net_income_4q": null,
            "revenue": null,
            "revenue_4q": null,
            "common_shares": null,
            "book_valuer_per_share": null,
            "book_valuer_per_share_4q_avg": 0,
            "equity": null,
            "current_ratio": null,
            "debt_ratio": null,
            "inventory_turnover_ratio": null,
            "account_receivable_turnover_ratio": null,
            "reinvestment_rate": null,
            "research_to_sale_ratio": null,
            "price_fair": 0,
            "eps_avg_yearly": 0,
            "eps_latest_yearly": 0,
            "eps_growth_yearly": 0
        },
        "20024": {
            "year_quarter": 20024,
            "year": 2002,
            "quarter": 4,
            "eps": null,
            "eps_growth_year": null,
            "eps_4q": null,
            "eps_4q_growth_year": null,
            "roe": null,
            "roe_4q": 0,
            "gross_profit": null,
            "gross_margin": null,
            "gross_margin_4q_avg": 0,
            "net_income": null,
            "net_income_4q": null,
            "revenue": null,
            "revenue_4q": null,
            "common_shares": null,
            "book_valuer_per_share": null,
            "book_valuer_per_share_4q_avg": 0,
            "equity": null,
            "current_ratio": null,
            "debt_ratio": null,
            "inventory_turnover_ratio": null,
            "account_receivable_turnover_ratio": null,
            "reinvestment_rate": null,
            "research_to_sale_ratio": null,
            "price_fair": 0,
            "eps_avg_yearly": 0,
            "eps_latest_yearly": 0,
            "eps_growth_yearly": 0
        },
        "20031": {
            "year_quarter": 20031,
            "year": 2003,
            "quarter": 1,
            "eps": null,
            "eps_growth_year": null,
            "eps_4q": null,
            "eps_4q_growth_year": null,
            "roe": null,
            "roe_4q": 0,
            "gross_profit": null,
            "gross_margin": null,
            "gross_margin_4q_avg": 0,
            "net_income": null,
            "net_income_4q": null,
            "revenue": null,
            "revenue_4q": null,
            "common_shares": null,
            "book_valuer_per_share": null,
            "book_valuer_per_share_4q_avg": 0,
            "equity": null,
            "current_ratio": null,
            "debt_ratio": null,
            "inventory_turnover_ratio": null,
            "account_receivable_turnover_ratio": null,
            "reinvestment_rate": null,
            "research_to_sale_ratio": null,
            "price_fair": 0,
            "eps_avg_yearly": 0,
            "eps_latest_yearly": 0,
            "eps_growth_yearly": 0
        },
        "20032": {
            "year_quarter": 20032,
            "year": 2003,
            "quarter": 2,
            "eps": null,
            "eps_growth_year": null,
            "eps_4q": null,
            "eps_4q_growth_year": null,
            "roe": null,
            "roe_4q": 0,
            "gross_profit": null,
            "gross_margin": null,
            "gross_margin_4q_avg": 0,
            "net_income": null,
            "net_income_4q": null,
            "revenue": null,
            "revenue_4q": null,
            "common_shares": null,
            "book_valuer_per_share": null,
            "book_valuer_per_share_4q_avg": 0,
            "equity": null,
            "current_ratio": null,
            "debt_ratio": null,
            "inventory_turnover_ratio": null,
            "account_receivable_turnover_ratio": null,
            "reinvestment_rate": null,
            "research_to_sale_ratio": null,
            "price_fair": 0,
            "eps_avg_yearly": 0,
            "eps_latest_yearly": 0,
            "eps_growth_yearly": 0
        },
        "20033": {
            "year_quarter": 20033,
            "year": 2003,
            "quarter": 3,
            "eps": null,
            "eps_growth_year": null,
            "eps_4q": null,
            "eps_4q_growth_year": null,
            "roe": null,
            "roe_4q": 0,
            "gross_profit": null,
            "gross_margin": null,
            "gross_margin_4q_avg": 0,
            "net_income": null,
            "net_income_4q": null,
            "revenue": null,
            "revenue_4q": null,
            "common_shares": null,
            "book_valuer_per_share": null,
            "book_valuer_per_share_4q_avg": 0,
            "equity": null,
            "current_ratio": null,
            "debt_ratio": null,
            "inventory_turnover_ratio": null,
            "account_receivable_turnover_ratio": null,
            "reinvestment_rate": null,
            "research_to_sale_ratio": null,
            "price_fair": 0,
            "eps_avg_yearly": 0,
            "eps_latest_yearly": 0,
            "eps_growth_yearly": 0
        },
        "20034": {
            "year_quarter": 20034,
            "year": 2003,
            "quarter": 4,
            "eps": null,
            "eps_growth_year": null,
            "eps_4q": null,
            "eps_4q_growth_year": null,
            "roe": null,
            "roe_4q": 0,
            "gross_profit": null,
            "gross_margin": null,
            "gross_margin_4q_avg": 0,
            "net_income": null,
            "net_income_4q": null,
            "revenue": null,
            "revenue_4q": null,
            "common_shares": null,
            "book_valuer_per_share": null,
            "book_valuer_per_share_4q_avg": 0,
            "equity": null,
            "current_ratio": null,
            "debt_ratio": null,
            "inventory_turnover_ratio": null,
            "account_receivable_turnover_ratio": null,
            "reinvestment_rate": null,
            "research_to_sale_ratio": null,
            "price_fair": 0,
            "eps_avg_yearly": 0,
            "eps_latest_yearly": 0,
            "eps_growth_yearly": 0
        },
        "20041": {
            "year_quarter": 20041,
            "year": 2004,
            "quarter": 1,
            "eps": null,
            "eps_growth_year": null,
            "eps_4q": null,
            "eps_4q_growth_year": null,
            "roe": null,
            "roe_4q": 0,
            "gross_profit": null,
            "gross_margin": null,
            "gross_margin_4q_avg": 0,
            "net_income": null,
            "net_income_4q": null,
            "revenue": null,
            "revenue_4q": null,
            "common_shares": null,
            "book_valuer_per_share": null,
            "book_valuer_per_share_4q_avg": 0,
            "equity": null,
            "current_ratio": null,
            "debt_ratio": null,
            "inventory_turnover_ratio": null,
            "account_receivable_turnover_ratio": null,
            "reinvestment_rate": null,
            "research_to_sale_ratio": null,
            "price_fair": 0,
            "eps_avg_yearly": 0,
            "eps_latest_yearly": 0,
            "eps_growth_yearly": 0
        },
        "20042": {
            "year_quarter": 20042,
            "year": 2004,
            "quarter": 2,
            "eps": null,
            "eps_growth_year": null,
            "eps_4q": null,
            "eps_4q_growth_year": null,
            "roe": null,
            "roe_4q": 0,
            "gross_profit": null,
            "gross_margin": null,
            "gross_margin_4q_avg": 0,
            "net_income": null,
            "net_income_4q": null,
            "revenue": null,
            "revenue_4q": null,
            "common_shares": null,
            "book_valuer_per_share": null,
            "book_valuer_per_share_4q_avg": 0,
            "equity": null,
            "current_ratio": null,
            "debt_ratio": null,
            "inventory_turnover_ratio": null,
            "account_receivable_turnover_ratio": null,
            "reinvestment_rate": null,
            "research_to_sale_ratio": null,
            "price_fair": 0,
            "eps_avg_yearly": 0,
            "eps_latest_yearly": 0,
            "eps_growth_yearly": 0
        },
        "20043": {
            "year_quarter": 20043,
            "year": 2004,
            "quarter": 3,
            "eps": null,
            "eps_growth_year": null,
            "eps_4q": null,
            "eps_4q_growth_year": null,
            "roe": null,
            "roe_4q": 0,
            "gross_profit": null,
            "gross_margin": null,
            "gross_margin_4q_avg": 0,
            "net_income": null,
            "net_income_4q": null,
            "revenue": null,
            "revenue_4q": null,
            "common_shares": null,
            "book_valuer_per_share": null,
            "book_valuer_per_share_4q_avg": 0,
            "equity": null,
            "current_ratio": null,
            "debt_ratio": null,
            "inventory_turnover_ratio": null,
            "account_receivable_turnover_ratio": null,
            "reinvestment_rate": null,
            "research_to_sale_ratio": null,
            "price_fair": 0,
            "eps_avg_yearly": 0,
            "eps_latest_yearly": 0,
            "eps_growth_yearly": 0
        },
        "20044": {
            "year_quarter": 20044,
            "year": 2004,
            "quarter": 4,
            "eps": null,
            "eps_growth_year": null,
            "eps_4q": null,
            "eps_4q_growth_year": null,
            "roe": null,
            "roe_4q": 0,
            "gross_profit": null,
            "gross_margin": null,
            "gross_margin_4q_avg": 0,
            "net_income": null,
            "net_income_4q": null,
            "revenue": null,
            "revenue_4q": null,
            "common_shares": null,
            "book_valuer_per_share": null,
            "book_valuer_per_share_4q_avg": 0,
            "equity": null,
            "current_ratio": null,
            "debt_ratio": null,
            "inventory_turnover_ratio": null,
            "account_receivable_turnover_ratio": null,
            "reinvestment_rate": null,
            "research_to_sale_ratio": null,
            "price_fair": 0,
            "eps_avg_yearly": 0,
            "eps_latest_yearly": 0,
            "eps_growth_yearly": 0
        },
        "20051": {
            "year_quarter": 20051,
            "year": 2005,
            "quarter": 1,
            "eps": null,
            "eps_growth_year": null,
            "eps_4q": null,
            "eps_4q_growth_year": null,
            "roe": null,
            "roe_4q": 0,
            "gross_profit": null,
            "gross_margin": null,
            "gross_margin_4q_avg": 0,
            "net_income": null,
            "net_income_4q": null,
            "revenue": null,
            "revenue_4q": null,
            "common_shares": null,
            "book_valuer_per_share": null,
            "book_valuer_per_share_4q_avg": 0,
            "equity": null,
            "current_ratio": null,
            "debt_ratio": null,
            "inventory_turnover_ratio": null,
            "account_receivable_turnover_ratio": null,
            "reinvestment_rate": null,
            "research_to_sale_ratio": null,
            "price_fair": 0,
            "eps_avg_yearly": 0,
            "eps_latest_yearly": 0,
            "eps_growth_yearly": 0
        },
        "20052": {
            "year_quarter": 20052,
            "year": 2005,
            "quarter": 2,
            "eps": null,
            "eps_growth_year": null,
            "eps_4q": null,
            "eps_4q_growth_year": null,
            "roe": null,
            "roe_4q": 0,
            "gross_profit": null,
            "gross_margin": null,
            "gross_margin_4q_avg": 0,
            "net_income": null,
            "net_income_4q": null,
            "revenue": null,
            "revenue_4q": null,
            "common_shares": null,
            "book_valuer_per_share": null,
            "book_valuer_per_share_4q_avg": 0,
            "equity": null,
            "current_ratio": null,
            "debt_ratio": null,
            "inventory_turnover_ratio": null,
            "account_receivable_turnover_ratio": null,
            "reinvestment_rate": null,
            "research_to_sale_ratio": null,
            "price_fair": 0,
            "eps_avg_yearly": 0,
            "eps_latest_yearly": 0,
            "eps_growth_yearly": 0
        },
        "20053": {
            "year_quarter": 20053,
            "year": 2005,
            "quarter": 3,
            "eps": null,
            "eps_growth_year": null,
            "eps_4q": null,
            "eps_4q_growth_year": null,
            "roe": null,
            "roe_4q": 0,
            "gross_profit": null,
            "gross_margin": null,
            "gross_margin_4q_avg": 0,
            "net_income": null,
            "net_income_4q": null,
            "revenue": null,
            "revenue_4q": null,
            "common_shares": null,
            "book_valuer_per_share": null,
            "book_valuer_per_share_4q_avg": 0,
            "equity": null,
            "current_ratio": null,
            "debt_ratio": null,
            "inventory_turnover_ratio": null,
            "account_receivable_turnover_ratio": null,
            "reinvestment_rate": null,
            "research_to_sale_ratio": null,
            "price_fair": 0,
            "eps_avg_yearly": 0,
            "eps_latest_yearly": 0,
            "eps_growth_yearly": 0
        },
        "20054": {
            "year_quarter": 20054,
            "year": 2005,
            "quarter": 4,
            "eps": null,
            "eps_growth_year": null,
            "eps_4q": null,
            "eps_4q_growth_year": null,
            "roe": null,
            "roe_4q": 0,
            "gross_profit": null,
            "gross_margin": null,
            "gross_margin_4q_avg": 0,
            "net_income": null,
            "net_income_4q": null,
            "revenue": null,
            "revenue_4q": null,
            "common_shares": null,
            "book_valuer_per_share": null,
            "book_valuer_per_share_4q_avg": 0,
            "equity": null,
            "current_ratio": null,
            "debt_ratio": null,
            "inventory_turnover_ratio": null,
            "account_receivable_turnover_ratio": null,
            "reinvestment_rate": null,
            "research_to_sale_ratio": null,
            "price_fair": 0,
            "eps_avg_yearly": 0,
            "eps_latest_yearly": 0,
            "eps_growth_yearly": 0
        },
        "20061": {
            "year_quarter": 20061,
            "year": 2006,
            "quarter": 1,
            "eps": null,
            "eps_growth_year": null,
            "eps_4q": null,
            "eps_4q_growth_year": null,
            "roe": null,
            "roe_4q": 0,
            "gross_profit": null,
            "gross_margin": null,
            "gross_margin_4q_avg": 0,
            "net_income": null,
            "net_income_4q": null,
            "revenue": null,
            "revenue_4q": null,
            "common_shares": null,
            "book_valuer_per_share": null,
            "book_valuer_per_share_4q_avg": 0,
            "equity": null,
            "current_ratio": null,
            "debt_ratio": null,
            "inventory_turnover_ratio": null,
            "account_receivable_turnover_ratio": null,
            "reinvestment_rate": null,
            "research_to_sale_ratio": null,
            "price_fair": 0,
            "eps_avg_yearly": 0,
            "eps_latest_yearly": 0,
            "eps_growth_yearly": 0
        },
        "20062": {
            "year_quarter": 20062,
            "year": 2006,
            "quarter": 2,
            "eps": null,
            "eps_growth_year": null,
            "eps_4q": null,
            "eps_4q_growth_year": null,
            "roe": null,
            "roe_4q": 0,
            "gross_profit": null,
            "gross_margin": null,
            "gross_margin_4q_avg": 0,
            "net_income": null,
            "net_income_4q": null,
            "revenue": null,
            "revenue_4q": null,
            "common_shares": null,
            "book_valuer_per_share": null,
            "book_valuer_per_share_4q_avg": 0,
            "equity": null,
            "current_ratio": null,
            "debt_ratio": null,
            "inventory_turnover_ratio": null,
            "account_receivable_turnover_ratio": null,
            "reinvestment_rate": null,
            "research_to_sale_ratio": null,
            "price_fair": 0,
            "eps_avg_yearly": 0,
            "eps_latest_yearly": 0,
            "eps_growth_yearly": 0
        },
        "20063": {
            "year_quarter": 20063,
            "year": 2006,
            "quarter": 3,
            "eps": null,
            "eps_growth_year": null,
            "eps_4q": null,
            "eps_4q_growth_year": null,
            "roe": null,
            "roe_4q": 0,
            "gross_profit": null,
            "gross_margin": null,
            "gross_margin_4q_avg": 0,
            "net_income": null,
            "net_income_4q": null,
            "revenue": null,
            "revenue_4q": null,
            "common_shares": null,
            "book_valuer_per_share": null,
            "book_valuer_per_share_4q_avg": 0,
            "equity": null,
            "current_ratio": null,
            "debt_ratio": null,
            "inventory_turnover_ratio": null,
            "account_receivable_turnover_ratio": null,
            "reinvestment_rate": null,
            "research_to_sale_ratio": null,
            "price_fair": 0,
            "eps_avg_yearly": 0,
            "eps_latest_yearly": 0,
            "eps_growth_yearly": 0
        },
        "20064": {
            "year_quarter": 20064,
            "year": 2006,
            "quarter": 4,
            "eps": null,
            "eps_growth_year": null,
            "eps_4q": null,
            "eps_4q_growth_year": null,
            "roe": null,
            "roe_4q": 0,
            "gross_profit": null,
            "gross_margin": null,
            "gross_margin_4q_avg": 0,
            "net_income": null,
            "net_income_4q": null,
            "revenue": null,
            "revenue_4q": null,
            "common_shares": null,
            "book_valuer_per_share": null,
            "book_valuer_per_share_4q_avg": 0,
            "equity": null,
            "current_ratio": null,
            "debt_ratio": null,
            "inventory_turnover_ratio": null,
            "account_receivable_turnover_ratio": null,
            "reinvestment_rate": null,
            "research_to_sale_ratio": null,
            "price_fair": 0,
            "eps_avg_yearly": 0,
            "eps_latest_yearly": 0,
            "eps_growth_yearly": 0
        },
        "20071": {
            "year_quarter": 20071,
            "year": 2007,
            "quarter": 1,
            "eps": null,
            "eps_growth_year": null,
            "eps_4q": null,
            "eps_4q_growth_year": null,
            "roe": null,
            "roe_4q": 0,
            "gross_profit": null,
            "gross_margin": null,
            "gross_margin_4q_avg": 0,
            "net_income": null,
            "net_income_4q": null,
            "revenue": null,
            "revenue_4q": null,
            "common_shares": null,
            "book_valuer_per_share": null,
            "book_valuer_per_share_4q_avg": 0,
            "equity": null,
            "current_ratio": null,
            "debt_ratio": null,
            "inventory_turnover_ratio": null,
            "account_receivable_turnover_ratio": null,
            "reinvestment_rate": null,
            "research_to_sale_ratio": null,
            "price_fair": 0,
            "eps_avg_yearly": 0,
            "eps_latest_yearly": 0,
            "eps_growth_yearly": 0
        },
        "20072": {
            "year_quarter": 20072,
            "year": 2007,
            "quarter": 2,
            "eps": null,
            "eps_growth_year": null,
            "eps_4q": null,
            "eps_4q_growth_year": null,
            "roe": null,
            "roe_4q": 0,
            "gross_profit": null,
            "gross_margin": null,
            "gross_margin_4q_avg": 0,
            "net_income": null,
            "net_income_4q": null,
            "revenue": null,
            "revenue_4q": null,
            "common_shares": null,
            "book_valuer_per_share": null,
            "book_valuer_per_share_4q_avg": 0,
            "equity": null,
            "current_ratio": null,
            "debt_ratio": null,
            "inventory_turnover_ratio": null,
            "account_receivable_turnover_ratio": null,
            "reinvestment_rate": null,
            "research_to_sale_ratio": null,
            "price_fair": 0,
            "eps_avg_yearly": 0,
            "eps_latest_yearly": 0,
            "eps_growth_yearly": 0
        },
        "20073": {
            "year_quarter": 20073,
            "year": 2007,
            "quarter": 3,
            "eps": null,
            "eps_growth_year": null,
            "eps_4q": null,
            "eps_4q_growth_year": null,
            "roe": null,
            "roe_4q": 0,
            "gross_profit": null,
            "gross_margin": null,
            "gross_margin_4q_avg": 0,
            "net_income": null,
            "net_income_4q": null,
            "revenue": null,
            "revenue_4q": null,
            "common_shares": null,
            "book_valuer_per_share": null,
            "book_valuer_per_share_4q_avg": 0,
            "equity": null,
            "current_ratio": null,
            "debt_ratio": null,
            "inventory_turnover_ratio": null,
            "account_receivable_turnover_ratio": null,
            "reinvestment_rate": null,
            "research_to_sale_ratio": null,
            "price_fair": 0,
            "eps_avg_yearly": 0,
            "eps_latest_yearly": 0,
            "eps_growth_yearly": 0
        },
        "20074": {
            "year_quarter": 20074,
            "year": 2007,
            "quarter": 4,
            "eps": null,
            "eps_growth_year": null,
            "eps_4q": null,
            "eps_4q_growth_year": null,
            "roe": null,
            "roe_4q": 0,
            "gross_profit": null,
            "gross_margin": null,
            "gross_margin_4q_avg": 0,
            "net_income": null,
            "net_income_4q": null,
            "revenue": null,
            "revenue_4q": null,
            "common_shares": 315000,
            "book_valuer_per_share": 9.95,
            "book_valuer_per_share_4q_avg": 2.49,
            "equity": 313323,
            "current_ratio": 21196.7,
            "debt_ratio": 0.47,
            "inventory_turnover_ratio": null,
            "account_receivable_turnover_ratio": null,
            "reinvestment_rate": null,
            "research_to_sale_ratio": null,
            "price_fair": 0,
            "eps_avg_yearly": 0,
            "eps_latest_yearly": 0,
            "eps_growth_yearly": 0
        },
        "20081": {
            "year_quarter": 20081,
            "year": 2008,
            "quarter": 1,
            "eps": null,
            "eps_growth_year": null,
            "eps_4q": null,
            "eps_4q_growth_year": null,
            "roe": null,
            "roe_4q": 0,
            "gross_profit": null,
            "gross_margin": null,
            "gross_margin_4q_avg": 0,
            "net_income": null,
            "net_income_4q": null,
            "revenue": null,
            "revenue_4q": null,
            "common_shares": null,
            "book_valuer_per_share": null,
            "book_valuer_per_share_4q_avg": 2.49,
            "equity": null,
            "current_ratio": null,
            "debt_ratio": null,
            "inventory_turnover_ratio": null,
            "account_receivable_turnover_ratio": null,
            "reinvestment_rate": null,
            "research_to_sale_ratio": null,
            "price_fair": 0,
            "eps_avg_yearly": 0,
            "eps_latest_yearly": 0,
            "eps_growth_yearly": 0
        },
        "20082": {
            "year_quarter": 20082,
            "year": 2008,
            "quarter": 2,
            "eps": null,
            "eps_growth_year": null,
            "eps_4q": null,
            "eps_4q_growth_year": null,
            "roe": null,
            "roe_4q": 0,
            "gross_profit": null,
            "gross_margin": null,
            "gross_margin_4q_avg": 0,
            "net_income": null,
            "net_income_4q": null,
            "revenue": null,
            "revenue_4q": null,
            "common_shares": null,
            "book_valuer_per_share": null,
            "book_valuer_per_share_4q_avg": 2.49,
            "equity": null,
            "current_ratio": null,
            "debt_ratio": null,
            "inventory_turnover_ratio": null,
            "account_receivable_turnover_ratio": null,
            "reinvestment_rate": null,
            "research_to_sale_ratio": null,
            "price_fair": 0,
            "eps_avg_yearly": 0,
            "eps_latest_yearly": 0,
            "eps_growth_yearly": 0
        },
        "20083": {
            "year_quarter": 20083,
            "year": 2008,
            "quarter": 3,
            "eps": null,
            "eps_growth_year": null,
            "eps_4q": null,
            "eps_4q_growth_year": null,
            "roe": null,
            "roe_4q": 0,
            "gross_profit": null,
            "gross_margin": null,
            "gross_margin_4q_avg": 0,
            "net_income": null,
            "net_income_4q": null,
            "revenue": null,
            "revenue_4q": null,
            "common_shares": null,
            "book_valuer_per_share": null,
            "book_valuer_per_share_4q_avg": 2.49,
            "equity": null,
            "current_ratio": null,
            "debt_ratio": null,
            "inventory_turnover_ratio": null,
            "account_receivable_turnover_ratio": null,
            "reinvestment_rate": null,
            "research_to_sale_ratio": null,
            "price_fair": 0,
            "eps_avg_yearly": 0,
            "eps_latest_yearly": 0,
            "eps_growth_yearly": 0
        },
        "20084": {
            "year_quarter": 20084,
            "year": 2008,
            "quarter": 4,
            "eps": null,
            "eps_growth_year": null,
            "eps_4q": null,
            "eps_4q_growth_year": null,
            "roe": null,
            "roe_4q": 0,
            "gross_profit": null,
            "gross_margin": null,
            "gross_margin_4q_avg": 0,
            "net_income": null,
            "net_income_4q": null,
            "revenue": null,
            "revenue_4q": null,
            "common_shares": 910000,
            "book_valuer_per_share": 10.21,
            "book_valuer_per_share_4q_avg": 2.55,
            "equity": 929289,
            "current_ratio": 81.27,
            "debt_ratio": 46.13,
            "inventory_turnover_ratio": null,
            "account_receivable_turnover_ratio": null,
            "reinvestment_rate": null,
            "research_to_sale_ratio": null,
            "price_fair": 0,
            "eps_avg_yearly": 0,
            "eps_latest_yearly": 0,
            "eps_growth_yearly": 0
        },
        "20091": {
            "year_quarter": 20091,
            "year": 2009,
            "quarter": 1,
            "eps": -0.28,
            "eps_growth_year": null,
            "eps_4q": null,
            "eps_4q_growth_year": null,
            "roe": -2.81,
            "roe_4q": -2.81,
            "gross_profit": -9804,
            "gross_margin": -3.82,
            "gross_margin_4q_avg": -0.96,
            "net_income": -25906,
            "net_income_4q": null,
            "revenue": 256863,
            "revenue_4q": null,
            "common_shares": 910000,
            "book_valuer_per_share": 10.07,
            "book_valuer_per_share_4q_avg": 5.07,
            "equity": 916786,
            "current_ratio": 77.19,
            "debt_ratio": 43.33,
            "inventory_turnover_ratio": 1.41,
            "account_receivable_turnover_ratio": null,
            "reinvestment_rate": null,
            "research_to_sale_ratio": null,
            "price_fair": 0,
            "eps_avg_yearly": 0,
            "eps_latest_yearly": 0,
            "eps_growth_yearly": 0
        },
        "20092": {
            "year_quarter": 20092,
            "year": 2009,
            "quarter": 2,
            "eps": -1.06,
            "eps_growth_year": null,
            "eps_4q": null,
            "eps_4q_growth_year": null,
            "roe": -9.76,
            "roe_4q": -12.57,
            "gross_profit": -73542,
            "gross_margin": -30.66,
            "gross_margin_4q_avg": -8.62,
            "net_income": -96602,
            "net_income_4q": null,
            "revenue": 239835,
            "revenue_4q": null,
            "common_shares": 910000,
            "book_valuer_per_share": 11.67,
            "book_valuer_per_share_4q_avg": 7.99,
            "equity": 1062104,
            "current_ratio": 92.48,
            "debt_ratio": 41.16,
            "inventory_turnover_ratio": 1.97,
            "account_receivable_turnover_ratio": 7.36,
            "reinvestment_rate": null,
            "research_to_sale_ratio": null,
            "price_fair": 0,
            "eps_avg_yearly": 0,
            "eps_latest_yearly": 0,
            "eps_growth_yearly": 0
        },
        "20093": {
            "year_quarter": 20093,
            "year": 2009,
            "quarter": 3,
            "eps": 0.05,
            "eps_growth_year": null,
            "eps_4q": null,
            "eps_4q_growth_year": null,
            "roe": 0.41,
            "roe_4q": -12.16,
            "gross_profit": 39257,
            "gross_margin": 11.28,
            "gross_margin_4q_avg": -5.8,
            "net_income": 4702,
            "net_income_4q": null,
            "revenue": 347923,
            "revenue_4q": null,
            "common_shares": 1260000,
            "book_valuer_per_share": 9.75,
            "book_valuer_per_share_4q_avg": 10.43,
            "equity": 1229080,
            "current_ratio": 98.37,
            "debt_ratio": 34.19,
            "inventory_turnover_ratio": 2.26,
            "account_receivable_turnover_ratio": 4.66,
            "reinvestment_rate": null,
            "research_to_sale_ratio": null,
            "price_fair": 0,
            "eps_avg_yearly": 0,
            "eps_latest_yearly": 0,
            "eps_growth_yearly": 0
        },
        "20094": {
            "year_quarter": 20094,
            "year": 2009,
            "quarter": 4,
            "eps": 0.17,
            "eps_growth_year": null,
            "eps_4q": -0.95,
            "eps_4q_growth_year": null,
            "roe": 1.37,
            "roe_4q": -10.79,
            "gross_profit": 32211,
            "gross_margin": 7.45,
            "gross_margin_4q_avg": -3.94,
            "net_income": 17934,
            "net_income_4q": null,
            "revenue": 432149,
            "revenue_4q": null,
            "common_shares": 1260000,
            "book_valuer_per_share": 11.02,
            "book_valuer_per_share_4q_avg": 10.63,
            "equity": 1388786,
            "current_ratio": 219.68,
            "debt_ratio": 31.19,
            "inventory_turnover_ratio": 2.94,
            "account_receivable_turnover_ratio": 5.72,
            "reinvestment_rate": null,
            "research_to_sale_ratio": null,
            "price_fair": 23.8,
            "eps_avg_yearly": 0.68,
            "eps_latest_yearly": 0.68,
            "eps_growth_yearly": 960
        },
        "20101": {
            "year_quarter": 20101,
            "year": 2010,
            "quarter": 1,
            "eps": null,
            "eps_growth_year": null,
            "eps_4q": null,
            "eps_4q_growth_year": null,
            "roe": null,
            "roe_4q": -7.9799999999999995,
            "gross_profit": 141843,
            "gross_margin": null,
            "gross_margin_4q_avg": -2.98,
            "net_income": 77818,
            "net_income_4q": null,
            "revenue": 610277,
            "revenue_4q": null,
            "common_shares": 1410000,
            "book_valuer_per_share": 12.86,
            "book_valuer_per_share_4q_avg": 11.33,
            "equity": 1813947,
            "current_ratio": 185.93,
            "debt_ratio": 31.91,
            "inventory_turnover_ratio": null,
            "account_receivable_turnover_ratio": null,
            "reinvestment_rate": null,
            "research_to_sale_ratio": null,
            "price_fair": 23.8,
            "eps_avg_yearly": 0.68,
            "eps_latest_yearly": 0.68,
            "eps_growth_yearly": 960
        },
        "20102": {
            "year_quarter": 20102,
            "year": 2010,
            "quarter": 2,
            "eps": 0.84,
            "eps_growth_year": null,
            "eps_4q": 0.99,
            "eps_4q_growth_year": null,
            "roe": 6.48,
            "roe_4q": 8.26,
            "gross_profit": 158406,
            "gross_margin": 21.5,
            "gross_margin_4q_avg": 10.06,
            "net_income": 124096,
            "net_income_4q": null,
            "revenue": 736844,
            "revenue_4q": null,
            "common_shares": 1476582,
            "book_valuer_per_share": 13.67,
            "book_valuer_per_share_4q_avg": 11.83,
            "equity": 2018880,
            "current_ratio": 167.93,
            "debt_ratio": 40.73,
            "inventory_turnover_ratio": 3.28,
            "account_receivable_turnover_ratio": 7.5,
            "reinvestment_rate": null,
            "research_to_sale_ratio": null,
            "price_fair": 23.8,
            "eps_avg_yearly": 0.68,
            "eps_latest_yearly": 0.68,
            "eps_growth_yearly": 960
        },
        "20103": {
            "year_quarter": 20103,
            "year": 2010,
            "quarter": 3,
            "eps": 0.78,
            "eps_growth_year": 1460.52,
            "eps_4q": 1.64,
            "eps_4q_growth_year": null,
            "roe": 5.13,
            "roe_4q": 12.98,
            "gross_profit": 218835,
            "gross_margin": 23.55,
            "gross_margin_4q_avg": 13.13,
            "net_income": 128320,
            "net_income_4q": null,
            "revenue": 929227,
            "revenue_4q": null,
            "common_shares": 1644582,
            "book_valuer_per_share": 18.16,
            "book_valuer_per_share_4q_avg": 13.93,
            "equity": 2987200,
            "current_ratio": 171.77,
            "debt_ratio": 35.03,
            "inventory_turnover_ratio": 2.97,
            "account_receivable_turnover_ratio": 4.58,
            "reinvestment_rate": null,
            "research_to_sale_ratio": 1.72,
            "price_fair": 66.5,
            "eps_avg_yearly": 1.9,
            "eps_latest_yearly": 3.12,
            "eps_growth_yearly": 465.71
        },
        "20104": {
            "year_quarter": 20104,
            "year": 2010,
            "quarter": 4,
            "eps": 0.9,
            "eps_growth_year": 431.81,
            "eps_4q": 2.44,
            "eps_4q_growth_year": null,
            "roe": 4.86,
            "roe_4q": 16.47,
            "gross_profit": 243384,
            "gross_margin": 18.3,
            "gross_margin_4q_avg": 15.84,
            "net_income": 148682,
            "net_income_4q": null,
            "revenue": 1330174,
            "revenue_4q": null,
            "common_shares": 1644582,
            "book_valuer_per_share": 19.07,
            "book_valuer_per_share_4q_avg": 15.94,
            "equity": 3135882,
            "current_ratio": 155.55,
            "debt_ratio": 42.67,
            "inventory_turnover_ratio": 3.6,
            "account_receivable_turnover_ratio": 6.04,
            "reinvestment_rate": null,
            "research_to_sale_ratio": 0.62,
            "price_fair": 86.33,
            "eps_avg_yearly": 2.47,
            "eps_latest_yearly": 3.6,
            "eps_growth_yearly": 330.99
        },
        "20111": {
            "year_quarter": 20111,
            "year": 2011,
            "quarter": 1,
            "eps": 1.47,
            "eps_growth_year": null,
            "eps_4q": 3.24,
            "eps_4q_growth_year": null,
            "roe": 5.77,
            "roe_4q": 22.24,
            "gross_profit": 352744,
            "gross_margin": 22.55,
            "gross_margin_4q_avg": 21.48,
            "net_income": 250784,
            "net_income_4q": null,
            "revenue": 1564263,
            "revenue_4q": null,
            "common_shares": 2012582,
            "book_valuer_per_share": 27.63,
            "book_valuer_per_share_4q_avg": 19.63,
            "equity": 5560819,
            "current_ratio": 231.45,
            "debt_ratio": 32.93,
            "inventory_turnover_ratio": 3.37,
            "account_receivable_turnover_ratio": 5.28,
            "reinvestment_rate": null,
            "research_to_sale_ratio": 0.61,
            "price_fair": 116.2,
            "eps_avg_yearly": 3.32,
            "eps_latest_yearly": 5.88,
            "eps_growth_yearly": 311.58
        },
        "20112": {
            "year_quarter": 20112,
            "year": 2011,
            "quarter": 2,
            "eps": -0.8,
            "eps_growth_year": -195.59,
            "eps_4q": 1.79,
            "eps_4q_growth_year": 79.93,
            "roe": -3.04,
            "roe_4q": 12.719999999999999,
            "gross_profit": -142174,
            "gross_margin": -12.33,
            "gross_margin_4q_avg": 13.02,
            "net_income": -163618,
            "net_income_4q": null,
            "revenue": 1153271,
            "revenue_4q": null,
            "common_shares": 2012582,
            "book_valuer_per_share": 25.82,
            "book_valuer_per_share_4q_avg": 22.67,
            "equity": 5195943,
            "current_ratio": 255.3,
            "debt_ratio": 43.35,
            "inventory_turnover_ratio": 2.99,
            "account_receivable_turnover_ratio": 2.93,
            "reinvestment_rate": null,
            "research_to_sale_ratio": 1.16,
            "price_fair": 116.2,
            "eps_avg_yearly": 3.32,
            "eps_latest_yearly": 5.88,
            "eps_growth_yearly": 311.58
        },
        "20113": {
            "year_quarter": 20113,
            "year": 2011,
            "quarter": 3,
            "eps": -0.46,
            "eps_growth_year": -159.33,
            "eps_4q": 0.7,
            "eps_4q_growth_year": -57.72,
            "roe": -1.83,
            "roe_4q": 5.76,
            "gross_profit": -99054,
            "gross_margin": -11.43,
            "gross_margin_4q_avg": 4.27,
            "net_income": -94291,
            "net_income_4q": null,
            "revenue": 866351,
            "revenue_4q": null,
            "common_shares": 2036733,
            "book_valuer_per_share": 25.05,
            "book_valuer_per_share_4q_avg": 24.39,
            "equity": 5101652,
            "current_ratio": 225.76,
            "debt_ratio": 41.54,
            "inventory_turnover_ratio": 2.31,
            "account_receivable_turnover_ratio": 2.89,
            "reinvestment_rate": null,
            "research_to_sale_ratio": 0.66,
            "price_fair": 116.2,
            "eps_avg_yearly": 3.32,
            "eps_latest_yearly": 5.88,
            "eps_growth_yearly": 311.58
        },
        "20114": {
            "year_quarter": 20114,
            "year": 2011,
            "quarter": 4,
            "eps": -1.57,
            "eps_growth_year": -273.91,
            "eps_4q": -1.61,
            "eps_4q_growth_year": -165.9,
            "roe": -6.48,
            "roe_4q": -5.580000000000002,
            "gross_profit": -341962,
            "gross_margin": -119.89,
            "gross_margin_4q_avg": -30.28,
            "net_income": -320236,
            "net_income_4q": null,
            "revenue": 285222,
            "revenue_4q": null,
            "common_shares": 2036733,
            "book_valuer_per_share": 23.48,
            "book_valuer_per_share_4q_avg": 25.5,
            "equity": 4781416,
            "current_ratio": 231.88,
            "debt_ratio": 38.6,
            "inventory_turnover_ratio": 2.7,
            "account_receivable_turnover_ratio": 1.78,
            "reinvestment_rate": null,
            "research_to_sale_ratio": 2.33,
            "price_fair": 116.2,
            "eps_avg_yearly": 3.32,
            "eps_latest_yearly": 5.88,
            "eps_growth_yearly": 311.58
        },
        "20121": {
            "year_quarter": 20121,
            "year": 2012,
            "quarter": 1,
            "eps": -0.67,
            "eps_growth_year": -145.58,
            "eps_4q": -3.51,
            "eps_4q_growth_year": -208.21,
            "roe": -2.88,
            "roe_4q": -14.23,
            "gross_profit": -132098,
            "gross_margin": -44.78,
            "gross_margin_4q_avg": -47.11,
            "net_income": -135753,
            "net_income_4q": null,
            "revenue": 295011,
            "revenue_4q": null,
            "common_shares": 2036733,
            "book_valuer_per_share": 22.81,
            "book_valuer_per_share_4q_avg": 24.29,
            "equity": 4645663,
            "current_ratio": 180.56,
            "debt_ratio": 40.09,
            "inventory_turnover_ratio": 2.78,
            "account_receivable_turnover_ratio": 2.25,
            "reinvestment_rate": null,
            "research_to_sale_ratio": 2.21,
            "price_fair": 116.2,
            "eps_avg_yearly": 3.32,
            "eps_latest_yearly": 5.88,
            "eps_growth_yearly": 311.58
        },
        "20122": {
            "year_quarter": 20122,
            "year": 2012,
            "quarter": 2,
            "eps": -0.93,
            "eps_growth_year": null,
            "eps_4q": -3.64,
            "eps_4q_growth_year": -303.38,
            "roe": -4.19,
            "roe_4q": -15.38,
            "gross_profit": -189584,
            "gross_margin": -61.56,
            "gross_margin_4q_avg": -59.42,
            "net_income": -190363,
            "net_income_4q": null,
            "revenue": 307974,
            "revenue_4q": null,
            "common_shares": 2036733,
            "book_valuer_per_share": 21.77,
            "book_valuer_per_share_4q_avg": 23.28,
            "equity": 4434912,
            "current_ratio": 155.68,
            "debt_ratio": 41.31,
            "inventory_turnover_ratio": 3.27,
            "account_receivable_turnover_ratio": 2.16,
            "reinvestment_rate": null,
            "research_to_sale_ratio": 1.62,
            "price_fair": 116.2,
            "eps_avg_yearly": 3.32,
            "eps_latest_yearly": 5.88,
            "eps_growth_yearly": 311.58
        },
        "20123": {
            "year_quarter": 20123,
            "year": 2012,
            "quarter": 3,
            "eps": -0.98,
            "eps_growth_year": null,
            "eps_4q": -4.15,
            "eps_4q_growth_year": -697.22,
            "roe": -4.59,
            "roe_4q": -18.14,
            "gross_profit": -201236,
            "gross_margin": -107.43,
            "gross_margin_4q_avg": -83.42,
            "net_income": -199052,
            "net_income_4q": null,
            "revenue": 187318,
            "revenue_4q": null,
            "common_shares": 2036733,
            "book_valuer_per_share": 20.8,
            "book_valuer_per_share_4q_avg": 22.22,
            "equity": 4235724,
            "current_ratio": 124.81,
            "debt_ratio": 41.01,
            "inventory_turnover_ratio": 2.8,
            "account_receivable_turnover_ratio": 1.57,
            "reinvestment_rate": null,
            "research_to_sale_ratio": 2.19,
            "price_fair": 116.2,
            "eps_avg_yearly": 3.32,
            "eps_latest_yearly": 5.88,
            "eps_growth_yearly": 311.58
        },
        "20124": {
            "year_quarter": 20124,
            "year": 2012,
            "quarter": 4,
            "eps": -1.15,
            "eps_growth_year": null,
            "eps_4q": -3.73,
            "eps_4q_growth_year": null,
            "roe": -5.7,
            "roe_4q": -17.36,
            "gross_profit": -213362,
            "gross_margin": -189.69,
            "gross_margin_4q_avg": -100.87,
            "net_income": -234738,
            "net_income_4q": null,
            "revenue": 112480,
            "revenue_4q": null,
            "common_shares": 2036733,
            "book_valuer_per_share": 19.64,
            "book_valuer_per_share_4q_avg": 21.26,
            "equity": 4000921,
            "current_ratio": 100.67,
            "debt_ratio": 38.24,
            "inventory_turnover_ratio": 2.48,
            "account_receivable_turnover_ratio": 2.41,
            "reinvestment_rate": null,
            "research_to_sale_ratio": 3.08,
            "price_fair": 116.2,
            "eps_avg_yearly": 3.32,
            "eps_latest_yearly": 5.88,
            "eps_growth_yearly": 311.58
        },
        "20131": {
            "year_quarter": 20131,
            "year": 2013,
            "quarter": 1,
            "eps": -0.71,
            "eps_growth_year": null,
            "eps_4q": -3.03,
            "eps_4q_growth_year": null,
            "roe": -4,
            "roe_4q": -18.48,
            "gross_profit": -167308,
            "gross_margin": -111.92,
            "gross_margin_4q_avg": -117.65,
            "net_income": -173890,
            "net_income_4q": null,
            "revenue": 149486,
            "revenue_4q": null,
            "common_shares": 2636733,
            "book_valuer_per_share": 17.82,
            "book_valuer_per_share_4q_avg": 20.01,
            "equity": 4699722,
            "current_ratio": 151.23,
            "debt_ratio": 28.54,
            "inventory_turnover_ratio": 3.76,
            "account_receivable_turnover_ratio": 2.45,
            "reinvestment_rate": null,
            "research_to_sale_ratio": 2.82,
            "price_fair": 116.2,
            "eps_avg_yearly": 3.32,
            "eps_latest_yearly": 5.88,
            "eps_growth_yearly": 311.58
        },
        "20132": {
            "year_quarter": 20132,
            "year": 2013,
            "quarter": 2,
            "eps": -0.59,
            "eps_growth_year": null,
            "eps_4q": -2.87,
            "eps_4q_growth_year": null,
            "roe": -3.25,
            "roe_4q": -17.54,
            "gross_profit": -152988,
            "gross_margin": -68.37,
            "gross_margin_4q_avg": -119.35,
            "net_income": -150288,
            "net_income_4q": null,
            "revenue": 223772,
            "revenue_4q": null,
            "common_shares": 2636733,
            "book_valuer_per_share": 17.26,
            "book_valuer_per_share_4q_avg": 18.88,
            "equity": 4550318,
            "current_ratio": 74.61,
            "debt_ratio": 29.67,
            "inventory_turnover_ratio": 3.94,
            "account_receivable_turnover_ratio": 1.92,
            "reinvestment_rate": null,
            "research_to_sale_ratio": 1.71,
            "price_fair": 116.2,
            "eps_avg_yearly": 3.32,
            "eps_latest_yearly": 5.88,
            "eps_growth_yearly": 311.58
        },
        "20133": {
            "year_quarter": 20133,
            "year": 2013,
            "quarter": 3,
            "eps": -0.55,
            "eps_growth_year": null,
            "eps_4q": -2.64,
            "eps_4q_growth_year": null,
            "roe": -3.14,
            "roe_4q": -16.09,
            "gross_profit": -133621,
            "gross_margin": -44.41,
            "gross_margin_4q_avg": -103.6,
            "net_income": -140811,
            "net_income_4q": null,
            "revenue": 300911,
            "revenue_4q": null,
            "common_shares": 2648233,
            "book_valuer_per_share": 16.65,
            "book_valuer_per_share_4q_avg": 17.84,
            "equity": 4409615,
            "current_ratio": 67.84,
            "debt_ratio": 28.88,
            "inventory_turnover_ratio": 3.87,
            "account_receivable_turnover_ratio": 2.1,
            "reinvestment_rate": null,
            "research_to_sale_ratio": 1.54,
            "price_fair": 116.2,
            "eps_avg_yearly": 3.32,
            "eps_latest_yearly": 5.88,
            "eps_growth_yearly": 311.58
        },
        "20134": {
            "year_quarter": 20134,
            "year": 2013,
            "quarter": 4,
            "eps": -0.6,
            "eps_growth_year": null,
            "eps_4q": -2.36,
            "eps_4q_growth_year": null,
            "roe": -3.67,
            "roe_4q": -14.06,
            "gross_profit": -130344,
            "gross_margin": -38.64,
            "gross_margin_4q_avg": -65.84,
            "net_income": -159279,
            "net_income_4q": null,
            "revenue": 337304,
            "revenue_4q": null,
            "common_shares": 2648233,
            "book_valuer_per_share": 16.12,
            "book_valuer_per_share_4q_avg": 16.96,
            "equity": 4268345,
            "current_ratio": 87.52,
            "debt_ratio": 27.66,
            "inventory_turnover_ratio": 4.03,
            "account_receivable_turnover_ratio": 2.39,
            "reinvestment_rate": null,
            "research_to_sale_ratio": 1.39,
            "price_fair": 147,
            "eps_avg_yearly": 4.2,
            "eps_latest_yearly": 5.88,
            "eps_growth_yearly": 95.43
        },
        "20141": {
            "year_quarter": 20141,
            "year": 2014,
            "quarter": 1,
            "eps": -0.28,
            "eps_growth_year": null,
            "eps_4q": -1.56,
            "eps_4q_growth_year": null,
            "roe": -1.96,
            "roe_4q": -12.02,
            "gross_profit": -63193,
            "gross_margin": -14.57,
            "gross_margin_4q_avg": -41.5,
            "net_income": -95506,
            "net_income_4q": null,
            "revenue": 433691,
            "revenue_4q": null,
            "common_shares": 3498233,
            "book_valuer_per_share": 15.7,
            "book_valuer_per_share_4q_avg": 16.43,
            "equity": 5492195,
            "current_ratio": 254.37,
            "debt_ratio": 19.02,
            "inventory_turnover_ratio": 2.8,
            "account_receivable_turnover_ratio": 2.53,
            "reinvestment_rate": null,
            "research_to_sale_ratio": 1.25,
            "price_fair": 147,
            "eps_avg_yearly": 4.2,
            "eps_latest_yearly": 5.88,
            "eps_growth_yearly": 95.43
        },
        "20142": {
            "year_quarter": 20142,
            "year": 2014,
            "quarter": 2,
            "eps": -0.33,
            "eps_growth_year": null,
            "eps_4q": -1.46,
            "eps_4q_growth_year": null,
            "roe": -2.1,
            "roe_4q": -10.870000000000001,
            "gross_profit": -97786,
            "gross_margin": -19.41,
            "gross_margin_4q_avg": -29.26,
            "net_income": -114369,
            "net_income_4q": null,
            "revenue": 503671,
            "revenue_4q": null,
            "common_shares": 3498233,
            "book_valuer_per_share": 15.42,
            "book_valuer_per_share_4q_avg": 15.97,
            "equity": 5394703,
            "current_ratio": 269.12,
            "debt_ratio": 16.78,
            "inventory_turnover_ratio": 2.8,
            "account_receivable_turnover_ratio": 2.36,
            "reinvestment_rate": null,
            "research_to_sale_ratio": 1.1,
            "price_fair": 147,
            "eps_avg_yearly": 4.2,
            "eps_latest_yearly": 5.88,
            "eps_growth_yearly": 95.43
        },
        "20143": {
            "year_quarter": 20143,
            "year": 2014,
            "quarter": 3,
            "eps": -0.42,
            "eps_growth_year": null,
            "eps_4q": -1.47,
            "eps_4q_growth_year": null,
            "roe": -2.73,
            "roe_4q": -10.46,
            "gross_profit": -137446,
            "gross_margin": -30.83,
            "gross_margin_4q_avg": -25.86,
            "net_income": -145106,
            "net_income_4q": null,
            "revenue": 445845,
            "revenue_4q": null,
            "common_shares": 3498233,
            "book_valuer_per_share": 15.01,
            "book_valuer_per_share_4q_avg": 15.56,
            "equity": 5250196,
            "current_ratio": 283.63,
            "debt_ratio": 8.48,
            "inventory_turnover_ratio": 3.35,
            "account_receivable_turnover_ratio": 2.1,
            "reinvestment_rate": null,
            "research_to_sale_ratio": 1.06,
            "price_fair": 165.9,
            "eps_avg_yearly": 4.74,
            "eps_latest_yearly": 5.88,
            "eps_growth_yearly": 157.44
        },
        "20144": {
            "year_quarter": 20144,
            "year": 2014,
            "quarter": 4,
            "eps": -0.52,
            "eps_growth_year": null,
            "eps_4q": -1.54,
            "eps_4q_growth_year": null,
            "roe": -3.55,
            "roe_4q": -10.34,
            "gross_profit": -99577,
            "gross_margin": -21.16,
            "gross_margin_4q_avg": -21.49,
            "net_income": -182119,
            "net_income_4q": null,
            "revenue": 470564,
            "revenue_4q": null,
            "common_shares": 3496758,
            "book_valuer_per_share": 14.32,
            "book_valuer_per_share_4q_avg": 15.11,
            "equity": 5008128,
            "current_ratio": 350.54,
            "debt_ratio": 9.38,
            "inventory_turnover_ratio": 3.26,
            "account_receivable_turnover_ratio": 2.33,
            "reinvestment_rate": null,
            "research_to_sale_ratio": 0.95,
            "price_fair": 205.8,
            "eps_avg_yearly": 5.88,
            "eps_latest_yearly": 5.88,
            "eps_growth_yearly": 253.33
        },
        "20151": {
            "year_quarter": 20151,
            "year": 2015,
            "quarter": 1,
            "eps": -0.39,
            "eps_growth_year": null,
            "eps_4q": -1.65,
            "eps_4q_growth_year": null,
            "roe": -2.75,
            "roe_4q": -11.129999999999999,
            "gross_profit": -119941,
            "gross_margin": -30.62,
            "gross_margin_4q_avg": -25.51,
            "net_income": -135668,
            "net_income_4q": null,
            "revenue": 391678,
            "revenue_4q": null,
            "common_shares": 3496758,
            "book_valuer_per_share": 13.94,
            "book_valuer_per_share_4q_avg": 14.67,
            "equity": 4874082,
            "current_ratio": 328.7,
            "debt_ratio": 9.6,
            "inventory_turnover_ratio": 2.56,
            "account_receivable_turnover_ratio": 2.39,
            "reinvestment_rate": null,
            "research_to_sale_ratio": 1.22,
            "price_fair": 0,
            "eps_avg_yearly": 0,
            "eps_latest_yearly": 0,
            "eps_growth_yearly": 0
        },
        "20152": {
            "year_quarter": 20152,
            "year": 2015,
            "quarter": 2,
            "eps": -0.45,
            "eps_growth_year": null,
            "eps_4q": -1.77,
            "eps_4q_growth_year": null,
            "roe": -3.28,
            "roe_4q": -12.309999999999999,
            "gross_profit": -135120,
            "gross_margin": -36.32,
            "gross_margin_4q_avg": -29.73,
            "net_income": -157398,
            "net_income_4q": null,
            "revenue": 372066,
            "revenue_4q": null,
            "common_shares": 3496758,
            "book_valuer_per_share": 13.49,
            "book_valuer_per_share_4q_avg": 14.19,
            "equity": 4717660,
            "current_ratio": 355.5,
            "debt_ratio": 9.06,
            "inventory_turnover_ratio": 2.72,
            "account_receivable_turnover_ratio": 2.45,
            "reinvestment_rate": null,
            "research_to_sale_ratio": 1.27,
            "price_fair": 0,
            "eps_avg_yearly": 0,
            "eps_latest_yearly": 0,
            "eps_growth_yearly": 0
        },
        "20153": {
            "year_quarter": 20153,
            "year": 2015,
            "quarter": 3,
            "eps": -0.32,
            "eps_growth_year": null,
            "eps_4q": -1.68,
            "eps_4q_growth_year": null,
            "roe": -2.42,
            "roe_4q": -12,
            "gross_profit": -96138,
            "gross_margin": -24.75,
            "gross_margin_4q_avg": -28.21,
            "net_income": -112852,
            "net_income_4q": null,
            "revenue": 388362,
            "revenue_4q": null,
            "common_shares": 3496758,
            "book_valuer_per_share": 13.17,
            "book_valuer_per_share_4q_avg": 13.73,
            "equity": 4604251,
            "current_ratio": 359.38,
            "debt_ratio": 7.62,
            "inventory_turnover_ratio": 2.94,
            "account_receivable_turnover_ratio": 2.34,
            "reinvestment_rate": null,
            "research_to_sale_ratio": 1.05,
            "price_fair": 0,
            "eps_avg_yearly": 0,
            "eps_latest_yearly": 0,
            "eps_growth_yearly": 0
        },
        "20154": {
            "year_quarter": 20154,
            "year": 2015,
            "quarter": 4,
            "eps": -0.57,
            "eps_growth_year": null,
            "eps_4q": -1.73,
            "eps_4q_growth_year": null,
            "roe": -4.39,
            "roe_4q": -12.84,
            "gross_profit": -103575,
            "gross_margin": -24.48,
            "gross_margin_4q_avg": -29.04,
            "net_income": -197921,
            "net_income_4q": null,
            "revenue": 423015,
            "revenue_4q": null,
            "common_shares": 3496268,
            "book_valuer_per_share": 12.6,
            "book_valuer_per_share_4q_avg": 13.3,
            "equity": 4406330,
            "current_ratio": 339.3,
            "debt_ratio": 8.9,
            "inventory_turnover_ratio": 3.14,
            "account_receivable_turnover_ratio": 2.69,
            "reinvestment_rate": null,
            "research_to_sale_ratio": 0.95,
            "price_fair": 0,
            "eps_avg_yearly": 0,
            "eps_latest_yearly": 0,
            "eps_growth_yearly": 0
        },
        "20161": {
            "year_quarter": 20161,
            "year": 2016,
            "quarter": 1,
            "eps": -0.21,
            "eps_growth_year": null,
            "eps_4q": -1.54,
            "eps_4q_growth_year": null,
            "roe": -1.64,
            "roe_4q": -11.729999999999999,
            "gross_profit": -44798,
            "gross_margin": -9.91,
            "gross_margin_4q_avg": -23.87,
            "net_income": -71840,
            "net_income_4q": null,
            "revenue": 452192,
            "revenue_4q": null,
            "common_shares": 3496268,
            "book_valuer_per_share": 12.4,
            "book_valuer_per_share_4q_avg": 12.92,
            "equity": 4334490,
            "current_ratio": 375.03,
            "debt_ratio": 8.34,
            "inventory_turnover_ratio": 3.02,
            "account_receivable_turnover_ratio": 3.12,
            "reinvestment_rate": null,
            "research_to_sale_ratio": 1,
            "price_fair": 0,
            "eps_avg_yearly": 0,
            "eps_latest_yearly": 0,
            "eps_growth_yearly": 0
        },
        "20162": {
            "year_quarter": 20162,
            "year": 2016,
            "quarter": 2,
            "eps": -0.21,
            "eps_growth_year": null,
            "eps_4q": -1.3,
            "eps_4q_growth_year": null,
            "roe": -1.67,
            "roe_4q": -10.12,
            "gross_profit": -54276,
            "gross_margin": -11.62,
            "gross_margin_4q_avg": -17.69,
            "net_income": -71904,
            "net_income_4q": null,
            "revenue": 466936,
            "revenue_4q": null,
            "common_shares": 3496268,
            "book_valuer_per_share": 12.19,
            "book_valuer_per_share_4q_avg": 12.59,
            "equity": 4262586,
            "current_ratio": 400.15,
            "debt_ratio": 8.47,
            "inventory_turnover_ratio": 3.01,
            "account_receivable_turnover_ratio": 3.41,
            "reinvestment_rate": null,
            "research_to_sale_ratio": 0.9,
            "price_fair": 0,
            "eps_avg_yearly": 0,
            "eps_latest_yearly": 0,
            "eps_growth_yearly": 0
        },
        "20163": {
            "year_quarter": 20163,
            "year": 2016,
            "quarter": 3,
            "eps": -0.66,
            "eps_growth_year": null,
            "eps_4q": -1.64,
            "eps_4q_growth_year": null,
            "roe": -5.58,
            "roe_4q": -13.280000000000001,
            "gross_profit": -217811,
            "gross_margin": -78.07,
            "gross_margin_4q_avg": -31.02,
            "net_income": -231507,
            "net_income_4q": null,
            "revenue": 278985,
            "revenue_4q": null,
            "common_shares": 3496268,
            "book_valuer_per_share": 11.53,
            "book_valuer_per_share_4q_avg": 12.18,
            "equity": 4031079,
            "current_ratio": 584.69,
            "debt_ratio": 4.52,
            "inventory_turnover_ratio": 3.06,
            "account_receivable_turnover_ratio": 2.78,
            "reinvestment_rate": null,
            "research_to_sale_ratio": 1.41,
            "price_fair": 0,
            "eps_avg_yearly": 0,
            "eps_latest_yearly": 0,
            "eps_growth_yearly": 0
        },
        "20164": {
            "year_quarter": 20164,
            "year": 2016,
            "quarter": 4,
            "eps": -1.03,
            "eps_growth_year": null,
            "eps_4q": -2.1,
            "eps_4q_growth_year": null,
            "roe": -9.3,
            "roe_4q": -18.19,
            "gross_profit": -138802,
            "gross_margin": -80.29,
            "gross_margin_4q_avg": -44.97,
            "net_income": -358393,
            "net_income_4q": null,
            "revenue": 172873,
            "revenue_4q": null,
            "common_shares": 3496268,
            "book_valuer_per_share": 10.5,
            "book_valuer_per_share_4q_avg": 11.66,
            "equity": 3672686,
            "current_ratio": 587.67,
            "debt_ratio": 6.15,
            "inventory_turnover_ratio": 2.27,
            "account_receivable_turnover_ratio": 2.56,
            "reinvestment_rate": null,
            "research_to_sale_ratio": 1.65,
            "price_fair": 0,
            "eps_avg_yearly": 0,
            "eps_latest_yearly": 0,
            "eps_growth_yearly": 0
        },
        "20171": {
            "year_quarter": 20171,
            "year": 2017,
            "quarter": 1,
            "eps": -0.55,
            "eps_growth_year": null,
            "eps_4q": -2.44,
            "eps_4q_growth_year": null,
            "roe": -5.39,
            "roe_4q": -21.940000000000005,
            "gross_profit": -167949,
            "gross_margin": -74.27,
            "gross_margin_4q_avg": -61.06,
            "net_income": -192812,
            "net_income_4q": null,
            "revenue": 226144,
            "revenue_4q": null,
            "common_shares": 3496268,
            "book_valuer_per_share": 9.95,
            "book_valuer_per_share_4q_avg": 11.04,
            "equity": 3479874,
            "current_ratio": 518.26,
            "debt_ratio": 7.33,
            "inventory_turnover_ratio": 3.25,
            "account_receivable_turnover_ratio": 3.28,
            "reinvestment_rate": null,
            "research_to_sale_ratio": 1.56,
            "price_fair": 0,
            "eps_avg_yearly": 0,
            "eps_latest_yearly": 0,
            "eps_growth_yearly": 0
        },
        "20172": {
            "year_quarter": 20172,
            "year": 2017,
            "quarter": 2,
            "eps": -0.57,
            "eps_growth_year": null,
            "eps_4q": -2.81,
            "eps_4q_growth_year": null,
            "roe": -5.88,
            "roe_4q": -26.15,
            "gross_profit": -180853,
            "gross_margin": -116.64,
            "gross_margin_4q_avg": -87.32,
            "net_income": -198884,
            "net_income_4q": null,
            "revenue": 155049,
            "revenue_4q": null,
            "common_shares": 3496268,
            "book_valuer_per_share": 9.38,
            "book_valuer_per_share_4q_avg": 10.34,
            "equity": 3280990,
            "current_ratio": 354.13,
            "debt_ratio": 8.47,
            "inventory_turnover_ratio": 3.7,
            "account_receivable_turnover_ratio": 2.34,
            "reinvestment_rate": null,
            "research_to_sale_ratio": 1.75,
            "price_fair": 0,
            "eps_avg_yearly": 0,
            "eps_latest_yearly": 0,
            "eps_growth_yearly": 0
        },
        "20173": {
            "year_quarter": 20173,
            "year": 2017,
            "quarter": 3,
            "eps": -0.45,
            "eps_growth_year": null,
            "eps_4q": -2.59,
            "eps_4q_growth_year": null,
            "roe": -4.88,
            "roe_4q": -25.45,
            "gross_profit": -141077,
            "gross_margin": -60.23,
            "gross_margin_4q_avg": -82.86,
            "net_income": -156235,
            "net_income_4q": null,
            "revenue": 234219,
            "revenue_4q": null,
            "common_shares": 3496268,
            "book_valuer_per_share": 8.94,
            "book_valuer_per_share_4q_avg": 9.69,
            "equity": 3124755,
            "current_ratio": 320.6,
            "debt_ratio": 8.8,
            "inventory_turnover_ratio": 3.44,
            "account_receivable_turnover_ratio": 3.31,
            "reinvestment_rate": null,
            "research_to_sale_ratio": 1.13,
            "price_fair": 0,
            "eps_avg_yearly": 0,
            "eps_latest_yearly": 0,
            "eps_growth_yearly": 0
        },
        "20174": {
            "year_quarter": 20174,
            "year": 2017,
            "quarter": 4,
            "eps": -0.41,
            "eps_growth_year": null,
            "eps_4q": -1.98,
            "eps_4q_growth_year": null,
            "roe": -4.68,
            "roe_4q": -20.83,
            "gross_profit": -131322,
            "gross_margin": -39.41,
            "gross_margin_4q_avg": -72.64,
            "net_income": -142819,
            "net_income_4q": null,
            "revenue": 333195,
            "revenue_4q": null,
            "common_shares": 3496268,
            "book_valuer_per_share": 8.53,
            "book_valuer_per_share_4q_avg": 9.2,
            "equity": 2981936,
            "current_ratio": 332.29,
            "debt_ratio": 8.6,
            "inventory_turnover_ratio": 3.67,
            "account_receivable_turnover_ratio": 5.3,
            "reinvestment_rate": null,
            "research_to_sale_ratio": 0.62,
            "price_fair": 0,
            "eps_avg_yearly": 0,
            "eps_latest_yearly": 0,
            "eps_growth_yearly": 0
        },
        "20181": {
            "year_quarter": 20181,
            "year": 2018,
            "quarter": 1,
            "eps": -0.51,
            "eps_growth_year": null,
            "eps_4q": -1.94,
            "eps_4q_growth_year": null,
            "roe": -6.18,
            "roe_4q": -21.619999999999997,
            "gross_profit": -168598,
            "gross_margin": -64.62,
            "gross_margin_4q_avg": -70.23,
            "net_income": -178689,
            "net_income_4q": null,
            "revenue": 260908,
            "revenue_4q": null,
            "common_shares": 3496268,
            "book_valuer_per_share": 8.02,
            "book_valuer_per_share_4q_avg": 8.72,
            "equity": 2803247,
            "current_ratio": 385.98,
            "debt_ratio": 6.84,
            "inventory_turnover_ratio": 3.44,
            "account_receivable_turnover_ratio": 4.62,
            "reinvestment_rate": null,
            "research_to_sale_ratio": 0.72,
            "price_fair": 0,
            "eps_avg_yearly": 0,
            "eps_latest_yearly": 0,
            "eps_growth_yearly": 0
        },
        "20182": {
            "year_quarter": 20182,
            "year": 2018,
            "quarter": 2,
            "eps": -1.27,
            "eps_growth_year": null,
            "eps_4q": -2.64,
            "eps_4q_growth_year": null,
            "roe": -17.19,
            "roe_4q": -32.93,
            "gross_profit": -181235,
            "gross_margin": -125.74,
            "gross_margin_4q_avg": -72.5,
            "net_income": -443765,
            "net_income_4q": null,
            "revenue": 144131,
            "revenue_4q": null,
            "common_shares": 3496268,
            "book_valuer_per_share": 6.75,
            "book_valuer_per_share_4q_avg": 8.06,
            "equity": 2359482,
            "current_ratio": 428.59,
            "debt_ratio": 7.23,
            "inventory_turnover_ratio": 2.55,
            "account_receivable_turnover_ratio": 4.63,
            "reinvestment_rate": null,
            "research_to_sale_ratio": 1.47,
            "price_fair": 0,
            "eps_avg_yearly": 0,
            "eps_latest_yearly": 0,
            "eps_growth_yearly": 0
        },
        "20183": {
            "year_quarter": 20183,
            "year": 2018,
            "quarter": 3,
            "eps": -0.51,
            "eps_growth_year": null,
            "eps_4q": -2.69,
            "eps_4q_growth_year": null,
            "roe": -7.78,
            "roe_4q": -35.83,
            "gross_profit": -164002,
            "gross_margin": -432.35,
            "gross_margin_4q_avg": -165.53,
            "net_income": -176695,
            "net_income_4q": null,
            "revenue": 37933,
            "revenue_4q": null,
            "common_shares": 3496268,
            "book_valuer_per_share": 6.24,
            "book_valuer_per_share_4q_avg": 7.39,
            "equity": 2182787,
            "current_ratio": 483.96,
            "debt_ratio": 5.76,
            "inventory_turnover_ratio": 1.99,
            "account_receivable_turnover_ratio": null,
            "reinvestment_rate": null,
            "research_to_sale_ratio": 3.81,
            "price_fair": 0,
            "eps_avg_yearly": 0,
            "eps_latest_yearly": 0,
            "eps_growth_yearly": 0
        },
        "20184": {
            "year_quarter": 20184,
            "year": 2018,
            "quarter": 4,
            "eps": -3,
            "eps_growth_year": null,
            "eps_4q": -5.28,
            "eps_4q_growth_year": null,
            "roe": -63.15,
            "roe_4q": -94.29999999999998,
            "gross_profit": -282360,
            "gross_margin": -354.89,
            "gross_margin_4q_avg": -244.4,
            "net_income": -1047651,
            "net_income_4q": null,
            "revenue": 79562,
            "revenue_4q": null,
            "common_shares": 3496268,
            "book_valuer_per_share": 3.25,
            "book_valuer_per_share_4q_avg": 6.07,
            "equity": 1135136,
            "current_ratio": 331.46,
            "debt_ratio": 18.68,
            "inventory_turnover_ratio": 6.23,
            "account_receivable_turnover_ratio": null,
            "reinvestment_rate": null,
            "research_to_sale_ratio": 2.01,
            "price_fair": 0,
            "eps_avg_yearly": 0,
            "eps_latest_yearly": 0,
            "eps_growth_yearly": 0
        },
        "20191": {
            "year_quarter": 20191,
            "year": 2019,
            "quarter": 1,
            "eps": -0.11,
            "eps_growth_year": null,
            "eps_4q": -4.88,
            "eps_4q_growth_year": null,
            "roe": -3.4,
            "roe_4q": -91.52,
            "gross_profit": -6799,
            "gross_margin": -21.06,
            "gross_margin_4q_avg": -233.51,
            "net_income": -37983,
            "net_income_4q": null,
            "revenue": 32282,
            "revenue_4q": null,
            "common_shares": 3496268,
            "book_valuer_per_share": 3.14,
            "book_valuer_per_share_4q_avg": 4.85,
            "equity": 1097153,
            "current_ratio": 1004,
            "debt_ratio": 22.91,
            "inventory_turnover_ratio": 1.87,
            "account_receivable_turnover_ratio": null,
            "reinvestment_rate": null,
            "research_to_sale_ratio": null,
            "price_fair": 0,
            "eps_avg_yearly": 0,
            "eps_latest_yearly": 0,
            "eps_growth_yearly": 0
        },
        "20192": {
            "year_quarter": 20192,
            "year": 2019,
            "quarter": 2,
            "eps": -0.07,
            "eps_growth_year": null,
            "eps_4q": -3.68,
            "eps_4q_growth_year": null,
            "roe": -2.36,
            "roe_4q": -76.69,
            "gross_profit": -8235,
            "gross_margin": -22.76,
            "gross_margin_4q_avg": -207.77,
            "net_income": -25580,
            "net_income_4q": null,
            "revenue": 36180,
            "revenue_4q": null,
            "common_shares": 3496268,
            "book_valuer_per_share": 3.06,
            "book_valuer_per_share_4q_avg": 3.92,
            "equity": 1071573,
            "current_ratio": 913.31,
            "debt_ratio": 23.58,
            "inventory_turnover_ratio": 7.11,
            "account_receivable_turnover_ratio": null,
            "reinvestment_rate": null,
            "research_to_sale_ratio": null,
            "price_fair": 0,
            "eps_avg_yearly": 0,
            "eps_latest_yearly": 0,
            "eps_growth_yearly": 0
        },
        "20193": {
            "year_quarter": 20193,
            "year": 2019,
            "quarter": 3,
            "eps": 0.02,
            "eps_growth_year": null,
            "eps_4q": -9.75,
            "eps_4q_growth_year": null,
            "roe": 0.43,
            "roe_4q": -68.48,
            "gross_profit": -5619,
            "gross_margin": -19.03,
            "gross_margin_4q_avg": -104.44,
            "net_income": 4632,
            "net_income_4q": null,
            "revenue": 29526,
            "revenue_4q": null,
            "common_shares": 1135136,
            "book_valuer_per_share": 9.48,
            "book_valuer_per_share_4q_avg": 4.73,
            "equity": 1076205,
            "current_ratio": 1741.6,
            "debt_ratio": 19.63,
            "inventory_turnover_ratio": 34.41,
            "account_receivable_turnover_ratio": null,
            "reinvestment_rate": null,
            "research_to_sale_ratio": null,
            "price_fair": 0,
            "eps_avg_yearly": 0,
            "eps_latest_yearly": 0,
            "eps_growth_yearly": 0
        },
        "20194": {
            "year_quarter": 20194,
            "year": 2019,
            "quarter": 4,
            "eps": -1.23,
            "eps_growth_year": null,
            "eps_4q": -1.75,
            "eps_4q_growth_year": null,
            "roe": -13.89,
            "roe_4q": -19.22,
            "gross_profit": -79806,
            "gross_margin": -290.08,
            "gross_margin_4q_avg": -88.23,
            "net_income": -139758,
            "net_income_4q": null,
            "revenue": 27512,
            "revenue_4q": null,
            "common_shares": 1135136,
            "book_valuer_per_share": 8.25,
            "book_valuer_per_share_4q_avg": 5.98,
            "equity": 936447,
            "current_ratio": 965.6,
            "debt_ratio": 26.07,
            "inventory_turnover_ratio": 357.13,
            "account_receivable_turnover_ratio": null,
            "reinvestment_rate": null,
            "research_to_sale_ratio": null,
            "price_fair": 0,
            "eps_avg_yearly": 0,
            "eps_latest_yearly": 0,
            "eps_growth_yearly": 0
        },
        "20201": {
            "year_quarter": 20201,
            "year": 2020,
            "quarter": 1,
            "eps": -0.54,
            "eps_growth_year": null,
            "eps_4q": -1.95,
            "eps_4q_growth_year": null,
            "roe": -6.73,
            "roe_4q": -22.55,
            "gross_profit": 128,
            "gross_margin": 0.48,
            "gross_margin_4q_avg": -82.85,
            "net_income": -60986,
            "net_income_4q": null,
            "revenue": 26469,
            "revenue_4q": null,
            "common_shares": 1135136,
            "book_valuer_per_share": 7.71,
            "book_valuer_per_share_4q_avg": 7.13,
            "equity": 875461,
            "current_ratio": 950.31,
            "debt_ratio": 26.74,
            "inventory_turnover_ratio": null,
            "account_receivable_turnover_ratio": null,
            "reinvestment_rate": null,
            "research_to_sale_ratio": null,
            "price_fair": 0,
            "eps_avg_yearly": 0,
            "eps_latest_yearly": 0,
            "eps_growth_yearly": 0
        },
        "20202": {
            "year_quarter": 20202,
            "year": 2020,
            "quarter": 2,
            "eps": -0.16,
            "eps_growth_year": null,
            "eps_4q": -1.89,
            "eps_4q_growth_year": null,
            "roe": -2.15,
            "roe_4q": -22.340000000000003,
            "gross_profit": -5423,
            "gross_margin": -28.74,
            "gross_margin_4q_avg": -84.34,
            "net_income": -18656,
            "net_income_4q": null,
            "revenue": 18871,
            "revenue_4q": null,
            "common_shares": 1135136,
            "book_valuer_per_share": 7.55,
            "book_valuer_per_share_4q_avg": 8.25,
            "equity": 856805,
            "current_ratio": 970.65,
            "debt_ratio": 26.56,
            "inventory_turnover_ratio": null,
            "account_receivable_turnover_ratio": null,
            "reinvestment_rate": null,
            "research_to_sale_ratio": null,
            "price_fair": 0,
            "eps_avg_yearly": 0,
            "eps_latest_yearly": 0,
            "eps_growth_yearly": 0
        },
        "20203": {
            "year_quarter": 20203,
            "year": 2020,
            "quarter": 3,
            "eps": -0.13,
            "eps_growth_year": -750,
            "eps_4q": -2.06,
            "eps_4q_growth_year": null,
            "roe": -1.77,
            "roe_4q": -24.54,
            "gross_profit": 134,
            "gross_margin": 0.47,
            "gross_margin_4q_avg": -79.47,
            "net_income": -14997,
            "net_income_4q": null,
            "revenue": 28666,
            "revenue_4q": null,
            "common_shares": 1135136,
            "book_valuer_per_share": 7.42,
            "book_valuer_per_share_4q_avg": 7.73,
            "equity": 841808,
            "current_ratio": 1015.77,
            "debt_ratio": 26.18,
            "inventory_turnover_ratio": null,
            "account_receivable_turnover_ratio": null,
            "reinvestment_rate": null,
            "research_to_sale_ratio": null,
            "price_fair": 0,
            "eps_avg_yearly": 0,
            "eps_latest_yearly": 0,
            "eps_growth_yearly": 0
        },
        "20204": {
            "year_quarter": 20204,
            "year": 2020,
            "quarter": 4,
            "eps": -0.5,
            "eps_growth_year": null,
            "eps_4q": -1.33,
            "eps_4q_growth_year": null,
            "roe": -6.92,
            "roe_4q": -17.57,
            "gross_profit": 1287,
            "gross_margin": 4.22,
            "gross_margin_4q_avg": -5.89,
            "net_income": -56325,
            "net_income_4q": null,
            "revenue": 30509,
            "revenue_4q": null,
            "common_shares": 1135136,
            "book_valuer_per_share": 6.92,
            "book_valuer_per_share_4q_avg": 7.4,
            "equity": 785483,
            "current_ratio": 706.96,
            "debt_ratio": 27.64,
            "inventory_turnover_ratio": null,
            "account_receivable_turnover_ratio": null,
            "reinvestment_rate": null,
            "research_to_sale_ratio": null,
            "price_fair": 0,
            "eps_avg_yearly": 0,
            "eps_latest_yearly": 0,
            "eps_growth_yearly": 0
        },
        "20211": {
            "year_quarter": 20211,
            "year": 2021,
            "quarter": 1,
            "eps": -0.17,
            "eps_growth_year": null,
            "eps_4q": -0.96,
            "eps_4q_growth_year": null,
            "roe": -2.48,
            "roe_4q": -13.32,
            "gross_profit": -8011,
            "gross_margin": -24.22,
            "gross_margin_4q_avg": -12.07,
            "net_income": -19241,
            "net_income_4q": null,
            "revenue": 33079,
            "revenue_4q": null,
            "common_shares": 1135136,
            "book_valuer_per_share": 6.75,
            "book_valuer_per_share_4q_avg": 7.16,
            "equity": 766242,
            "current_ratio": 177.18,
            "debt_ratio": 27.85,
            "inventory_turnover_ratio": null,
            "account_receivable_turnover_ratio": null,
            "reinvestment_rate": null,
            "research_to_sale_ratio": null,
            "price_fair": 0,
            "eps_avg_yearly": 0,
            "eps_latest_yearly": 0,
            "eps_growth_yearly": 0
        },
        "20212": {
            "year_quarter": 20212,
            "year": 2021,
            "quarter": 2,
            "eps": -0.11,
            "eps_growth_year": null,
            "eps_4q": -0.9,
            "eps_4q_growth_year": null,
            "roe": -1.6,
            "roe_4q": -12.77,
            "gross_profit": 128,
            "gross_margin": 0.21,
            "gross_margin_4q_avg": -4.83,
            "net_income": -12125,
            "net_income_4q": null,
            "revenue": 61278,
            "revenue_4q": null,
            "common_shares": 1135136,
            "book_valuer_per_share": 6.64,
            "book_valuer_per_share_4q_avg": 6.93,
            "equity": 754117,
            "current_ratio": 143.74,
            "debt_ratio": 26.02,
            "inventory_turnover_ratio": null,
            "account_receivable_turnover_ratio": null,
            "reinvestment_rate": null,
            "research_to_sale_ratio": null,
            "price_fair": 0,
            "eps_avg_yearly": 0,
            "eps_latest_yearly": 0,
            "eps_growth_yearly": 0
        },
        "20213": {
            "year_quarter": 20213,
            "year": 2021,
            "quarter": 3,
            "eps": -0.54,
            "eps_growth_year": null,
            "eps_4q": -1.31,
            "eps_4q_growth_year": null,
            "roe": -8.45,
            "roe_4q": -19.45,
            "gross_profit": -2317,
            "gross_margin": -3.03,
            "gross_margin_4q_avg": -5.71,
            "net_income": -61109,
            "net_income_4q": null,
            "revenue": 76479,
            "revenue_4q": null,
            "common_shares": 1135136,
            "book_valuer_per_share": 6.11,
            "book_valuer_per_share_4q_avg": 6.61,
            "equity": 693008,
            "current_ratio": 486.02,
            "debt_ratio": 22.48,
            "inventory_turnover_ratio": null,
            "account_receivable_turnover_ratio": null,
            "reinvestment_rate": null,
            "research_to_sale_ratio": null,
            "price_fair": 0,
            "eps_avg_yearly": 0,
            "eps_latest_yearly": 0,
            "eps_growth_yearly": 0
        },
        "20214": {
            "year_quarter": 20214,
            "year": 2021,
            "quarter": 4,
            "eps": 0.63,
            "eps_growth_year": null,
            "eps_4q": -0.18,
            "eps_4q_growth_year": null,
            "roe": 9.87,
            "roe_4q": -2.66,
            "gross_profit": 143447,
            "gross_margin": 196.76,
            "gross_margin_4q_avg": 42.43,
            "net_income": 71943,
            "net_income_4q": null,
            "revenue": 72904,
            "revenue_4q": null,
            "common_shares": 1135136,
            "book_valuer_per_share": 6.74,
            "book_valuer_per_share_4q_avg": 6.56,
            "equity": 764951,
            "current_ratio": 2048.72,
            "debt_ratio": 4.56,
            "inventory_turnover_ratio": null,
            "account_receivable_turnover_ratio": null,
            "reinvestment_rate": null,
            "research_to_sale_ratio": null,
            "price_fair": 0,
            "eps_avg_yearly": 0,
            "eps_latest_yearly": 0,
            "eps_growth_yearly": 0
        },
        "20221": {
            "year_quarter": 20221,
            "year": 2022,
            "quarter": 1,
            "eps": -0.08,
            "eps_growth_year": null,
            "eps_4q": -0.09,
            "eps_4q_growth_year": null,
            "roe": -1.23,
            "roe_4q": -1.4100000000000006,
            "gross_profit": -2405,
            "gross_margin": -11.98,
            "gross_margin_4q_avg": 45.49,
            "net_income": -9348,
            "net_income_4q": null,
            "revenue": 20081,
            "revenue_4q": null,
            "common_shares": 1135136,
            "book_valuer_per_share": 6.66,
            "book_valuer_per_share_4q_avg": 6.54,
            "equity": 755603,
            "current_ratio": 7447.62,
            "debt_ratio": 1.6,
            "inventory_turnover_ratio": null,
            "account_receivable_turnover_ratio": null,
            "reinvestment_rate": null,
            "research_to_sale_ratio": null,
            "price_fair": 0,
            "eps_avg_yearly": 0,
            "eps_latest_yearly": 0,
            "eps_growth_yearly": 0
        },
        "20222": {
            "year_quarter": 20222,
            "year": 2022,
            "quarter": 2,
            "eps": -0.07,
            "eps_growth_year": null,
            "eps_4q": -0.06,
            "eps_4q_growth_year": null,
            "roe": -1.09,
            "roe_4q": -0.9000000000000004,
            "gross_profit": -225,
            "gross_margin": -3.02,
            "gross_margin_4q_avg": 44.68,
            "net_income": -8211,
            "net_income_4q": null,
            "revenue": 7452,
            "revenue_4q": null,
            "common_shares": 1135136,
            "book_valuer_per_share": 6.58,
            "book_valuer_per_share_4q_avg": 6.52,
            "equity": 747392,
            "current_ratio": 10133.23,
            "debt_ratio": 1.24,
            "inventory_turnover_ratio": null,
            "account_receivable_turnover_ratio": null,
            "reinvestment_rate": null,
            "research_to_sale_ratio": null,
            "price_fair": 0,
            "eps_avg_yearly": 0,
            "eps_latest_yearly": 0,
            "eps_growth_yearly": 0
        },
        "20223": {
            "year_quarter": 20223,
            "year": 2022,
            "quarter": 3,
            "eps": -0.08,
            "eps_growth_year": null,
            "eps_4q": 0.63,
            "eps_4q_growth_year": null,
            "roe": -0.87,
            "roe_4q": 6.68,
            "gross_profit": -979,
            "gross_margin": -7.03,
            "gross_margin_4q_avg": 43.68,
            "net_income": -6480,
            "net_income_4q": null,
            "revenue": 13934,
            "revenue_4q": null,
            "common_shares": 764951,
            "book_valuer_per_share": 9.69,
            "book_valuer_per_share_4q_avg": 7.42,
            "equity": 740912,
            "current_ratio": 10828.16,
            "debt_ratio": 1.19,
            "inventory_turnover_ratio": null,
            "account_receivable_turnover_ratio": null,
            "reinvestment_rate": null,
            "research_to_sale_ratio": null,
            "price_fair": 0,
            "eps_avg_yearly": 0,
            "eps_latest_yearly": 0,
            "eps_growth_yearly": 0
        },
        "20224": {
            "year_quarter": 20224,
            "year": 2022,
            "quarter": 4,
            "eps": -0.09,
            "eps_growth_year": -113.98,
            "eps_4q": -0.4,
            "eps_4q_growth_year": null,
            "roe": -0.92,
            "roe_4q": -4.109999999999999,
            "gross_profit": 2448,
            "gross_margin": 84.09,
            "gross_margin_4q_avg": 15.52,
            "net_income": -6776,
            "net_income_4q": null,
            "revenue": 2911,
            "revenue_4q": null,
            "common_shares": 764951,
            "book_valuer_per_share": 9.6,
            "book_valuer_per_share_4q_avg": 8.13,
            "equity": 734136,
            "current_ratio": 9628.28,
            "debt_ratio": 1.23,
            "inventory_turnover_ratio": null,
            "account_receivable_turnover_ratio": 0.09,
            "reinvestment_rate": null,
            "research_to_sale_ratio": null,
            "price_fair": 0,
            "eps_avg_yearly": 0,
            "eps_latest_yearly": 0,
            "eps_growth_yearly": 0
        },
        "20231": {
            "year_quarter": 20231,
            "year": 2023,
            "quarter": 1,
            "eps": -0.11,
            "eps_growth_year": null,
            "eps_4q": -0.39,
            "eps_4q_growth_year": null,
            "roe": -1.19,
            "roe_4q": -4.07,
            "gross_profit": -177,
            "gross_margin": -3.33,
            "gross_margin_4q_avg": 17.68,
            "net_income": -8698,
            "net_income_4q": null,
            "revenue": 5318,
            "revenue_4q": null,
            "common_shares": 764951,
            "book_valuer_per_share": 9.48,
            "book_valuer_per_share_4q_avg": 8.84,
            "equity": 725438,
            "current_ratio": 12458.98,
            "debt_ratio": 0.95,
            "inventory_turnover_ratio": null,
            "account_receivable_turnover_ratio": 0.11,
            "reinvestment_rate": null,
            "research_to_sale_ratio": null,
            "price_fair": 0,
            "eps_avg_yearly": 0,
            "eps_latest_yearly": 0,
            "eps_growth_yearly": 0
        },
        "20232": {
            "year_quarter": 20232,
            "year": 2023,
            "quarter": 2,
            "eps": -0.13,
            "eps_growth_year": null,
            "eps_4q": -0.42,
            "eps_4q_growth_year": null,
            "roe": -1.43,
            "roe_4q": -4.41,
            "gross_profit": -155,
            "gross_margin": -2.95,
            "gross_margin_4q_avg": 17.7,
            "net_income": -10319,
            "net_income_4q": null,
            "revenue": 5263,
            "revenue_4q": null,
            "common_shares": 764951,
            "book_valuer_per_share": 9.35,
            "book_valuer_per_share_4q_avg": 9.53,
            "equity": 715119,
            "current_ratio": 10948.75,
            "debt_ratio": 0.98,
            "inventory_turnover_ratio": null,
            "account_receivable_turnover_ratio": 0.23,
            "reinvestment_rate": null,
            "research_to_sale_ratio": null,
            "price_fair": 0,
            "eps_avg_yearly": 0,
            "eps_latest_yearly": 0,
            "eps_growth_yearly": 0
        },
        "20233": {
            "year_quarter": 20233,
            "year": 2023,
            "quarter": 3,
            "eps": -0.04,
            "eps_growth_year": null,
            "eps_4q": -0.38,
            "eps_4q_growth_year": -160.05,
            "roe": -0.42,
            "roe_4q": -3.96,
            "gross_profit": -244,
            "gross_margin": -2.08,
            "gross_margin_4q_avg": 18.93,
            "net_income": -2974,
            "net_income_4q": null,
            "revenue": 11748,
            "revenue_4q": null,
            "common_shares": 764951,
            "book_valuer_per_share": 9.31,
            "book_valuer_per_share_4q_avg": 9.44,
            "equity": 712145,
            "current_ratio": 12638.6,
            "debt_ratio": 0.86,
            "inventory_turnover_ratio": null,
            "account_receivable_turnover_ratio": 1.79,
            "reinvestment_rate": null,
            "research_to_sale_ratio": null,
            "price_fair": 0,
            "eps_avg_yearly": 0,
            "eps_latest_yearly": 0,
            "eps_growth_yearly": 0
        },
        "20234": {
            "year_quarter": 20234,
            "year": 2023,
            "quarter": 4,
            "eps": -0.1,
            "eps_growth_year": null,
            "eps_4q": -0.38,
            "eps_4q_growth_year": null,
            "roe": -1.04,
            "roe_4q": -4.08,
            "gross_profit": -201,
            "gross_margin": -1.08,
            "gross_margin_4q_avg": -2.36,
            "net_income": -7363,
            "net_income_4q": null,
            "revenue": 18644,
            "revenue_4q": null,
            "common_shares": 764951,
            "book_valuer_per_share": 9.21,
            "book_valuer_per_share_4q_avg": 9.34,
            "equity": 704782,
            "current_ratio": 10335.8,
            "debt_ratio": 0.96,
            "inventory_turnover_ratio": null,
            "account_receivable_turnover_ratio": null,
            "reinvestment_rate": null,
            "research_to_sale_ratio": null,
            "price_fair": 0,
            "eps_avg_yearly": 0,
            "eps_latest_yearly": 0,
            "eps_growth_yearly": 0
        }
    },
    "months": {
        "2009-10": {
            "month": "2009-10",
            "price": "41.17",
            "revenue": 132948
        },
        "2009-11": {
            "month": "2009-11",
            "price": "43.28",
            "revenue": 145365
        },
        "2009-12": {
            "month": "2009-12",
            "price": "43.85",
            "revenue": 153836
        },
        "2010-01": {
            "month": "2010-01",
            "price": "42.03",
            "revenue": 171949
        },
        "2010-02": {
            "month": "2010-02",
            "price": "42.77",
            "revenue": 202047
        },
        "2010-03": {
            "month": "2010-03",
            "price": "48.70",
            "revenue": 236281
        },
        "2010-04": {
            "month": "2010-04",
            "price": "64.24",
            "revenue": 237741
        },
        "2010-05": {
            "month": "2010-05",
            "price": "65.02",
            "revenue": 246040
        },
        "2010-06": {
            "month": "2010-06",
            "price": "62.33",
            "revenue": 253062
        },
        "2010-07": {
            "month": "2010-07",
            "price": "57.02",
            "revenue": 256560
        },
        "2010-08": {
            "month": "2010-08",
            "price": "64.04",
            "revenue": 284240
        },
        "2010-09": {
            "month": "2010-09",
            "price": "62.79",
            "revenue": 388428
        },
        "2010-10": {
            "month": "2010-10",
            "price": "58.46",
            "revenue": 427751
        },
        "2010-11": {
            "month": "2010-11",
            "price": "49.54",
            "revenue": 440531
        },
        "2010-12": {
            "month": "2010-12",
            "price": "49.90",
            "revenue": 461892
        },
        "2011-01": {
            "month": "2011-01",
            "price": "54.64",
            "revenue": 468750
        },
        "2011-02": {
            "month": "2011-02",
            "price": "63.90",
            "revenue": 514921
        },
        "2011-03": {
            "month": "2011-03",
            "price": "62.41",
            "revenue": 580592
        },
        "2011-04": {
            "month": "2011-04",
            "price": "57.52",
            "revenue": 595830
        },
        "2011-05": {
            "month": "2011-05",
            "price": "47.90",
            "revenue": 292822
        },
        "2011-06": {
            "month": "2011-06",
            "price": "44.63",
            "revenue": 264620
        },
        "2011-07": {
            "month": "2011-07",
            "price": "40.28",
            "revenue": 288253
        },
        "2011-08": {
            "month": "2011-08",
            "price": "29.28",
            "revenue": 318277
        },
        "2011-09": {
            "month": "2011-09",
            "price": "21.37",
            "revenue": 259820
        },
        "2011-10": {
            "month": "2011-10",
            "price": "17.72",
            "revenue": 116318
        },
        "2011-11": {
            "month": "2011-11",
            "price": "13.35",
            "revenue": 95335
        },
        "2011-12": {
            "month": "2011-12",
            "price": "13.99",
            "revenue": 73569
        },
        "2012-01": {
            "month": "2012-01",
            "price": "15.80",
            "revenue": 83329
        },
        "2012-02": {
            "month": "2012-02",
            "price": "23.89",
            "revenue": 109571
        },
        "2012-03": {
            "month": "2012-03",
            "price": "23.33",
            "revenue": 102111
        },
        "2012-04": {
            "month": "2012-04",
            "price": "19.30",
            "revenue": 100150
        },
        "2012-05": {
            "month": "2012-05",
            "price": "19.62",
            "revenue": 102137
        },
        "2012-06": {
            "month": "2012-06",
            "price": "16.76",
            "revenue": 105687
        },
        "2012-07": {
            "month": "2012-07",
            "price": "13.96",
            "revenue": 81810
        },
        "2012-08": {
            "month": "2012-08",
            "price": "11.50",
            "revenue": 55458
        },
        "2012-09": {
            "month": "2012-09",
            "price": "14.10",
            "revenue": 50051
        },
        "2012-10": {
            "month": "2012-10",
            "price": "12.26",
            "revenue": 36815
        },
        "2012-11": {
            "month": "2012-11",
            "price": "11.45",
            "revenue": 38496
        },
        "2012-12": {
            "month": "2012-12",
            "price": "12.90",
            "revenue": 37168
        },
        "2013-01": {
            "month": "2013-01",
            "price": "15.33",
            "revenue": 44000
        },
        "2013-02": {
            "month": "2013-02",
            "price": "14.01",
            "revenue": 45173
        },
        "2013-03": {
            "month": "2013-03",
            "price": "14.15",
            "revenue": 60313
        },
        "2013-04": {
            "month": "2013-04",
            "price": "12.94",
            "revenue": 62366
        },
        "2013-05": {
            "month": "2013-05",
            "price": "13.68",
            "revenue": 74690
        },
        "2013-06": {
            "month": "2013-06",
            "price": "12.06",
            "revenue": 86716
        },
        "2013-07": {
            "month": "2013-07",
            "price": "11.60",
            "revenue": 95976
        },
        "2013-08": {
            "month": "2013-08",
            "price": "11.39",
            "revenue": 101302
        },
        "2013-09": {
            "month": "2013-09",
            "price": "12.86",
            "revenue": 103634
        },
        "2013-10": {
            "month": "2013-10",
            "price": "14.47",
            "revenue": 108549
        },
        "2013-11": {
            "month": "2013-11",
            "price": "14.87",
            "revenue": 111940
        },
        "2013-12": {
            "month": "2013-12",
            "price": "15.67",
            "revenue": 116815
        },
        "2014-01": {
            "month": "2014-01",
            "price": "16.77",
            "revenue": 128242
        },
        "2014-02": {
            "month": "2014-02",
            "price": "15.65",
            "revenue": 147577
        },
        "2014-03": {
            "month": "2014-03",
            "price": "16.08",
            "revenue": 157872
        },
        "2014-04": {
            "month": "2014-04",
            "price": "15.71",
            "revenue": 165806
        },
        "2014-05": {
            "month": "2014-05",
            "price": "15.31",
            "revenue": 167595
        },
        "2014-06": {
            "month": "2014-06",
            "price": "15.65",
            "revenue": 170269
        },
        "2014-07": {
            "month": "2014-07",
            "price": "14.80",
            "revenue": 146926
        },
        "2014-08": {
            "month": "2014-08",
            "price": "12.26",
            "revenue": 147221
        },
        "2014-09": {
            "month": "2014-09",
            "price": "12.15",
            "revenue": 151699
        },
        "2014-10": {
            "month": "2014-10",
            "price": "11.02",
            "revenue": 153323
        },
        "2014-11": {
            "month": "2014-11",
            "price": "9.89",
            "revenue": 154467
        },
        "2014-12": {
            "month": "2014-12",
            "price": "10.43",
            "revenue": 162773
        },
        "2015-01": {
            "month": "2015-01",
            "price": "10.78",
            "revenue": 133957
        },
        "2015-02": {
            "month": "2015-02",
            "price": "10.53",
            "revenue": 117912
        },
        "2015-03": {
            "month": "2015-03",
            "price": "10.90",
            "revenue": 139809
        },
        "2015-04": {
            "month": "2015-04",
            "price": "11.92",
            "revenue": 128087
        },
        "2015-05": {
            "month": "2015-05",
            "price": "10.74",
            "revenue": 120697
        },
        "2015-06": {
            "month": "2015-06",
            "price": "8.59",
            "revenue": 123281
        },
        "2015-07": {
            "month": "2015-07",
            "price": "8.48",
            "revenue": 125506
        },
        "2015-08": {
            "month": "2015-08",
            "price": "6.09",
            "revenue": 129069
        },
        "2015-09": {
            "month": "2015-09",
            "price": "6.29",
            "revenue": 133787
        },
        "2015-10": {
            "month": "2015-10",
            "price": "7.75",
            "revenue": 138735
        },
        "2015-11": {
            "month": "2015-11",
            "price": "8.07",
            "revenue": 140546
        },
        "2015-12": {
            "month": "2015-12",
            "price": "11.08",
            "revenue": 143734
        },
        "2016-01": {
            "month": "2016-01",
            "price": "9.94",
            "revenue": 148178
        },
        "2016-02": {
            "month": "2016-02",
            "price": "10.33",
            "revenue": 150154
        },
        "2016-03": {
            "month": "2016-03",
            "price": "9.85",
            "revenue": 153860
        },
        "2016-04": {
            "month": "2016-04",
            "price": "8.29",
            "revenue": 154012
        },
        "2016-05": {
            "month": "2016-05",
            "price": "7.92",
            "revenue": 156166
        },
        "2016-06": {
            "month": "2016-06",
            "price": "8.32",
            "revenue": 156758
        },
        "2016-07": {
            "month": "2016-07",
            "price": "8.33",
            "revenue": 150822
        },
        "2016-08": {
            "month": "2016-08",
            "price": "7.52",
            "revenue": 86500
        },
        "2016-09": {
            "month": "2016-09",
            "price": "7.22",
            "revenue": 41663
        },
        "2016-10": {
            "month": "2016-10",
            "price": "7.49",
            "revenue": 52041
        },
        "2016-11": {
            "month": "2016-11",
            "price": "6.84",
            "revenue": 56064
        },
        "2016-12": {
            "month": "2016-12",
            "price": "6.99",
            "revenue": 64768
        },
        "2017-01": {
            "month": "2017-01",
            "price": "7.17",
            "revenue": 82609
        },
        "2017-02": {
            "month": "2017-02",
            "price": "7.90",
            "revenue": 78090
        },
        "2017-03": {
            "month": "2017-03",
            "price": "7.34",
            "revenue": 65445
        },
        "2017-04": {
            "month": "2017-04",
            "price": "6.80",
            "revenue": 41875
        },
        "2017-05": {
            "month": "2017-05",
            "price": "6.61",
            "revenue": 52839
        },
        "2017-06": {
            "month": "2017-06",
            "price": "6.70",
            "revenue": 69854
        },
        "2017-07": {
            "month": "2017-07",
            "price": "6.49",
            "revenue": 72218
        },
        "2017-08": {
            "month": "2017-08",
            "price": "6.28",
            "revenue": 75475
        },
        "2017-09": {
            "month": "2017-09",
            "price": "7.28",
            "revenue": 86525
        },
        "2017-10": {
            "month": "2017-10",
            "price": "7.74",
            "revenue": 100798
        },
        "2017-11": {
            "month": "2017-11",
            "price": "7.38",
            "revenue": 113512
        },
        "2017-12": {
            "month": "2017-12",
            "price": "6.87",
            "revenue": 118885
        },
        "2018-01": {
            "month": "2018-01",
            "price": "7.06",
            "revenue": 120278
        },
        "2018-02": {
            "month": "2018-02",
            "price": "6.70",
            "revenue": 69989
        },
        "2018-03": {
            "month": "2018-03",
            "price": "6.48",
            "revenue": 70641
        },
        "2018-04": {
            "month": "2018-04",
            "price": "6.10",
            "revenue": 74903
        },
        "2018-05": {
            "month": "2018-05",
            "price": "6.23",
            "revenue": 67429
        },
        "2018-06": {
            "month": "2018-06",
            "price": "6.08",
            "revenue": 1799
        },
        "2018-07": {
            "month": "2018-07",
            "price": "5.08",
            "revenue": 29288
        },
        "2018-08": {
            "month": "2018-08",
            "price": "4.41",
            "revenue": 7028
        },
        "2018-09": {
            "month": "2018-09",
            "price": "4.01",
            "revenue": 1617
        },
        "2018-10": {
            "month": "2018-10",
            "price": "3.31",
            "revenue": 29040
        },
        "2018-11": {
            "month": "2018-11",
            "price": "3.24",
            "revenue": 30262
        },
        "2018-12": {
            "month": "2018-12",
            "price": "3.67",
            "revenue": 20260
        },
        "2019-01": {
            "month": "2019-01",
            "price": "3.47",
            "revenue": 20829
        },
        "2019-02": {
            "month": "2019-02",
            "price": "3.22",
            "revenue": 20136
        },
        "2019-03": {
            "month": "2019-03",
            "price": "2.19",
            "revenue": 10241
        },
        "2019-04": {
            "month": "2019-04",
            "price": "1.51",
            "revenue": 9295
        },
        "2019-05": {
            "month": "2019-05",
            "price": "1.47",
            "revenue": 14219
        },
        "2019-06": {
            "month": "2019-06",
            "price": "1.59",
            "revenue": 12666
        },
        "2019-07": {
            "month": "2019-07",
            "price": "1.59",
            "revenue": 9894
        },
        "2019-08": {
            "month": "2019-08",
            "price": "1.54",
            "revenue": 9818
        },
        "2019-09": {
            "month": "2019-09",
            "price": "1.52",
            "revenue": 9813
        },
        "2019-10": {
            "month": "2019-10",
            "price": "1.69",
            "revenue": 9347
        },
        "2019-11": {
            "month": "2019-11",
            "price": "2.84",
            "revenue": 9250
        },
        "2019-12": {
            "month": "2019-12",
            "price": "4.24",
            "revenue": 8915
        },
        "2020-01": {
            "month": "2020-01",
            "price": "4.18",
            "revenue": 8734
        },
        "2020-02": {
            "month": "2020-02",
            "price": "4.28",
            "revenue": 8795
        },
        "2020-03": {
            "month": "2020-03",
            "price": "3.56",
            "revenue": 8940
        },
        "2020-04": {
            "month": "2020-04",
            "price": "3.44",
            "revenue": 6485
        },
        "2020-05": {
            "month": "2020-05",
            "price": "3.91",
            "revenue": 6243
        },
        "2020-06": {
            "month": "2020-06",
            "price": "3.97",
            "revenue": 6143
        },
        "2020-07": {
            "month": "2020-07",
            "price": "5.42",
            "revenue": 6945
        },
        "2020-08": {
            "month": "2020-08",
            "price": "9.32",
            "revenue": 11265
        },
        "2020-09": {
            "month": "2020-09",
            "price": "15.13",
            "revenue": 10457
        },
        "2020-10": {
            "month": "2020-10",
            "price": "20.55",
            "revenue": 10414
        },
        "2020-11": {
            "month": "2020-11",
            "price": "19.50",
            "revenue": 10116
        },
        "2020-12": {
            "month": "2020-12",
            "price": "18.52",
            "revenue": 9979
        },
        "2021-01": {
            "month": "2021-01",
            "price": "16.92",
            "revenue": 10165
        },
        "2021-02": {
            "month": "2021-02",
            "price": "16.12",
            "revenue": 10516
        },
        "2021-03": {
            "month": "2021-03",
            "price": "17.70",
            "revenue": 12399
        },
        "2021-04": {
            "month": "2021-04",
            "price": "18.44",
            "revenue": 16531
        },
        "2021-05": {
            "month": "2021-05",
            "price": "15.52",
            "revenue": 18675
        },
        "2021-06": {
            "month": "2021-06",
            "price": "17.00",
            "revenue": 26072
        },
        "2021-07": {
            "month": "2021-07",
            "price": "19.49",
            "revenue": 26146
        },
        "2021-08": {
            "month": "2021-08",
            "price": "17.98",
            "revenue": 24209
        },
        "2021-09": {
            "month": "2021-09",
            "price": "16.44",
            "revenue": 26124
        },
        "2021-10": {
            "month": "2021-10",
            "price": "16.42",
            "revenue": 30777
        },
        "2021-11": {
            "month": "2021-11",
            "price": "16.05",
            "revenue": 29717
        },
        "2021-12": {
            "month": "2021-12",
            "price": "15.81",
            "revenue": 12410
        },
        "2022-01": {
            "month": "2022-01",
            "price": "14.84",
            "revenue": 12327
        },
        "2022-02": {
            "month": "2022-02",
            "price": "14.12",
            "revenue": 6274
        },
        "2022-03": {
            "month": "2022-03",
            "price": "16.55",
            "revenue": 1480
        },
        "2022-04": {
            "month": "2022-04",
            "price": "16.85",
            "revenue": 1449
        },
        "2022-05": {
            "month": "2022-05",
            "price": "13.48",
            "revenue": 4001
        },
        "2022-06": {
            "month": "2022-06",
            "price": "14.03",
            "revenue": 2002
        },
        "2022-07": {
            "month": "2022-07",
            "price": "12.64",
            "revenue": 582
        },
        "2022-08": {
            "month": "2022-08",
            "price": "12.56",
            "revenue": 8132
        },
        "2022-09": {
            "month": "2022-09",
            "price": "12.40",
            "revenue": 5220
        },
        "2022-10": {
            "month": "2022-10",
            "price": "11.14",
            "revenue": 21719
        },
        "2022-11": {
            "month": "2022-11",
            "price": "11.91",
            "revenue": 31597
        },
        "2022-12": {
            "month": "2022-12",
            "price": "15.06",
            "revenue": 11206
        },
        "2023-01": {
            "month": "2023-01",
            "price": "15.52",
            "revenue": 367
        },
        "2023-02": {
            "month": "2023-02",
            "price": "15.34",
            "revenue": 2914
        },
        "2023-03": {
            "month": "2023-03",
            "price": "15.30",
            "revenue": 2038
        },
        "2023-04": {
            "month": "2023-04",
            "price": "15.60",
            "revenue": 1858
        },
        "2023-05": {
            "month": "2023-05",
            "price": "15.21",
            "revenue": 2471
        },
        "2023-06": {
            "month": "2023-06",
            "price": "15.18",
            "revenue": 934
        },
        "2023-07": {
            "month": "2023-07",
            "price": "14.44",
            "revenue": 2413
        },
        "2023-08": {
            "month": "2023-08",
            "price": "13.40",
            "revenue": 4142
        },
        "2023-09": {
            "month": "2023-09",
            "price": "13.30",
            "revenue": 5192
        },
        "2023-10": {
            "month": "2023-10",
            "price": "13.01",
            "revenue": 4505
        },
        "2023-11": {
            "month": "2023-11",
            "price": "13.55",
            "revenue": 6431
        },
        "2023-12": {
            "month": "2023-12",
            "price": "13.70",
            "revenue": 7708
        }
    }
}
