{
    "summary": {
        "stock_name": "歐買尬",
        "stock_id": "3687",
        "category": "電子商務",
        "main_business": "資訊軟體服務業、資訊處理服務業、<br>電子資訊供應服務業、<br>除許可業務外，得經營法令非禁止或限制之業務",
        "website_url": "http://www.macrowell.com.tw/",
        "ceo": "羅士博",
        "pe_ratio": 42,
        "report_year_from": 2009,
        "report_year_to": 2023,
        "age": 14,
        "eps_negative_percentage": 40,
        "eps_growth_avg": {
            "last_all": 6.82,
            "last_2y": 58.27,
            "last_4y": 58.27,
            "last_8y": 58.27,
            "last_12y": 6.82,
            "last_16y": null,
            "last_20y": null,
            "at_2006_last_3y": null,
            "at_2007_last_3y": null,
            "at_2008_last_3y": null,
            "at_2009_last_3y": null,
            "at_2010_last_3y": null,
            "at_2011_last_3y": null,
            "at_2012_last_3y": null,
            "at_2013_last_3y": -31.76,
            "at_2014_last_3y": -16.1,
            "at_2015_last_3y": -74.15,
            "at_2016_last_3y": -100,
            "at_2017_last_3y": null,
            "at_2018_last_3y": null,
            "at_2019_last_3y": null,
            "at_2020_last_3y": 100,
            "at_2021_last_3y": 81.21,
            "at_2022_last_3y": 58.27,
            "at_2023_last_3y": 58.27,
            "at_2006_last_all": null,
            "at_2007_last_all": null,
            "at_2008_last_all": null,
            "at_2009_last_all": null,
            "at_2010_last_all": null,
            "at_2011_last_all": 10.62,
            "at_2012_last_all": -9.02,
            "at_2013_last_all": -31.76,
            "at_2014_last_all": -31.76,
            "at_2015_last_all": -31.76,
            "at_2016_last_all": -31.76,
            "at_2017_last_all": -31.76,
            "at_2018_last_all": -31.76,
            "at_2019_last_all": -31.76,
            "at_2020_last_all": -5.41,
            "at_2021_last_all": 5.89,
            "at_2022_last_all": 6.82,
            "at_2023_last_all": 6.82
        },
        "latest_eps": 2.53,
        "latest_price": 107,
        "latest_roe": 9.1,
        "latest_gross_margin": 40.92,
        "latest_equity": 3798359,
        "latest_revenue": 399093,
        "latest_gross_profit": 163306,
        "latest_net_income": 69532,
        "latest_debt_ratio": 54.35,
        "latest_current_ratio": 194.6,
        "latest_account_receivable_turnover_ratio": 53.5,
        "latest_inventory_turnover_ratio": 15719.13,
        "latest_reinvestment_rate": 137.77,
        "latest_research_to_sale_ratio": 6.86
    },
    "eps_dividends": {
        "2001": {
            "cash": 0,
            "stock": 0,
            "eps": 0
        },
        "2002": {
            "cash": 0,
            "stock": 0,
            "eps": 0
        },
        "2003": {
            "cash": 0,
            "stock": 0,
            "eps": 0
        },
        "2004": {
            "cash": 0,
            "stock": 0,
            "eps": 0
        },
        "2005": {
            "cash": 0,
            "stock": 0,
            "eps": 0
        },
        "2006": {
            "cash": 0,
            "stock": 0,
            "eps": 0
        },
        "2007": {
            "cash": 0,
            "stock": 0,
            "eps": 0
        },
        "2008": {
            "cash": 0,
            "stock": 0,
            "eps": 0
        },
        "2009": {
            "cash": 0,
            "stock": 0,
            "eps": 10.73
        },
        "2010": {
            "cash": 5,
            "stock": 1.5,
            "eps": 2.28
        },
        "2011": {
            "cash": 0.5,
            "stock": 2,
            "eps": 12.34
        },
        "2012": {
            "cash": 10,
            "stock": 0.05,
            "eps": 6.38
        },
        "2013": {
            "cash": 5,
            "stock": 0,
            "eps": -4.23
        },
        "2014": {
            "cash": 0,
            "stock": 0,
            "eps": -12.71
        },
        "2015": {
            "cash": 0,
            "stock": 0,
            "eps": -3.62
        },
        "2016": {
            "cash": 0,
            "stock": 0,
            "eps": -8.63
        },
        "2017": {
            "cash": 0,
            "stock": 0,
            "eps": -4.37
        },
        "2018": {
            "cash": 0,
            "stock": 0,
            "eps": -3.29
        },
        "2019": {
            "cash": 0,
            "stock": 0,
            "eps": 0.12
        },
        "2020": {
            "cash": 0.07,
            "stock": 0,
            "eps": 1.49
        },
        "2021": {
            "cash": 0.6,
            "stock": 0,
            "eps": 2.42
        },
        "2022": {
            "cash": 1.2,
            "stock": 0,
            "eps": 2.72
        },
        "2023": {
            "cash": 1.5,
            "stock": 0,
            "eps": 0.36
        }
    },
    "dividends": {
        "2010-04-09": {
            "cash": 5,
            "stock": 1.5
        },
        "2011-03-29": {
            "cash": 0.5,
            "stock": 2
        },
        "2012-06-04": {
            "cash": 10,
            "stock": 0.05
        },
        "2013-06-17": {
            "cash": 5,
            "stock": 0
        },
        "2020-07-31": {
            "cash": 0.07,
            "stock": 0
        },
        "2021-07-30": {
            "cash": 0.6,
            "stock": 0
        },
        "2022-08-12": {
            "cash": 1.2,
            "stock": 0
        },
        "2023-08-18": {
            "cash": 1.5,
            "stock": 0
        }
    },
    "prices": {
        "200101": "無",
        "200102": "無",
        "200103": "無",
        "200104": "無",
        "200105": "無",
        "200106": "無",
        "200107": "無",
        "200108": "無",
        "200109": "無",
        "200110": "無",
        "200111": "無",
        "200112": "無",
        "200201": "無",
        "200202": "無",
        "200203": "無",
        "200204": "無",
        "200205": "無",
        "200206": "無",
        "200207": "無",
        "200208": "無",
        "200209": "無",
        "200210": "無",
        "200211": "無",
        "200212": "無",
        "200301": "無",
        "200302": "無",
        "200303": "無",
        "200304": "無",
        "200305": "無",
        "200306": "無",
        "200307": "無",
        "200308": "無",
        "200309": "無",
        "200310": "無",
        "200311": "無",
        "200312": "無",
        "200401": "無",
        "200402": "無",
        "200403": "無",
        "200404": "無",
        "200405": "無",
        "200406": "無",
        "200407": "無",
        "200408": "無",
        "200409": "無",
        "200410": "無",
        "200411": "無",
        "200412": "無",
        "200501": "無",
        "200502": "無",
        "200503": "無",
        "200504": "無",
        "200505": "無",
        "200506": "無",
        "200507": "無",
        "200508": "無",
        "200509": "無",
        "200510": "無",
        "200511": "無",
        "200512": "無",
        "200601": "無",
        "200602": "無",
        "200603": "無",
        "200604": "無",
        "200605": "無",
        "200606": "無",
        "200607": "無",
        "200608": "無",
        "200609": "無",
        "200610": "無",
        "200611": "無",
        "200612": "無",
        "200701": "無",
        "200702": "無",
        "200703": "無",
        "200704": "無",
        "200705": "無",
        "200706": "無",
        "200707": "無",
        "200708": "無",
        "200709": "無",
        "200710": "無",
        "200711": "無",
        "200712": "無",
        "200801": "無",
        "200802": "無",
        "200803": "無",
        "200804": "無",
        "200805": "無",
        "200806": "無",
        "200807": "無",
        "200808": "無",
        "200809": "無",
        "200810": "無",
        "200811": "無",
        "200812": "無",
        "200901": "無",
        "200902": "無",
        "200903": "無",
        "200904": "無",
        "200905": "無",
        "200906": "無",
        "200907": "無",
        "200908": "無",
        "200909": "無",
        "200910": "無",
        "200911": "無",
        "200912": "無",
        "201001": "325.00",
        "201002": "254.47",
        "201003": "237.17",
        "201004": "239.92",
        "201005": "228.53",
        "201006": "215.50",
        "201007": "210.63",
        "201008": "210.92",
        "201009": "224.18",
        "201010": "193.52",
        "201011": "187.37",
        "201012": "173.55",
        "201101": "149.57",
        "201102": "141.57",
        "201103": "143.63",
        "201104": "145.89",
        "201105": "206.69",
        "201106": "243.07",
        "201107": "257.45",
        "201108": "241.43",
        "201109": "232.67",
        "201110": "213.60",
        "201111": "207.77",
        "201112": "181.80",
        "201201": "164.63",
        "201202": "182.22",
        "201203": "198.02",
        "201204": "203.82",
        "201205": "205.59",
        "201206": "200.76",
        "201207": "194.43",
        "201208": "186.39",
        "201209": "153.45",
        "201210": "104.04",
        "201211": "113.92",
        "201212": "133.93",
        "201301": "121.27",
        "201302": "106.04",
        "201303": "107.64",
        "201304": "91.27",
        "201305": "87.40",
        "201306": "87.38",
        "201307": "82.00",
        "201308": "109.11",
        "201309": "98.55",
        "201310": "85.85",
        "201311": "85.19",
        "201312": "93.15",
        "201401": "94.24",
        "201402": "88.65",
        "201403": "86.52",
        "201404": "91.04",
        "201405": "86.33",
        "201406": "90.74",
        "201407": "83.92",
        "201408": "69.51",
        "201409": "70.50",
        "201410": "63.44",
        "201411": "63.32",
        "201412": "69.83",
        "201501": "84.47",
        "201502": "77.78",
        "201503": "76.36",
        "201504": "71.33",
        "201505": "69.71",
        "201506": "70.21",
        "201507": "62.40",
        "201508": "48.44",
        "201509": "47.57",
        "201510": "61.65",
        "201511": "69.00",
        "201512": "65.09",
        "201601": "59.69",
        "201602": "60.75",
        "201603": "66.91",
        "201604": "61.28",
        "201605": "54.82",
        "201606": "54.89",
        "201607": "55.12",
        "201608": "50.71",
        "201609": "48.17",
        "201610": "48.88",
        "201611": "41.91",
        "201612": "42.73",
        "201701": "44.68",
        "201702": "43.14",
        "201703": "42.46",
        "201704": "42.04",
        "201705": "43.11",
        "201706": "48.92",
        "201707": "42.63",
        "201708": "40.00",
        "201709": "40.13",
        "201710": "39.99",
        "201711": "39.53",
        "201712": "36.58",
        "201801": "40.30",
        "201802": "34.75",
        "201803": "33.92",
        "201804": "35.42",
        "201805": "33.80",
        "201806": "33.59",
        "201807": "30.50",
        "201808": "27.08",
        "201809": "25.06",
        "201810": "23.56",
        "201811": "22.76",
        "201812": "23.15",
        "201901": "25.55",
        "201902": "25.25",
        "201903": "26.18",
        "201904": "25.33",
        "201905": "24.42",
        "201906": "24.70",
        "201907": "25.25",
        "201908": "25.41",
        "201909": "32.97",
        "201910": "39.67",
        "201911": "41.70",
        "201912": "40.27",
        "202001": "41.91",
        "202002": "40.19",
        "202003": "31.61",
        "202004": "38.74",
        "202005": "44.98",
        "202006": "61.62",
        "202007": "57.75",
        "202008": "52.73",
        "202009": "47.85",
        "202010": "41.94",
        "202011": "43.86",
        "202012": "48.70",
        "202101": "48.73",
        "202102": "46.37",
        "202103": "48.46",
        "202104": "63.29",
        "202105": "78.07",
        "202106": "99.90",
        "202107": "125.59",
        "202108": "105.39",
        "202109": "105.72",
        "202110": "90.68",
        "202111": "107.75",
        "202112": "156.32",
        "202201": "170.33",
        "202202": "161.67",
        "202203": "173.80",
        "202204": "144.29",
        "202205": "130.57",
        "202206": "123.62",
        "202207": "99.36",
        "202208": "93.93",
        "202209": "82.08",
        "202210": "71.47",
        "202211": "80.40",
        "202212": "88.90",
        "202301": "93.59",
        "202302": "90.21",
        "202303": "85.72",
        "202304": "84.08",
        "202305": "86.60",
        "202306": "91.21"
    },
    "quarters": {
        "20011": {
            "year_quarter": 20011,
            "year": 2001,
            "quarter": 1,
            "eps": null,
            "eps_growth_year": null,
            "eps_4q": null,
            "eps_4q_growth_year": null,
            "roe": null,
            "roe_4q": 0,
            "gross_profit": null,
            "gross_margin": null,
            "gross_margin_4q_avg": 0,
            "net_income": null,
            "revenue": null,
            "common_shares": null,
            "book_valuer_per_share": null,
            "book_valuer_per_share_4q_avg": 0,
            "equity": null,
            "current_ratio": null,
            "debt_ratio": null,
            "inventory_turnover_ratio": null,
            "account_receivable_turnover_ratio": null,
            "reinvestment_rate": null,
            "research_to_sale_ratio": null,
            "price_fair": 0,
            "eps_avg_yearly": 0,
            "eps_latest_yearly": 0,
            "eps_growth_yearly": 0
        },
        "20012": {
            "year_quarter": 20012,
            "year": 2001,
            "quarter": 2,
            "eps": null,
            "eps_growth_year": null,
            "eps_4q": null,
            "eps_4q_growth_year": null,
            "roe": null,
            "roe_4q": 0,
            "gross_profit": null,
            "gross_margin": null,
            "gross_margin_4q_avg": 0,
            "net_income": null,
            "revenue": null,
            "common_shares": null,
            "book_valuer_per_share": null,
            "book_valuer_per_share_4q_avg": 0,
            "equity": null,
            "current_ratio": null,
            "debt_ratio": null,
            "inventory_turnover_ratio": null,
            "account_receivable_turnover_ratio": null,
            "reinvestment_rate": null,
            "research_to_sale_ratio": null,
            "price_fair": 0,
            "eps_avg_yearly": 0,
            "eps_latest_yearly": 0,
            "eps_growth_yearly": 0
        },
        "20013": {
            "year_quarter": 20013,
            "year": 2001,
            "quarter": 3,
            "eps": null,
            "eps_growth_year": null,
            "eps_4q": null,
            "eps_4q_growth_year": null,
            "roe": null,
            "roe_4q": 0,
            "gross_profit": null,
            "gross_margin": null,
            "gross_margin_4q_avg": 0,
            "net_income": null,
            "revenue": null,
            "common_shares": null,
            "book_valuer_per_share": null,
            "book_valuer_per_share_4q_avg": 0,
            "equity": null,
            "current_ratio": null,
            "debt_ratio": null,
            "inventory_turnover_ratio": null,
            "account_receivable_turnover_ratio": null,
            "reinvestment_rate": null,
            "research_to_sale_ratio": null,
            "price_fair": 0,
            "eps_avg_yearly": 0,
            "eps_latest_yearly": 0,
            "eps_growth_yearly": 0
        },
        "20014": {
            "year_quarter": 20014,
            "year": 2001,
            "quarter": 4,
            "eps": null,
            "eps_growth_year": null,
            "eps_4q": null,
            "eps_4q_growth_year": null,
            "roe": null,
            "roe_4q": 0,
            "gross_profit": null,
            "gross_margin": null,
            "gross_margin_4q_avg": 0,
            "net_income": null,
            "revenue": null,
            "common_shares": null,
            "book_valuer_per_share": null,
            "book_valuer_per_share_4q_avg": 0,
            "equity": null,
            "current_ratio": null,
            "debt_ratio": null,
            "inventory_turnover_ratio": null,
            "account_receivable_turnover_ratio": null,
            "reinvestment_rate": null,
            "research_to_sale_ratio": null,
            "price_fair": 0,
            "eps_avg_yearly": 0,
            "eps_latest_yearly": 0,
            "eps_growth_yearly": 0
        },
        "20021": {
            "year_quarter": 20021,
            "year": 2002,
            "quarter": 1,
            "eps": null,
            "eps_growth_year": null,
            "eps_4q": null,
            "eps_4q_growth_year": null,
            "roe": null,
            "roe_4q": 0,
            "gross_profit": null,
            "gross_margin": null,
            "gross_margin_4q_avg": 0,
            "net_income": null,
            "revenue": null,
            "common_shares": null,
            "book_valuer_per_share": null,
            "book_valuer_per_share_4q_avg": 0,
            "equity": null,
            "current_ratio": null,
            "debt_ratio": null,
            "inventory_turnover_ratio": null,
            "account_receivable_turnover_ratio": null,
            "reinvestment_rate": null,
            "research_to_sale_ratio": null,
            "price_fair": 0,
            "eps_avg_yearly": 0,
            "eps_latest_yearly": 0,
            "eps_growth_yearly": 0
        },
        "20022": {
            "year_quarter": 20022,
            "year": 2002,
            "quarter": 2,
            "eps": null,
            "eps_growth_year": null,
            "eps_4q": null,
            "eps_4q_growth_year": null,
            "roe": null,
            "roe_4q": 0,
            "gross_profit": null,
            "gross_margin": null,
            "gross_margin_4q_avg": 0,
            "net_income": null,
            "revenue": null,
            "common_shares": null,
            "book_valuer_per_share": null,
            "book_valuer_per_share_4q_avg": 0,
            "equity": null,
            "current_ratio": null,
            "debt_ratio": null,
            "inventory_turnover_ratio": null,
            "account_receivable_turnover_ratio": null,
            "reinvestment_rate": null,
            "research_to_sale_ratio": null,
            "price_fair": 0,
            "eps_avg_yearly": 0,
            "eps_latest_yearly": 0,
            "eps_growth_yearly": 0
        },
        "20023": {
            "year_quarter": 20023,
            "year": 2002,
            "quarter": 3,
            "eps": null,
            "eps_growth_year": null,
            "eps_4q": null,
            "eps_4q_growth_year": null,
            "roe": null,
            "roe_4q": 0,
            "gross_profit": null,
            "gross_margin": null,
            "gross_margin_4q_avg": 0,
            "net_income": null,
            "revenue": null,
            "common_shares": null,
            "book_valuer_per_share": null,
            "book_valuer_per_share_4q_avg": 0,
            "equity": null,
            "current_ratio": null,
            "debt_ratio": null,
            "inventory_turnover_ratio": null,
            "account_receivable_turnover_ratio": null,
            "reinvestment_rate": null,
            "research_to_sale_ratio": null,
            "price_fair": 0,
            "eps_avg_yearly": 0,
            "eps_latest_yearly": 0,
            "eps_growth_yearly": 0
        },
        "20024": {
            "year_quarter": 20024,
            "year": 2002,
            "quarter": 4,
            "eps": null,
            "eps_growth_year": null,
            "eps_4q": null,
            "eps_4q_growth_year": null,
            "roe": null,
            "roe_4q": 0,
            "gross_profit": null,
            "gross_margin": null,
            "gross_margin_4q_avg": 0,
            "net_income": null,
            "revenue": null,
            "common_shares": null,
            "book_valuer_per_share": null,
            "book_valuer_per_share_4q_avg": 0,
            "equity": null,
            "current_ratio": null,
            "debt_ratio": null,
            "inventory_turnover_ratio": null,
            "account_receivable_turnover_ratio": null,
            "reinvestment_rate": null,
            "research_to_sale_ratio": null,
            "price_fair": 0,
            "eps_avg_yearly": 0,
            "eps_latest_yearly": 0,
            "eps_growth_yearly": 0
        },
        "20031": {
            "year_quarter": 20031,
            "year": 2003,
            "quarter": 1,
            "eps": null,
            "eps_growth_year": null,
            "eps_4q": null,
            "eps_4q_growth_year": null,
            "roe": null,
            "roe_4q": 0,
            "gross_profit": null,
            "gross_margin": null,
            "gross_margin_4q_avg": 0,
            "net_income": null,
            "revenue": null,
            "common_shares": null,
            "book_valuer_per_share": null,
            "book_valuer_per_share_4q_avg": 0,
            "equity": null,
            "current_ratio": null,
            "debt_ratio": null,
            "inventory_turnover_ratio": null,
            "account_receivable_turnover_ratio": null,
            "reinvestment_rate": null,
            "research_to_sale_ratio": null,
            "price_fair": 0,
            "eps_avg_yearly": 0,
            "eps_latest_yearly": 0,
            "eps_growth_yearly": 0
        },
        "20032": {
            "year_quarter": 20032,
            "year": 2003,
            "quarter": 2,
            "eps": null,
            "eps_growth_year": null,
            "eps_4q": null,
            "eps_4q_growth_year": null,
            "roe": null,
            "roe_4q": 0,
            "gross_profit": null,
            "gross_margin": null,
            "gross_margin_4q_avg": 0,
            "net_income": null,
            "revenue": null,
            "common_shares": null,
            "book_valuer_per_share": null,
            "book_valuer_per_share_4q_avg": 0,
            "equity": null,
            "current_ratio": null,
            "debt_ratio": null,
            "inventory_turnover_ratio": null,
            "account_receivable_turnover_ratio": null,
            "reinvestment_rate": null,
            "research_to_sale_ratio": null,
            "price_fair": 0,
            "eps_avg_yearly": 0,
            "eps_latest_yearly": 0,
            "eps_growth_yearly": 0
        },
        "20033": {
            "year_quarter": 20033,
            "year": 2003,
            "quarter": 3,
            "eps": null,
            "eps_growth_year": null,
            "eps_4q": null,
            "eps_4q_growth_year": null,
            "roe": null,
            "roe_4q": 0,
            "gross_profit": null,
            "gross_margin": null,
            "gross_margin_4q_avg": 0,
            "net_income": null,
            "revenue": null,
            "common_shares": null,
            "book_valuer_per_share": null,
            "book_valuer_per_share_4q_avg": 0,
            "equity": null,
            "current_ratio": null,
            "debt_ratio": null,
            "inventory_turnover_ratio": null,
            "account_receivable_turnover_ratio": null,
            "reinvestment_rate": null,
            "research_to_sale_ratio": null,
            "price_fair": 0,
            "eps_avg_yearly": 0,
            "eps_latest_yearly": 0,
            "eps_growth_yearly": 0
        },
        "20034": {
            "year_quarter": 20034,
            "year": 2003,
            "quarter": 4,
            "eps": null,
            "eps_growth_year": null,
            "eps_4q": null,
            "eps_4q_growth_year": null,
            "roe": null,
            "roe_4q": 0,
            "gross_profit": null,
            "gross_margin": null,
            "gross_margin_4q_avg": 0,
            "net_income": null,
            "revenue": null,
            "common_shares": null,
            "book_valuer_per_share": null,
            "book_valuer_per_share_4q_avg": 0,
            "equity": null,
            "current_ratio": null,
            "debt_ratio": null,
            "inventory_turnover_ratio": null,
            "account_receivable_turnover_ratio": null,
            "reinvestment_rate": null,
            "research_to_sale_ratio": null,
            "price_fair": 0,
            "eps_avg_yearly": 0,
            "eps_latest_yearly": 0,
            "eps_growth_yearly": 0
        },
        "20041": {
            "year_quarter": 20041,
            "year": 2004,
            "quarter": 1,
            "eps": null,
            "eps_growth_year": null,
            "eps_4q": null,
            "eps_4q_growth_year": null,
            "roe": null,
            "roe_4q": 0,
            "gross_profit": null,
            "gross_margin": null,
            "gross_margin_4q_avg": 0,
            "net_income": null,
            "revenue": null,
            "common_shares": null,
            "book_valuer_per_share": null,
            "book_valuer_per_share_4q_avg": 0,
            "equity": null,
            "current_ratio": null,
            "debt_ratio": null,
            "inventory_turnover_ratio": null,
            "account_receivable_turnover_ratio": null,
            "reinvestment_rate": null,
            "research_to_sale_ratio": null,
            "price_fair": 0,
            "eps_avg_yearly": 0,
            "eps_latest_yearly": 0,
            "eps_growth_yearly": 0
        },
        "20042": {
            "year_quarter": 20042,
            "year": 2004,
            "quarter": 2,
            "eps": null,
            "eps_growth_year": null,
            "eps_4q": null,
            "eps_4q_growth_year": null,
            "roe": null,
            "roe_4q": 0,
            "gross_profit": null,
            "gross_margin": null,
            "gross_margin_4q_avg": 0,
            "net_income": null,
            "revenue": null,
            "common_shares": null,
            "book_valuer_per_share": null,
            "book_valuer_per_share_4q_avg": 0,
            "equity": null,
            "current_ratio": null,
            "debt_ratio": null,
            "inventory_turnover_ratio": null,
            "account_receivable_turnover_ratio": null,
            "reinvestment_rate": null,
            "research_to_sale_ratio": null,
            "price_fair": 0,
            "eps_avg_yearly": 0,
            "eps_latest_yearly": 0,
            "eps_growth_yearly": 0
        },
        "20043": {
            "year_quarter": 20043,
            "year": 2004,
            "quarter": 3,
            "eps": null,
            "eps_growth_year": null,
            "eps_4q": null,
            "eps_4q_growth_year": null,
            "roe": null,
            "roe_4q": 0,
            "gross_profit": null,
            "gross_margin": null,
            "gross_margin_4q_avg": 0,
            "net_income": null,
            "revenue": null,
            "common_shares": null,
            "book_valuer_per_share": null,
            "book_valuer_per_share_4q_avg": 0,
            "equity": null,
            "current_ratio": null,
            "debt_ratio": null,
            "inventory_turnover_ratio": null,
            "account_receivable_turnover_ratio": null,
            "reinvestment_rate": null,
            "research_to_sale_ratio": null,
            "price_fair": 0,
            "eps_avg_yearly": 0,
            "eps_latest_yearly": 0,
            "eps_growth_yearly": 0
        },
        "20044": {
            "year_quarter": 20044,
            "year": 2004,
            "quarter": 4,
            "eps": null,
            "eps_growth_year": null,
            "eps_4q": null,
            "eps_4q_growth_year": null,
            "roe": null,
            "roe_4q": 0,
            "gross_profit": null,
            "gross_margin": null,
            "gross_margin_4q_avg": 0,
            "net_income": null,
            "revenue": null,
            "common_shares": 39000,
            "book_valuer_per_share": 2.44,
            "book_valuer_per_share_4q_avg": 0.61,
            "equity": 9513,
            "current_ratio": 232.82,
            "debt_ratio": 17.03,
            "inventory_turnover_ratio": null,
            "account_receivable_turnover_ratio": null,
            "reinvestment_rate": null,
            "research_to_sale_ratio": null,
            "price_fair": 0,
            "eps_avg_yearly": 0,
            "eps_latest_yearly": 0,
            "eps_growth_yearly": 0
        },
        "20051": {
            "year_quarter": 20051,
            "year": 2005,
            "quarter": 1,
            "eps": null,
            "eps_growth_year": null,
            "eps_4q": null,
            "eps_4q_growth_year": null,
            "roe": null,
            "roe_4q": 0,
            "gross_profit": null,
            "gross_margin": null,
            "gross_margin_4q_avg": 0,
            "net_income": null,
            "revenue": null,
            "common_shares": null,
            "book_valuer_per_share": null,
            "book_valuer_per_share_4q_avg": 0.61,
            "equity": null,
            "current_ratio": null,
            "debt_ratio": null,
            "inventory_turnover_ratio": null,
            "account_receivable_turnover_ratio": null,
            "reinvestment_rate": null,
            "research_to_sale_ratio": null,
            "price_fair": 0,
            "eps_avg_yearly": 0,
            "eps_latest_yearly": 0,
            "eps_growth_yearly": 0
        },
        "20052": {
            "year_quarter": 20052,
            "year": 2005,
            "quarter": 2,
            "eps": null,
            "eps_growth_year": null,
            "eps_4q": null,
            "eps_4q_growth_year": null,
            "roe": null,
            "roe_4q": 0,
            "gross_profit": null,
            "gross_margin": null,
            "gross_margin_4q_avg": 0,
            "net_income": null,
            "revenue": null,
            "common_shares": null,
            "book_valuer_per_share": null,
            "book_valuer_per_share_4q_avg": 0.61,
            "equity": null,
            "current_ratio": null,
            "debt_ratio": null,
            "inventory_turnover_ratio": null,
            "account_receivable_turnover_ratio": null,
            "reinvestment_rate": null,
            "research_to_sale_ratio": null,
            "price_fair": 0,
            "eps_avg_yearly": 0,
            "eps_latest_yearly": 0,
            "eps_growth_yearly": 0
        },
        "20053": {
            "year_quarter": 20053,
            "year": 2005,
            "quarter": 3,
            "eps": null,
            "eps_growth_year": null,
            "eps_4q": null,
            "eps_4q_growth_year": null,
            "roe": null,
            "roe_4q": 0,
            "gross_profit": null,
            "gross_margin": null,
            "gross_margin_4q_avg": 0,
            "net_income": null,
            "revenue": null,
            "common_shares": null,
            "book_valuer_per_share": null,
            "book_valuer_per_share_4q_avg": 0.61,
            "equity": null,
            "current_ratio": null,
            "debt_ratio": null,
            "inventory_turnover_ratio": null,
            "account_receivable_turnover_ratio": null,
            "reinvestment_rate": null,
            "research_to_sale_ratio": null,
            "price_fair": 0,
            "eps_avg_yearly": 0,
            "eps_latest_yearly": 0,
            "eps_growth_yearly": 0
        },
        "20054": {
            "year_quarter": 20054,
            "year": 2005,
            "quarter": 4,
            "eps": null,
            "eps_growth_year": null,
            "eps_4q": null,
            "eps_4q_growth_year": null,
            "roe": null,
            "roe_4q": 0,
            "gross_profit": null,
            "gross_margin": null,
            "gross_margin_4q_avg": 0,
            "net_income": null,
            "revenue": null,
            "common_shares": 39000,
            "book_valuer_per_share": 0,
            "book_valuer_per_share_4q_avg": 0,
            "equity": 12,
            "current_ratio": 39.49,
            "debt_ratio": 99.89,
            "inventory_turnover_ratio": null,
            "account_receivable_turnover_ratio": null,
            "reinvestment_rate": null,
            "research_to_sale_ratio": null,
            "price_fair": 0,
            "eps_avg_yearly": 0,
            "eps_latest_yearly": 0,
            "eps_growth_yearly": 0
        },
        "20061": {
            "year_quarter": 20061,
            "year": 2006,
            "quarter": 1,
            "eps": null,
            "eps_growth_year": null,
            "eps_4q": null,
            "eps_4q_growth_year": null,
            "roe": null,
            "roe_4q": 0,
            "gross_profit": null,
            "gross_margin": null,
            "gross_margin_4q_avg": 0,
            "net_income": null,
            "revenue": null,
            "common_shares": null,
            "book_valuer_per_share": null,
            "book_valuer_per_share_4q_avg": 0,
            "equity": null,
            "current_ratio": null,
            "debt_ratio": null,
            "inventory_turnover_ratio": null,
            "account_receivable_turnover_ratio": null,
            "reinvestment_rate": null,
            "research_to_sale_ratio": null,
            "price_fair": 0,
            "eps_avg_yearly": 0,
            "eps_latest_yearly": 0,
            "eps_growth_yearly": 0
        },
        "20062": {
            "year_quarter": 20062,
            "year": 2006,
            "quarter": 2,
            "eps": null,
            "eps_growth_year": null,
            "eps_4q": null,
            "eps_4q_growth_year": null,
            "roe": null,
            "roe_4q": 0,
            "gross_profit": null,
            "gross_margin": null,
            "gross_margin_4q_avg": 0,
            "net_income": null,
            "revenue": null,
            "common_shares": null,
            "book_valuer_per_share": null,
            "book_valuer_per_share_4q_avg": 0,
            "equity": null,
            "current_ratio": null,
            "debt_ratio": null,
            "inventory_turnover_ratio": null,
            "account_receivable_turnover_ratio": null,
            "reinvestment_rate": null,
            "research_to_sale_ratio": null,
            "price_fair": 0,
            "eps_avg_yearly": 0,
            "eps_latest_yearly": 0,
            "eps_growth_yearly": 0
        },
        "20063": {
            "year_quarter": 20063,
            "year": 2006,
            "quarter": 3,
            "eps": null,
            "eps_growth_year": null,
            "eps_4q": null,
            "eps_4q_growth_year": null,
            "roe": null,
            "roe_4q": 0,
            "gross_profit": null,
            "gross_margin": null,
            "gross_margin_4q_avg": 0,
            "net_income": null,
            "revenue": null,
            "common_shares": null,
            "book_valuer_per_share": null,
            "book_valuer_per_share_4q_avg": 0,
            "equity": null,
            "current_ratio": null,
            "debt_ratio": null,
            "inventory_turnover_ratio": null,
            "account_receivable_turnover_ratio": null,
            "reinvestment_rate": null,
            "research_to_sale_ratio": null,
            "price_fair": 0,
            "eps_avg_yearly": 0,
            "eps_latest_yearly": 0,
            "eps_growth_yearly": 0
        },
        "20064": {
            "year_quarter": 20064,
            "year": 2006,
            "quarter": 4,
            "eps": null,
            "eps_growth_year": null,
            "eps_4q": null,
            "eps_4q_growth_year": null,
            "roe": null,
            "roe_4q": 0,
            "gross_profit": null,
            "gross_margin": null,
            "gross_margin_4q_avg": 0,
            "net_income": null,
            "revenue": null,
            "common_shares": 39000,
            "book_valuer_per_share": 9.77,
            "book_valuer_per_share_4q_avg": 2.44,
            "equity": 38117,
            "current_ratio": 134.99,
            "debt_ratio": 57.31,
            "inventory_turnover_ratio": null,
            "account_receivable_turnover_ratio": null,
            "reinvestment_rate": null,
            "research_to_sale_ratio": null,
            "price_fair": 0,
            "eps_avg_yearly": 0,
            "eps_latest_yearly": 0,
            "eps_growth_yearly": 0
        },
        "20071": {
            "year_quarter": 20071,
            "year": 2007,
            "quarter": 1,
            "eps": null,
            "eps_growth_year": null,
            "eps_4q": null,
            "eps_4q_growth_year": null,
            "roe": null,
            "roe_4q": 0,
            "gross_profit": null,
            "gross_margin": null,
            "gross_margin_4q_avg": 0,
            "net_income": null,
            "revenue": null,
            "common_shares": null,
            "book_valuer_per_share": null,
            "book_valuer_per_share_4q_avg": 2.44,
            "equity": null,
            "current_ratio": null,
            "debt_ratio": null,
            "inventory_turnover_ratio": null,
            "account_receivable_turnover_ratio": null,
            "reinvestment_rate": null,
            "research_to_sale_ratio": null,
            "price_fair": 0,
            "eps_avg_yearly": 0,
            "eps_latest_yearly": 0,
            "eps_growth_yearly": 0
        },
        "20072": {
            "year_quarter": 20072,
            "year": 2007,
            "quarter": 2,
            "eps": null,
            "eps_growth_year": null,
            "eps_4q": null,
            "eps_4q_growth_year": null,
            "roe": null,
            "roe_4q": 0,
            "gross_profit": null,
            "gross_margin": null,
            "gross_margin_4q_avg": 0,
            "net_income": null,
            "revenue": null,
            "common_shares": null,
            "book_valuer_per_share": null,
            "book_valuer_per_share_4q_avg": 2.44,
            "equity": null,
            "current_ratio": null,
            "debt_ratio": null,
            "inventory_turnover_ratio": null,
            "account_receivable_turnover_ratio": null,
            "reinvestment_rate": null,
            "research_to_sale_ratio": null,
            "price_fair": 0,
            "eps_avg_yearly": 0,
            "eps_latest_yearly": 0,
            "eps_growth_yearly": 0
        },
        "20073": {
            "year_quarter": 20073,
            "year": 2007,
            "quarter": 3,
            "eps": null,
            "eps_growth_year": null,
            "eps_4q": null,
            "eps_4q_growth_year": null,
            "roe": null,
            "roe_4q": 0,
            "gross_profit": null,
            "gross_margin": null,
            "gross_margin_4q_avg": 0,
            "net_income": null,
            "revenue": null,
            "common_shares": null,
            "book_valuer_per_share": null,
            "book_valuer_per_share_4q_avg": 2.44,
            "equity": null,
            "current_ratio": null,
            "debt_ratio": null,
            "inventory_turnover_ratio": null,
            "account_receivable_turnover_ratio": null,
            "reinvestment_rate": null,
            "research_to_sale_ratio": null,
            "price_fair": 0,
            "eps_avg_yearly": 0,
            "eps_latest_yearly": 0,
            "eps_growth_yearly": 0
        },
        "20074": {
            "year_quarter": 20074,
            "year": 2007,
            "quarter": 4,
            "eps": null,
            "eps_growth_year": null,
            "eps_4q": null,
            "eps_4q_growth_year": null,
            "roe": null,
            "roe_4q": 0,
            "gross_profit": null,
            "gross_margin": null,
            "gross_margin_4q_avg": 0,
            "net_income": null,
            "revenue": null,
            "common_shares": 39000,
            "book_valuer_per_share": 24.87,
            "book_valuer_per_share_4q_avg": 6.22,
            "equity": 96998,
            "current_ratio": 148,
            "debt_ratio": 34.58,
            "inventory_turnover_ratio": null,
            "account_receivable_turnover_ratio": null,
            "reinvestment_rate": null,
            "research_to_sale_ratio": null,
            "price_fair": 0,
            "eps_avg_yearly": 0,
            "eps_latest_yearly": 0,
            "eps_growth_yearly": 0
        },
        "20081": {
            "year_quarter": 20081,
            "year": 2008,
            "quarter": 1,
            "eps": null,
            "eps_growth_year": null,
            "eps_4q": null,
            "eps_4q_growth_year": null,
            "roe": null,
            "roe_4q": 0,
            "gross_profit": null,
            "gross_margin": null,
            "gross_margin_4q_avg": 0,
            "net_income": null,
            "revenue": null,
            "common_shares": null,
            "book_valuer_per_share": null,
            "book_valuer_per_share_4q_avg": 6.22,
            "equity": null,
            "current_ratio": null,
            "debt_ratio": null,
            "inventory_turnover_ratio": null,
            "account_receivable_turnover_ratio": null,
            "reinvestment_rate": null,
            "research_to_sale_ratio": null,
            "price_fair": 0,
            "eps_avg_yearly": 0,
            "eps_latest_yearly": 0,
            "eps_growth_yearly": 0
        },
        "20082": {
            "year_quarter": 20082,
            "year": 2008,
            "quarter": 2,
            "eps": null,
            "eps_growth_year": null,
            "eps_4q": null,
            "eps_4q_growth_year": null,
            "roe": null,
            "roe_4q": 0,
            "gross_profit": null,
            "gross_margin": null,
            "gross_margin_4q_avg": 0,
            "net_income": null,
            "revenue": null,
            "common_shares": null,
            "book_valuer_per_share": null,
            "book_valuer_per_share_4q_avg": 6.22,
            "equity": null,
            "current_ratio": null,
            "debt_ratio": null,
            "inventory_turnover_ratio": null,
            "account_receivable_turnover_ratio": null,
            "reinvestment_rate": null,
            "research_to_sale_ratio": null,
            "price_fair": 0,
            "eps_avg_yearly": 0,
            "eps_latest_yearly": 0,
            "eps_growth_yearly": 0
        },
        "20083": {
            "year_quarter": 20083,
            "year": 2008,
            "quarter": 3,
            "eps": null,
            "eps_growth_year": null,
            "eps_4q": null,
            "eps_4q_growth_year": null,
            "roe": null,
            "roe_4q": 0,
            "gross_profit": null,
            "gross_margin": null,
            "gross_margin_4q_avg": 0,
            "net_income": null,
            "revenue": null,
            "common_shares": null,
            "book_valuer_per_share": null,
            "book_valuer_per_share_4q_avg": 6.22,
            "equity": null,
            "current_ratio": null,
            "debt_ratio": null,
            "inventory_turnover_ratio": null,
            "account_receivable_turnover_ratio": null,
            "reinvestment_rate": null,
            "research_to_sale_ratio": null,
            "price_fair": 0,
            "eps_avg_yearly": 0,
            "eps_latest_yearly": 0,
            "eps_growth_yearly": 0
        },
        "20084": {
            "year_quarter": 20084,
            "year": 2008,
            "quarter": 4,
            "eps": null,
            "eps_growth_year": null,
            "eps_4q": null,
            "eps_4q_growth_year": null,
            "roe": null,
            "roe_4q": 0,
            "gross_profit": null,
            "gross_margin": null,
            "gross_margin_4q_avg": 0,
            "net_income": null,
            "revenue": null,
            "common_shares": 39000,
            "book_valuer_per_share": 97.05,
            "book_valuer_per_share_4q_avg": 24.26,
            "equity": 378490,
            "current_ratio": 177.48,
            "debt_ratio": 45.63,
            "inventory_turnover_ratio": null,
            "account_receivable_turnover_ratio": null,
            "reinvestment_rate": null,
            "research_to_sale_ratio": null,
            "price_fair": 0,
            "eps_avg_yearly": 0,
            "eps_latest_yearly": 0,
            "eps_growth_yearly": 0
        },
        "20091": {
            "year_quarter": 20091,
            "year": 2009,
            "quarter": 1,
            "eps": 10.14,
            "eps_growth_year": null,
            "eps_4q": null,
            "eps_4q_growth_year": null,
            "roe": 34.58,
            "roe_4q": 34.58,
            "gross_profit": 279022,
            "gross_margin": 68.06,
            "gross_margin_4q_avg": 17.02,
            "net_income": 158251,
            "revenue": 409936,
            "common_shares": 39000,
            "book_valuer_per_share": 137.63,
            "book_valuer_per_share_4q_avg": 58.67,
            "equity": 536741,
            "current_ratio": 252.09,
            "debt_ratio": 33.01,
            "inventory_turnover_ratio": 70.94,
            "account_receivable_turnover_ratio": 2.61,
            "reinvestment_rate": null,
            "research_to_sale_ratio": null,
            "price_fair": 0,
            "eps_avg_yearly": 0,
            "eps_latest_yearly": 0,
            "eps_growth_yearly": 0
        },
        "20092": {
            "year_quarter": 20092,
            "year": 2009,
            "quarter": 2,
            "eps": -0.43,
            "eps_growth_year": null,
            "eps_4q": null,
            "eps_4q_growth_year": null,
            "roe": -1.69,
            "roe_4q": 32.89,
            "gross_profit": 101382,
            "gross_margin": 57.83,
            "gross_margin_4q_avg": 31.47,
            "net_income": -7695,
            "revenue": 175316,
            "common_shares": 39000,
            "book_valuer_per_share": 96.47,
            "book_valuer_per_share_4q_avg": 82.79,
            "equity": 376216,
            "current_ratio": 143.33,
            "debt_ratio": 46.94,
            "inventory_turnover_ratio": 40.48,
            "account_receivable_turnover_ratio": 3.65,
            "reinvestment_rate": null,
            "research_to_sale_ratio": null,
            "price_fair": 0,
            "eps_avg_yearly": 0,
            "eps_latest_yearly": 0,
            "eps_growth_yearly": 0
        },
        "20093": {
            "year_quarter": 20093,
            "year": 2009,
            "quarter": 3,
            "eps": -0.24,
            "eps_growth_year": null,
            "eps_4q": null,
            "eps_4q_growth_year": null,
            "roe": -1.14,
            "roe_4q": 31.75,
            "gross_profit": 53257,
            "gross_margin": 47.38,
            "gross_margin_4q_avg": 43.32,
            "net_income": -4269,
            "revenue": 112404,
            "common_shares": 156000,
            "book_valuer_per_share": 23.84,
            "book_valuer_per_share_4q_avg": 88.75,
            "equity": 371935,
            "current_ratio": 181.09,
            "debt_ratio": 32.01,
            "inventory_turnover_ratio": 39.02,
            "account_receivable_turnover_ratio": 1.3,
            "reinvestment_rate": null,
            "research_to_sale_ratio": null,
            "price_fair": 0,
            "eps_avg_yearly": 0,
            "eps_latest_yearly": 0,
            "eps_growth_yearly": 0
        },
        "20094": {
            "year_quarter": 20094,
            "year": 2009,
            "quarter": 4,
            "eps": 1.26,
            "eps_growth_year": null,
            "eps_4q": 10.64,
            "eps_4q_growth_year": null,
            "roe": 5.16,
            "roe_4q": 36.91,
            "gross_profit": 84825,
            "gross_margin": 54.39,
            "gross_margin_4q_avg": 56.92,
            "net_income": 19688,
            "revenue": 155944,
            "common_shares": 156000,
            "book_valuer_per_share": 25.08,
            "book_valuer_per_share_4q_avg": 70.76,
            "equity": 391239,
            "current_ratio": 179.79,
            "debt_ratio": 31.52,
            "inventory_turnover_ratio": 56.53,
            "account_receivable_turnover_ratio": 2.77,
            "reinvestment_rate": null,
            "research_to_sale_ratio": null,
            "price_fair": 0,
            "eps_avg_yearly": 0,
            "eps_latest_yearly": 0,
            "eps_growth_yearly": 0
        },
        "20101": {
            "year_quarter": 20101,
            "year": 2010,
            "quarter": 1,
            "eps": null,
            "eps_growth_year": null,
            "eps_4q": null,
            "eps_4q_growth_year": null,
            "roe": null,
            "roe_4q": 2.3300000000000005,
            "gross_profit": 89054,
            "gross_margin": null,
            "gross_margin_4q_avg": 39.9,
            "net_income": 16358,
            "revenue": 152035,
            "common_shares": 156000,
            "book_valuer_per_share": 26.12,
            "book_valuer_per_share_4q_avg": 42.88,
            "equity": 407513,
            "current_ratio": 179.62,
            "debt_ratio": 27.77,
            "inventory_turnover_ratio": null,
            "account_receivable_turnover_ratio": null,
            "reinvestment_rate": null,
            "research_to_sale_ratio": null,
            "price_fair": 0,
            "eps_avg_yearly": 0,
            "eps_latest_yearly": 0,
            "eps_growth_yearly": 0
        },
        "20102": {
            "year_quarter": 20102,
            "year": 2010,
            "quarter": 2,
            "eps": 1.29,
            "eps_growth_year": null,
            "eps_4q": 2.15,
            "eps_4q_growth_year": null,
            "roe": 6.1,
            "roe_4q": 10.12,
            "gross_profit": 97032,
            "gross_margin": 57.18,
            "gross_margin_4q_avg": 39.74,
            "net_income": 23184,
            "revenue": 169685,
            "common_shares": 156000,
            "book_valuer_per_share": 22.62,
            "book_valuer_per_share_4q_avg": 24.42,
            "equity": 352853,
            "current_ratio": 132.38,
            "debt_ratio": 38.91,
            "inventory_turnover_ratio": 84.48,
            "account_receivable_turnover_ratio": 2.78,
            "reinvestment_rate": null,
            "research_to_sale_ratio": null,
            "price_fair": 0,
            "eps_avg_yearly": 0,
            "eps_latest_yearly": 0,
            "eps_growth_yearly": 0
        },
        "20103": {
            "year_quarter": 20103,
            "year": 2010,
            "quarter": 3,
            "eps": 1.05,
            "eps_growth_year": null,
            "eps_4q": 3.44,
            "eps_4q_growth_year": null,
            "roe": 5.19,
            "roe_4q": 16.45,
            "gross_profit": 87931,
            "gross_margin": 55.68,
            "gross_margin_4q_avg": 41.81,
            "net_income": 18792,
            "revenue": 157933,
            "common_shares": 156000,
            "book_valuer_per_share": 23.8,
            "book_valuer_per_share_4q_avg": 24.41,
            "equity": 371237,
            "current_ratio": 142.33,
            "debt_ratio": 35.08,
            "inventory_turnover_ratio": 89.69,
            "account_receivable_turnover_ratio": 1.38,
            "reinvestment_rate": null,
            "research_to_sale_ratio": 2.78,
            "price_fair": 12.6,
            "eps_avg_yearly": 4.2,
            "eps_latest_yearly": 4.2,
            "eps_growth_yearly": -74.42
        },
        "20104": {
            "year_quarter": 20104,
            "year": 2010,
            "quarter": 4,
            "eps": -0.06,
            "eps_growth_year": -104.56,
            "eps_4q": 2.28,
            "eps_4q_growth_year": -78.55,
            "roe": -0.28,
            "roe_4q": 11.01,
            "gross_profit": 101517,
            "gross_margin": 54.6,
            "gross_margin_4q_avg": 41.87,
            "net_income": -1031,
            "revenue": 185942,
            "common_shares": 179400,
            "book_valuer_per_share": 20.6,
            "book_valuer_per_share_4q_avg": 23.29,
            "equity": 369535,
            "current_ratio": 135.27,
            "debt_ratio": 38.62,
            "inventory_turnover_ratio": 165.7,
            "account_receivable_turnover_ratio": 1.57,
            "reinvestment_rate": null,
            "research_to_sale_ratio": 2.41,
            "price_fair": 12.6,
            "eps_avg_yearly": 4.2,
            "eps_latest_yearly": 4.2,
            "eps_growth_yearly": -74.42
        },
        "20111": {
            "year_quarter": 20111,
            "year": 2011,
            "quarter": 1,
            "eps": 2.59,
            "eps_growth_year": null,
            "eps_4q": 4.56,
            "eps_4q_growth_year": null,
            "roe": 9.37,
            "roe_4q": 20.380000000000003,
            "gross_profit": 157397,
            "gross_margin": 65.29,
            "gross_margin_4q_avg": 58.19,
            "net_income": 54103,
            "revenue": 241064,
            "common_shares": 208620,
            "book_valuer_per_share": 37.62,
            "book_valuer_per_share_4q_avg": 26.16,
            "equity": 784899,
            "current_ratio": 444.79,
            "debt_ratio": 14.95,
            "inventory_turnover_ratio": 152.96,
            "account_receivable_turnover_ratio": 1.86,
            "reinvestment_rate": null,
            "research_to_sale_ratio": 1.75,
            "price_fair": 12.6,
            "eps_avg_yearly": 4.2,
            "eps_latest_yearly": 4.2,
            "eps_growth_yearly": -74.42
        },
        "20112": {
            "year_quarter": 20112,
            "year": 2011,
            "quarter": 2,
            "eps": 3.16,
            "eps_growth_year": 144.26,
            "eps_4q": 6.03,
            "eps_4q_growth_year": 180.11,
            "roe": 9.65,
            "roe_4q": 23.93,
            "gross_profit": 188708,
            "gross_margin": 65.48,
            "gross_margin_4q_avg": 60.26,
            "net_income": 79025,
            "revenue": 288187,
            "common_shares": 208620,
            "book_valuer_per_share": 40.9,
            "book_valuer_per_share_4q_avg": 30.73,
            "equity": 853197,
            "current_ratio": 345.34,
            "debt_ratio": 18.31,
            "inventory_turnover_ratio": 109.98,
            "account_receivable_turnover_ratio": 1.85,
            "reinvestment_rate": null,
            "research_to_sale_ratio": 1.51,
            "price_fair": 141.51,
            "eps_avg_yearly": 8.42,
            "eps_latest_yearly": 12.64,
            "eps_growth_yearly": 6.81
        },
        "20113": {
            "year_quarter": 20113,
            "year": 2011,
            "quarter": 3,
            "eps": 4.78,
            "eps_growth_year": 355.98,
            "eps_4q": 10.05,
            "eps_4q_growth_year": 192.47,
            "roe": 13.09,
            "roe_4q": 31.83,
            "gross_profit": 205705,
            "gross_margin": 75.69,
            "gross_margin_4q_avg": 65.27,
            "net_income": 119572,
            "revenue": 271758,
            "common_shares": 250344,
            "book_valuer_per_share": 38.91,
            "book_valuer_per_share_4q_avg": 34.51,
            "equity": 974072,
            "current_ratio": 481.21,
            "debt_ratio": 15.59,
            "inventory_turnover_ratio": 56.02,
            "account_receivable_turnover_ratio": 1.8,
            "reinvestment_rate": null,
            "research_to_sale_ratio": 1.63,
            "price_fair": 419.53,
            "eps_avg_yearly": 11.99,
            "eps_latest_yearly": 19.12,
            "eps_growth_yearly": 72.89
        },
        "20114": {
            "year_quarter": 20114,
            "year": 2011,
            "quarter": 4,
            "eps": 1.81,
            "eps_growth_year": null,
            "eps_4q": 11.91,
            "eps_4q_growth_year": 421.64,
            "roe": 4.55,
            "roe_4q": 36.66,
            "gross_profit": 124174,
            "gross_margin": 66.9,
            "gross_margin_4q_avg": 68.34,
            "net_income": 45350,
            "revenue": 185607,
            "common_shares": 250344,
            "book_valuer_per_share": 40.71,
            "book_valuer_per_share_4q_avg": 39.54,
            "equity": 1019099,
            "current_ratio": 356.33,
            "debt_ratio": 19.6,
            "inventory_turnover_ratio": 63.63,
            "account_receivable_turnover_ratio": 1.73,
            "reinvestment_rate": null,
            "research_to_sale_ratio": 3.4,
            "price_fair": 32.4,
            "eps_avg_yearly": 10.8,
            "eps_latest_yearly": 7.24,
            "eps_growth_yearly": -7.46
        },
        "20121": {
            "year_quarter": 20121,
            "year": 2012,
            "quarter": 1,
            "eps": 1.63,
            "eps_growth_year": -37.07,
            "eps_4q": 11.37,
            "eps_4q_growth_year": 149.62,
            "roe": 3.92,
            "roe_4q": 31.21,
            "gross_profit": 115680,
            "gross_margin": 68,
            "gross_margin_4q_avg": 69.02,
            "net_income": 40765,
            "revenue": 170126,
            "common_shares": 250344,
            "book_valuer_per_share": 42.32,
            "book_valuer_per_share_4q_avg": 40.71,
            "equity": 1059578,
            "current_ratio": 430.91,
            "debt_ratio": 16.24,
            "inventory_turnover_ratio": 74.74,
            "account_receivable_turnover_ratio": 1.7,
            "reinvestment_rate": null,
            "research_to_sale_ratio": 3.51,
            "price_fair": 29.83,
            "eps_avg_yearly": 9.94,
            "eps_latest_yearly": 6.52,
            "eps_growth_yearly": -13.93
        },
        "20122": {
            "year_quarter": 20122,
            "year": 2012,
            "quarter": 2,
            "eps": 3.35,
            "eps_growth_year": 6.09,
            "eps_4q": 11.52,
            "eps_4q_growth_year": 91.2,
            "roe": 7.91,
            "roe_4q": 29.47,
            "gross_profit": 183565,
            "gross_margin": 72.93,
            "gross_margin_4q_avg": 70.88,
            "net_income": 84254,
            "revenue": 251699,
            "common_shares": 250344,
            "book_valuer_per_share": 35.9,
            "book_valuer_per_share_4q_avg": 39.46,
            "equity": 1071608,
            "current_ratio": 240.74,
            "debt_ratio": 32.13,
            "inventory_turnover_ratio": 88.66,
            "account_receivable_turnover_ratio": 2.01,
            "reinvestment_rate": null,
            "research_to_sale_ratio": 2.69,
            "price_fair": 368.2,
            "eps_avg_yearly": 10.52,
            "eps_latest_yearly": 13.4,
            "eps_growth_yearly": 58.74
        },
        "20123": {
            "year_quarter": 20123,
            "year": 2012,
            "quarter": 3,
            "eps": 1.28,
            "eps_growth_year": -73.12,
            "eps_4q": 6.95,
            "eps_4q_growth_year": -30.85,
            "roe": 2.09,
            "roe_4q": 18.47,
            "gross_profit": 129422,
            "gross_margin": 69.31,
            "gross_margin_4q_avg": 69.29,
            "net_income": 31955,
            "revenue": 186733,
            "common_shares": 300596,
            "book_valuer_per_share": 60.55,
            "book_valuer_per_share_4q_avg": 44.87,
            "equity": 1987251,
            "current_ratio": 859.39,
            "debt_ratio": 10.43,
            "inventory_turnover_ratio": 75.66,
            "account_receivable_turnover_ratio": 1.39,
            "reinvestment_rate": null,
            "research_to_sale_ratio": 4.12,
            "price_fair": 244.11,
            "eps_avg_yearly": 9.75,
            "eps_latest_yearly": 5.12,
            "eps_growth_yearly": 15.04
        },
        "20124": {
            "year_quarter": 20124,
            "year": 2012,
            "quarter": 4,
            "eps": 0.12,
            "eps_growth_year": -93.46,
            "eps_4q": 5.56,
            "eps_4q_growth_year": -53.29,
            "roe": -0.33,
            "roe_4q": 13.59,
            "gross_profit": 92566,
            "gross_margin": 52.97,
            "gross_margin_4q_avg": 65.8,
            "net_income": -6682,
            "revenue": 174740,
            "common_shares": 300596,
            "book_valuer_per_share": 60.67,
            "book_valuer_per_share_4q_avg": 49.86,
            "equity": 2085818,
            "current_ratio": 677.96,
            "debt_ratio": 13.05,
            "inventory_turnover_ratio": 99.24,
            "account_receivable_turnover_ratio": 1.11,
            "reinvestment_rate": -1.29,
            "research_to_sale_ratio": 3.68,
            "price_fair": 25.77,
            "eps_avg_yearly": 8.59,
            "eps_latest_yearly": 0.48,
            "eps_growth_yearly": -32.15
        },
        "20131": {
            "year_quarter": 20131,
            "year": 2013,
            "quarter": 1,
            "eps": 0.32,
            "eps_growth_year": -80.37,
            "eps_4q": 4.52,
            "eps_4q_growth_year": -60.25,
            "roe": 0.28,
            "roe_4q": 9.95,
            "gross_profit": 75399,
            "gross_margin": 47.87,
            "gross_margin_4q_avg": 60.77,
            "net_income": 5846,
            "revenue": 157502,
            "common_shares": 300596,
            "book_valuer_per_share": 60.92,
            "book_valuer_per_share_4q_avg": 54.51,
            "equity": 2112397,
            "current_ratio": 716,
            "debt_ratio": 11.71,
            "inventory_turnover_ratio": 97.57,
            "account_receivable_turnover_ratio": 0.89,
            "reinvestment_rate": 21.2,
            "research_to_sale_ratio": 5.09,
            "price_fair": 272.22,
            "eps_avg_yearly": 7.78,
            "eps_latest_yearly": 1.28,
            "eps_growth_yearly": 45.49
        },
        "20132": {
            "year_quarter": 20132,
            "year": 2013,
            "quarter": 2,
            "eps": -1.02,
            "eps_growth_year": -130.46,
            "eps_4q": 0.7,
            "eps_4q_growth_year": -93.91,
            "roe": -1.68,
            "roe_4q": 0.3599999999999999,
            "gross_profit": 12136,
            "gross_margin": 15.06,
            "gross_margin_4q_avg": 46.3,
            "net_income": -34013,
            "revenue": 80600,
            "common_shares": 300596,
            "book_valuer_per_share": 54.91,
            "book_valuer_per_share_4q_avg": 59.26,
            "equity": 1937074,
            "current_ratio": 502.73,
            "debt_ratio": 16.36,
            "inventory_turnover_ratio": 106.89,
            "account_receivable_turnover_ratio": 0.66,
            "reinvestment_rate": 17.29,
            "research_to_sale_ratio": 13.09,
            "price_fair": 272.22,
            "eps_avg_yearly": 7.78,
            "eps_latest_yearly": 1.28,
            "eps_growth_yearly": 45.49
        },
        "20133": {
            "year_quarter": 20133,
            "year": 2013,
            "quarter": 3,
            "eps": -1.88,
            "eps_growth_year": -246.41,
            "eps_4q": -2.46,
            "eps_4q_growth_year": -135.36,
            "roe": -3.28,
            "roe_4q": -5.01,
            "gross_profit": 12920,
            "gross_margin": 18.82,
            "gross_margin_4q_avg": 33.68,
            "net_income": -62467,
            "revenue": 68645,
            "common_shares": 300596,
            "book_valuer_per_share": 53.31,
            "book_valuer_per_share_4q_avg": 57.45,
            "equity": 1874616,
            "current_ratio": 707.65,
            "debt_ratio": 11.65,
            "inventory_turnover_ratio": 66.86,
            "account_receivable_turnover_ratio": 1.05,
            "reinvestment_rate": 18.45,
            "research_to_sale_ratio": 16,
            "price_fair": 272.22,
            "eps_avg_yearly": 7.78,
            "eps_latest_yearly": 1.28,
            "eps_growth_yearly": 45.49
        },
        "20134": {
            "year_quarter": 20134,
            "year": 2013,
            "quarter": 4,
            "eps": -1.65,
            "eps_growth_year": -1490.06,
            "eps_4q": -4.22,
            "eps_4q_growth_year": -175.94,
            "roe": -2.92,
            "roe_4q": -7.599999999999999,
            "gross_profit": 1563,
            "gross_margin": 3.03,
            "gross_margin_4q_avg": 21.2,
            "net_income": -54486,
            "revenue": 51659,
            "common_shares": 300596,
            "book_valuer_per_share": 51.65,
            "book_valuer_per_share_4q_avg": 55.2,
            "equity": 1857726,
            "current_ratio": 636.05,
            "debt_ratio": 12.93,
            "inventory_turnover_ratio": 42.04,
            "account_receivable_turnover_ratio": 1.28,
            "reinvestment_rate": 17.52,
            "research_to_sale_ratio": 21.55,
            "price_fair": 272.22,
            "eps_avg_yearly": 7.78,
            "eps_latest_yearly": 1.28,
            "eps_growth_yearly": 45.49
        },
        "20141": {
            "year_quarter": 20141,
            "year": 2014,
            "quarter": 1,
            "eps": -1.72,
            "eps_growth_year": -637.5,
            "eps_4q": -6.26,
            "eps_4q_growth_year": -238.51,
            "roe": -3.25,
            "roe_4q": -11.129999999999999,
            "gross_profit": 8580,
            "gross_margin": 13.01,
            "gross_margin_4q_avg": 12.48,
            "net_income": -59380,
            "revenue": 65964,
            "common_shares": 300596,
            "book_valuer_per_share": 49.92,
            "book_valuer_per_share_4q_avg": 52.45,
            "equity": 1797997,
            "current_ratio": 449.81,
            "debt_ratio": 16.91,
            "inventory_turnover_ratio": 43.15,
            "account_receivable_turnover_ratio": 1.93,
            "reinvestment_rate": 56.58,
            "research_to_sale_ratio": 16.09,
            "price_fair": 272.22,
            "eps_avg_yearly": 7.78,
            "eps_latest_yearly": 1.28,
            "eps_growth_yearly": 45.49
        },
        "20142": {
            "year_quarter": 20142,
            "year": 2014,
            "quarter": 2,
            "eps": -2.68,
            "eps_growth_year": null,
            "eps_4q": -7.92,
            "eps_4q_growth_year": -1228.83,
            "roe": -4.83,
            "roe_4q": -14.28,
            "gross_profit": 40425,
            "gross_margin": 36.58,
            "gross_margin_4q_avg": 17.86,
            "net_income": -84720,
            "revenue": 110503,
            "common_shares": 300596,
            "book_valuer_per_share": 47.25,
            "book_valuer_per_share_4q_avg": 50.53,
            "equity": 1713480,
            "current_ratio": 354.67,
            "debt_ratio": 20.98,
            "inventory_turnover_ratio": 70.25,
            "account_receivable_turnover_ratio": 2.34,
            "reinvestment_rate": 85.53,
            "research_to_sale_ratio": 10.22,
            "price_fair": 272.22,
            "eps_avg_yearly": 7.78,
            "eps_latest_yearly": 1.28,
            "eps_growth_yearly": 45.49
        },
        "20143": {
            "year_quarter": 20143,
            "year": 2014,
            "quarter": 3,
            "eps": -1.8,
            "eps_growth_year": null,
            "eps_4q": -7.84,
            "eps_4q_growth_year": null,
            "roe": -3.44,
            "roe_4q": -14.44,
            "gross_profit": 13504,
            "gross_margin": 14.26,
            "gross_margin_4q_avg": 16.72,
            "net_income": -60434,
            "revenue": 94702,
            "common_shares": 300596,
            "book_valuer_per_share": 47.71,
            "book_valuer_per_share_4q_avg": 49.13,
            "equity": 1804194,
            "current_ratio": 402.77,
            "debt_ratio": 20.57,
            "inventory_turnover_ratio": 155.11,
            "account_receivable_turnover_ratio": 2.12,
            "reinvestment_rate": 97.75,
            "research_to_sale_ratio": 12.09,
            "price_fair": 287.88,
            "eps_avg_yearly": 8.23,
            "eps_latest_yearly": 1.28,
            "eps_growth_yearly": 60.48
        },
        "20144": {
            "year_quarter": 20144,
            "year": 2014,
            "quarter": 4,
            "eps": -6.51,
            "eps_growth_year": null,
            "eps_4q": -12.7,
            "eps_4q_growth_year": null,
            "roe": -12.45,
            "roe_4q": -23.97,
            "gross_profit": 8251,
            "gross_margin": 8.64,
            "gross_margin_4q_avg": 18.12,
            "net_income": -208812,
            "revenue": 95534,
            "common_shares": 300596,
            "book_valuer_per_share": 39.3,
            "book_valuer_per_share_4q_avg": 46.05,
            "equity": 1551218,
            "current_ratio": 349.04,
            "debt_ratio": 25.82,
            "inventory_turnover_ratio": 179.41,
            "account_receivable_turnover_ratio": 3.68,
            "reinvestment_rate": null,
            "research_to_sale_ratio": 11.35,
            "price_fair": 287.88,
            "eps_avg_yearly": 8.23,
            "eps_latest_yearly": 1.28,
            "eps_growth_yearly": 60.48
        },
        "20151": {
            "year_quarter": 20151,
            "year": 2015,
            "quarter": 1,
            "eps": -1.23,
            "eps_growth_year": null,
            "eps_4q": -12.21,
            "eps_4q_growth_year": null,
            "roe": -2.5,
            "roe_4q": -23.22,
            "gross_profit": 37904,
            "gross_margin": 25.29,
            "gross_margin_4q_avg": 21.19,
            "net_income": -37921,
            "revenue": 149894,
            "common_shares": 300596,
            "book_valuer_per_share": 37,
            "book_valuer_per_share_4q_avg": 42.82,
            "equity": 1485842,
            "current_ratio": 299.5,
            "debt_ratio": 30.19,
            "inventory_turnover_ratio": 310.65,
            "account_receivable_turnover_ratio": 4.02,
            "reinvestment_rate": null,
            "research_to_sale_ratio": 7.32,
            "price_fair": 287.88,
            "eps_avg_yearly": 8.23,
            "eps_latest_yearly": 1.28,
            "eps_growth_yearly": 60.48
        },
        "20152": {
            "year_quarter": 20152,
            "year": 2015,
            "quarter": 2,
            "eps": -0.05,
            "eps_growth_year": null,
            "eps_4q": -9.58,
            "eps_4q_growth_year": null,
            "roe": 0.52,
            "roe_4q": -17.87,
            "gross_profit": 71753,
            "gross_margin": 34.97,
            "gross_margin_4q_avg": 20.79,
            "net_income": 8183,
            "revenue": 205199,
            "common_shares": 300596,
            "book_valuer_per_share": 37.01,
            "book_valuer_per_share_4q_avg": 40.26,
            "equity": 1664408,
            "current_ratio": 323.74,
            "debt_ratio": 27.87,
            "inventory_turnover_ratio": 454.67,
            "account_receivable_turnover_ratio": 3.6,
            "reinvestment_rate": null,
            "research_to_sale_ratio": 4.49,
            "price_fair": 265.8,
            "eps_avg_yearly": 7.59,
            "eps_latest_yearly": 1.28,
            "eps_growth_yearly": 56.55
        },
        "20153": {
            "year_quarter": 20153,
            "year": 2015,
            "quarter": 3,
            "eps": -1,
            "eps_growth_year": null,
            "eps_4q": -8.78,
            "eps_4q_growth_year": null,
            "roe": -1.76,
            "roe_4q": -16.189999999999998,
            "gross_profit": 56675,
            "gross_margin": 29.83,
            "gross_margin_4q_avg": 24.68,
            "net_income": -30138,
            "revenue": 189969,
            "common_shares": 300596,
            "book_valuer_per_share": 36.69,
            "book_valuer_per_share_4q_avg": 37.5,
            "equity": 1753099,
            "current_ratio": 335.95,
            "debt_ratio": 26.84,
            "inventory_turnover_ratio": 574.54,
            "account_receivable_turnover_ratio": 3.74,
            "reinvestment_rate": null,
            "research_to_sale_ratio": 4.26,
            "price_fair": 198.57,
            "eps_avg_yearly": 5.67,
            "eps_latest_yearly": 1.28,
            "eps_growth_yearly": 31.8
        },
        "20154": {
            "year_quarter": 20154,
            "year": 2015,
            "quarter": 4,
            "eps": -1.34,
            "eps_growth_year": null,
            "eps_4q": -3.61,
            "eps_4q_growth_year": null,
            "roe": -2.51,
            "roe_4q": -6.25,
            "gross_profit": 94625,
            "gross_margin": 40.19,
            "gross_margin_4q_avg": 32.57,
            "net_income": -43282,
            "revenue": 235423,
            "common_shares": 300596,
            "book_valuer_per_share": 35.09,
            "book_valuer_per_share_4q_avg": 36.45,
            "equity": 1702108,
            "current_ratio": 304.64,
            "debt_ratio": 30.35,
            "inventory_turnover_ratio": 795.47,
            "account_receivable_turnover_ratio": 5.42,
            "reinvestment_rate": null,
            "research_to_sale_ratio": 2.54,
            "price_fair": 187.6,
            "eps_avg_yearly": 5.36,
            "eps_latest_yearly": 1.28,
            "eps_growth_yearly": 87.86
        },
        "20161": {
            "year_quarter": 20161,
            "year": 2016,
            "quarter": 1,
            "eps": -0.84,
            "eps_growth_year": null,
            "eps_4q": -3.23,
            "eps_4q_growth_year": null,
            "roe": -2.23,
            "roe_4q": -5.98,
            "gross_profit": 81960,
            "gross_margin": 35.09,
            "gross_margin_4q_avg": 35.02,
            "net_income": -37463,
            "revenue": 233566,
            "common_shares": 300596,
            "book_valuer_per_share": 33.82,
            "book_valuer_per_share_4q_avg": 35.65,
            "equity": 1661591,
            "current_ratio": 276.21,
            "debt_ratio": 32.81,
            "inventory_turnover_ratio": 856.53,
            "account_receivable_turnover_ratio": 4.72,
            "reinvestment_rate": null,
            "research_to_sale_ratio": 2.96,
            "price_fair": 177.45,
            "eps_avg_yearly": 5.07,
            "eps_latest_yearly": 1.28,
            "eps_growth_yearly": 119.77
        },
        "20162": {
            "year_quarter": 20162,
            "year": 2016,
            "quarter": 2,
            "eps": -2.11,
            "eps_growth_year": null,
            "eps_4q": -5.29,
            "eps_4q_growth_year": null,
            "roe": -5.1,
            "roe_4q": -11.6,
            "gross_profit": 50493,
            "gross_margin": 24.58,
            "gross_margin_4q_avg": 32.42,
            "net_income": -88882,
            "revenue": 205438,
            "common_shares": 300596,
            "book_valuer_per_share": 31.36,
            "book_valuer_per_share_4q_avg": 34.24,
            "equity": 1827409,
            "current_ratio": 260.39,
            "debt_ratio": 34.87,
            "inventory_turnover_ratio": 635.02,
            "account_receivable_turnover_ratio": 4.75,
            "reinvestment_rate": null,
            "research_to_sale_ratio": 4.12,
            "price_fair": 66.51,
            "eps_avg_yearly": 2.29,
            "eps_latest_yearly": 1.28,
            "eps_growth_yearly": 19
        },
        "20163": {
            "year_quarter": 20163,
            "year": 2016,
            "quarter": 3,
            "eps": -2.98,
            "eps_growth_year": null,
            "eps_4q": -7.27,
            "eps_4q_growth_year": null,
            "roe": -6.11,
            "roe_4q": -15.950000000000001,
            "gross_profit": 86524,
            "gross_margin": 30.45,
            "gross_margin_4q_avg": 32.58,
            "net_income": -108367,
            "revenue": 284121,
            "common_shares": 300596,
            "book_valuer_per_share": 28.39,
            "book_valuer_per_share_4q_avg": 32.17,
            "equity": 1719200,
            "current_ratio": 249.58,
            "debt_ratio": 36.62,
            "inventory_turnover_ratio": 635.36,
            "account_receivable_turnover_ratio": 6.41,
            "reinvestment_rate": null,
            "research_to_sale_ratio": 4.46,
            "price_fair": 30.8,
            "eps_avg_yearly": 0.88,
            "eps_latest_yearly": 1.28,
            "eps_growth_yearly": 152.08
        },
        "20164": {
            "year_quarter": 20164,
            "year": 2016,
            "quarter": 4,
            "eps": -2.7,
            "eps_growth_year": null,
            "eps_4q": -8.63,
            "eps_4q_growth_year": null,
            "roe": -8.29,
            "roe_4q": -21.73,
            "gross_profit": 42713,
            "gross_margin": 21.26,
            "gross_margin_4q_avg": 27.85,
            "net_income": -138241,
            "revenue": 200927,
            "common_shares": 300596,
            "book_valuer_per_share": 26.89,
            "book_valuer_per_share_4q_avg": 30.12,
            "equity": 1616888,
            "current_ratio": 223.34,
            "debt_ratio": 40.86,
            "inventory_turnover_ratio": 508.73,
            "account_receivable_turnover_ratio": 4.03,
            "reinvestment_rate": null,
            "research_to_sale_ratio": 11.24,
            "price_fair": 44.8,
            "eps_avg_yearly": 1.28,
            "eps_latest_yearly": 1.28,
            "eps_growth_yearly": 666.67
        },
        "20171": {
            "year_quarter": 20171,
            "year": 2017,
            "quarter": 1,
            "eps": -2.15,
            "eps_growth_year": null,
            "eps_4q": -9.94,
            "eps_4q_growth_year": null,
            "roe": -5.36,
            "roe_4q": -24.86,
            "gross_profit": 86976,
            "gross_margin": 32.57,
            "gross_margin_4q_avg": 27.22,
            "net_income": -84409,
            "revenue": 267082,
            "common_shares": 300596,
            "book_valuer_per_share": 24.73,
            "book_valuer_per_share_4q_avg": 27.84,
            "equity": 1532306,
            "current_ratio": 227.26,
            "debt_ratio": 40.4,
            "inventory_turnover_ratio": 579.12,
            "account_receivable_turnover_ratio": 3.85,
            "reinvestment_rate": null,
            "research_to_sale_ratio": 8.03,
            "price_fair": 0,
            "eps_avg_yearly": 0,
            "eps_latest_yearly": 0,
            "eps_growth_yearly": 0
        },
        "20172": {
            "year_quarter": 20172,
            "year": 2017,
            "quarter": 2,
            "eps": -0.86,
            "eps_growth_year": null,
            "eps_4q": -8.69,
            "eps_4q_growth_year": null,
            "roe": -3.16,
            "roe_4q": -22.919999999999998,
            "gross_profit": 66115,
            "gross_margin": 27.08,
            "gross_margin_4q_avg": 27.84,
            "net_income": -47602,
            "revenue": 244187,
            "common_shares": 300596,
            "book_valuer_per_share": 24.55,
            "book_valuer_per_share_4q_avg": 26.14,
            "equity": 1478631,
            "current_ratio": 212.82,
            "debt_ratio": 43.5,
            "inventory_turnover_ratio": 610.88,
            "account_receivable_turnover_ratio": 3.22,
            "reinvestment_rate": null,
            "research_to_sale_ratio": 8.88,
            "price_fair": 0,
            "eps_avg_yearly": 0,
            "eps_latest_yearly": 0,
            "eps_growth_yearly": 0
        },
        "20173": {
            "year_quarter": 20173,
            "year": 2017,
            "quarter": 3,
            "eps": -0.33,
            "eps_growth_year": null,
            "eps_4q": -6.05,
            "eps_4q_growth_year": null,
            "roe": -2.12,
            "roe_4q": -18.93,
            "gross_profit": 51429,
            "gross_margin": 26.52,
            "gross_margin_4q_avg": 26.86,
            "net_income": -31081,
            "revenue": 193918,
            "common_shares": 300596,
            "book_valuer_per_share": 24.19,
            "book_valuer_per_share_4q_avg": 25.09,
            "equity": 1448272,
            "current_ratio": 203.62,
            "debt_ratio": 45.56,
            "inventory_turnover_ratio": 523.86,
            "account_receivable_turnover_ratio": 4.65,
            "reinvestment_rate": null,
            "research_to_sale_ratio": 10.11,
            "price_fair": 0,
            "eps_avg_yearly": 0,
            "eps_latest_yearly": 0,
            "eps_growth_yearly": 0
        },
        "20174": {
            "year_quarter": 20174,
            "year": 2017,
            "quarter": 4,
            "eps": -1.03,
            "eps_growth_year": null,
            "eps_4q": -4.38,
            "eps_4q_growth_year": null,
            "roe": -3.73,
            "roe_4q": -14.370000000000001,
            "gross_profit": 36476,
            "gross_margin": 21.77,
            "gross_margin_4q_avg": 26.99,
            "net_income": -52959,
            "revenue": 167557,
            "common_shares": 300596,
            "book_valuer_per_share": 23.15,
            "book_valuer_per_share_4q_avg": 24.16,
            "equity": 1394957,
            "current_ratio": 194.35,
            "debt_ratio": 50.51,
            "inventory_turnover_ratio": 481.92,
            "account_receivable_turnover_ratio": 7.12,
            "reinvestment_rate": null,
            "research_to_sale_ratio": 13.05,
            "price_fair": 0,
            "eps_avg_yearly": 0,
            "eps_latest_yearly": 0,
            "eps_growth_yearly": 0
        },
        "20181": {
            "year_quarter": 20181,
            "year": 2018,
            "quarter": 1,
            "eps": -0.75,
            "eps_growth_year": null,
            "eps_4q": -2.97,
            "eps_4q_growth_year": null,
            "roe": -2.98,
            "roe_4q": -11.99,
            "gross_profit": 44164,
            "gross_margin": 25.49,
            "gross_margin_4q_avg": 25.22,
            "net_income": -40911,
            "revenue": 173240,
            "common_shares": 300596,
            "book_valuer_per_share": 22.39,
            "book_valuer_per_share_4q_avg": 23.57,
            "equity": 1353730,
            "current_ratio": 192.4,
            "debt_ratio": 51.24,
            "inventory_turnover_ratio": 474.54,
            "account_receivable_turnover_ratio": 10.54,
            "reinvestment_rate": null,
            "research_to_sale_ratio": 11.28,
            "price_fair": 0,
            "eps_avg_yearly": 0,
            "eps_latest_yearly": 0,
            "eps_growth_yearly": 0
        },
        "20182": {
            "year_quarter": 20182,
            "year": 2018,
            "quarter": 2,
            "eps": -0.69,
            "eps_growth_year": null,
            "eps_4q": -2.8,
            "eps_4q_growth_year": null,
            "roe": -2.65,
            "roe_4q": -11.48,
            "gross_profit": 65102,
            "gross_margin": 32.22,
            "gross_margin_4q_avg": 26.5,
            "net_income": -35332,
            "revenue": 202081,
            "common_shares": 300596,
            "book_valuer_per_share": 21.67,
            "book_valuer_per_share_4q_avg": 22.85,
            "equity": 1317603,
            "current_ratio": 181.5,
            "debt_ratio": 54.38,
            "inventory_turnover_ratio": 555.7,
            "account_receivable_turnover_ratio": 8.98,
            "reinvestment_rate": null,
            "research_to_sale_ratio": 9.21,
            "price_fair": 0,
            "eps_avg_yearly": 0,
            "eps_latest_yearly": 0,
            "eps_growth_yearly": 0
        },
        "20183": {
            "year_quarter": 20183,
            "year": 2018,
            "quarter": 3,
            "eps": -0.36,
            "eps_growth_year": null,
            "eps_4q": -2.83,
            "eps_4q_growth_year": null,
            "roe": -1.16,
            "roe_4q": -10.52,
            "gross_profit": 55957,
            "gross_margin": 29.79,
            "gross_margin_4q_avg": 27.32,
            "net_income": -15165,
            "revenue": 187869,
            "common_shares": 300596,
            "book_valuer_per_share": 21.29,
            "book_valuer_per_share_4q_avg": 22.13,
            "equity": 1301772,
            "current_ratio": 176.76,
            "debt_ratio": 56.41,
            "inventory_turnover_ratio": 596.89,
            "account_receivable_turnover_ratio": 7.72,
            "reinvestment_rate": null,
            "research_to_sale_ratio": 7.63,
            "price_fair": 0,
            "eps_avg_yearly": 0,
            "eps_latest_yearly": 0,
            "eps_growth_yearly": 0
        },
        "20184": {
            "year_quarter": 20184,
            "year": 2018,
            "quarter": 4,
            "eps": -1.49,
            "eps_growth_year": null,
            "eps_4q": -3.29,
            "eps_4q_growth_year": null,
            "roe": -3.55,
            "roe_4q": -10.34,
            "gross_profit": 64288,
            "gross_margin": 30.76,
            "gross_margin_4q_avg": 29.57,
            "net_income": -45003,
            "revenue": 208997,
            "common_shares": 300596,
            "book_valuer_per_share": 19.73,
            "book_valuer_per_share_4q_avg": 21.27,
            "equity": 1230745,
            "current_ratio": 165.03,
            "debt_ratio": 61.24,
            "inventory_turnover_ratio": 654.79,
            "account_receivable_turnover_ratio": 15.16,
            "reinvestment_rate": null,
            "research_to_sale_ratio": 7.68,
            "price_fair": 0,
            "eps_avg_yearly": 0,
            "eps_latest_yearly": 0,
            "eps_growth_yearly": 0
        },
        "20191": {
            "year_quarter": 20191,
            "year": 2019,
            "quarter": 1,
            "eps": -0.26,
            "eps_growth_year": null,
            "eps_4q": -2.8,
            "eps_4q_growth_year": null,
            "roe": 0.72,
            "roe_4q": -6.640000000000001,
            "gross_profit": 83556,
            "gross_margin": 34.1,
            "gross_margin_4q_avg": 31.72,
            "net_income": 8910,
            "revenue": 245004,
            "common_shares": 300596,
            "book_valuer_per_share": 19.48,
            "book_valuer_per_share_4q_avg": 20.54,
            "equity": 1239960,
            "current_ratio": 163.55,
            "debt_ratio": 62.36,
            "inventory_turnover_ratio": 730.53,
            "account_receivable_turnover_ratio": 21.24,
            "reinvestment_rate": null,
            "research_to_sale_ratio": 4.36,
            "price_fair": 0,
            "eps_avg_yearly": 0,
            "eps_latest_yearly": 0,
            "eps_growth_yearly": 0
        },
        "20192": {
            "year_quarter": 20192,
            "year": 2019,
            "quarter": 2,
            "eps": -0.05,
            "eps_growth_year": null,
            "eps_4q": -2.17,
            "eps_4q_growth_year": null,
            "roe": 1,
            "roe_4q": -2.9899999999999998,
            "gross_profit": 94929,
            "gross_margin": 36.57,
            "gross_margin_4q_avg": 32.81,
            "net_income": 12231,
            "revenue": 259567,
            "common_shares": 300596,
            "book_valuer_per_share": 19.36,
            "book_valuer_per_share_4q_avg": 19.97,
            "equity": 1215469,
            "current_ratio": 157.64,
            "debt_ratio": 65.23,
            "inventory_turnover_ratio": 763.98,
            "account_receivable_turnover_ratio": 25.06,
            "reinvestment_rate": null,
            "research_to_sale_ratio": 4.43,
            "price_fair": 0,
            "eps_avg_yearly": 0,
            "eps_latest_yearly": 0,
            "eps_growth_yearly": 0
        },
        "20193": {
            "year_quarter": 20193,
            "year": 2019,
            "quarter": 3,
            "eps": 0.16,
            "eps_growth_year": null,
            "eps_4q": -1.65,
            "eps_4q_growth_year": null,
            "roe": 1.86,
            "roe_4q": 0.03000000000000025,
            "gross_profit": 100170,
            "gross_margin": 37.22,
            "gross_margin_4q_avg": 34.66,
            "net_income": 23533,
            "revenue": 269162,
            "common_shares": 300596,
            "book_valuer_per_share": 19.75,
            "book_valuer_per_share_4q_avg": 19.58,
            "equity": 1320484,
            "current_ratio": 156.64,
            "debt_ratio": 65.68,
            "inventory_turnover_ratio": 1341.21,
            "account_receivable_turnover_ratio": 29.65,
            "reinvestment_rate": null,
            "research_to_sale_ratio": 4.18,
            "price_fair": 0,
            "eps_avg_yearly": 0,
            "eps_latest_yearly": 0,
            "eps_growth_yearly": 0
        },
        "20194": {
            "year_quarter": 20194,
            "year": 2019,
            "quarter": 4,
            "eps": 0.27,
            "eps_growth_year": null,
            "eps_4q": 0.12,
            "eps_4q_growth_year": null,
            "roe": 1.79,
            "roe_4q": 5.37,
            "gross_profit": 102691,
            "gross_margin": 35.4,
            "gross_margin_4q_avg": 35.82,
            "net_income": 23994,
            "revenue": 290085,
            "common_shares": 300596,
            "book_valuer_per_share": 20.15,
            "book_valuer_per_share_4q_avg": 19.69,
            "equity": 1354874,
            "current_ratio": 151.11,
            "debt_ratio": 67.32,
            "inventory_turnover_ratio": 4461.76,
            "account_receivable_turnover_ratio": 15.26,
            "reinvestment_rate": null,
            "research_to_sale_ratio": 4.91,
            "price_fair": 37.8,
            "eps_avg_yearly": 1.08,
            "eps_latest_yearly": 1.08,
            "eps_growth_yearly": 275
        },
        "20201": {
            "year_quarter": 20201,
            "year": 2020,
            "quarter": 1,
            "eps": 0.31,
            "eps_growth_year": null,
            "eps_4q": 0.7,
            "eps_4q_growth_year": null,
            "roe": 2.56,
            "roe_4q": 7.21,
            "gross_profit": 110120,
            "gross_margin": 37.01,
            "gross_margin_4q_avg": 36.55,
            "net_income": 34041,
            "revenue": 297514,
            "common_shares": 300596,
            "book_valuer_per_share": 20.44,
            "book_valuer_per_share_4q_avg": 19.93,
            "equity": 1308998,
            "current_ratio": 146.59,
            "debt_ratio": 69.44,
            "inventory_turnover_ratio": 3287.61,
            "account_receivable_turnover_ratio": 15.96,
            "reinvestment_rate": null,
            "research_to_sale_ratio": 5.58,
            "price_fair": 40.6,
            "eps_avg_yearly": 1.16,
            "eps_latest_yearly": 1.24,
            "eps_growth_yearly": 167.13
        },
        "20202": {
            "year_quarter": 20202,
            "year": 2020,
            "quarter": 2,
            "eps": 0.38,
            "eps_growth_year": null,
            "eps_4q": 1.13,
            "eps_4q_growth_year": null,
            "roe": 3.06,
            "roe_4q": 9.27,
            "gross_profit": 115482,
            "gross_margin": 37.63,
            "gross_margin_4q_avg": 36.82,
            "net_income": 40175,
            "revenue": 306917,
            "common_shares": 300596,
            "book_valuer_per_share": 20.8,
            "book_valuer_per_share_4q_avg": 20.29,
            "equity": 1315350,
            "current_ratio": 143.71,
            "debt_ratio": 70.99,
            "inventory_turnover_ratio": 2622.4,
            "account_receivable_turnover_ratio": 27.47,
            "reinvestment_rate": null,
            "research_to_sale_ratio": 5.89,
            "price_fair": 44.8,
            "eps_avg_yearly": 1.28,
            "eps_latest_yearly": 1.52,
            "eps_growth_yearly": 141.53
        },
        "20203": {
            "year_quarter": 20203,
            "year": 2020,
            "quarter": 3,
            "eps": 0.42,
            "eps_growth_year": 162.5,
            "eps_4q": 1.39,
            "eps_4q_growth_year": null,
            "roe": 3.21,
            "roe_4q": 10.620000000000001,
            "gross_profit": 135075,
            "gross_margin": 38.49,
            "gross_margin_4q_avg": 37.13,
            "net_income": 43108,
            "revenue": 350948,
            "common_shares": 300596,
            "book_valuer_per_share": 21.36,
            "book_valuer_per_share_4q_avg": 20.69,
            "equity": 1367865,
            "current_ratio": 144.84,
            "debt_ratio": 70.63,
            "inventory_turnover_ratio": 4692.89,
            "account_receivable_turnover_ratio": 25.72,
            "reinvestment_rate": null,
            "research_to_sale_ratio": 6.13,
            "price_fair": 48.3,
            "eps_avg_yearly": 1.38,
            "eps_latest_yearly": 1.68,
            "eps_growth_yearly": 116.67
        },
        "20204": {
            "year_quarter": 20204,
            "year": 2020,
            "quarter": 4,
            "eps": 0.38,
            "eps_growth_year": 38.53,
            "eps_4q": 1.49,
            "eps_4q_growth_year": 1129.77,
            "roe": 3.08,
            "roe_4q": 11.91,
            "gross_profit": 124747,
            "gross_margin": 35.99,
            "gross_margin_4q_avg": 37.28,
            "net_income": 42027,
            "revenue": 346609,
            "common_shares": 300596,
            "book_valuer_per_share": 21.73,
            "book_valuer_per_share_4q_avg": 21.08,
            "equity": 1364886,
            "current_ratio": 143.8,
            "debt_ratio": 69.15,
            "inventory_turnover_ratio": 13050.71,
            "account_receivable_turnover_ratio": 37.08,
            "reinvestment_rate": null,
            "research_to_sale_ratio": 5.84,
            "price_fair": 49.28,
            "eps_avg_yearly": 1.41,
            "eps_latest_yearly": 1.52,
            "eps_growth_yearly": 85.72
        },
        "20211": {
            "year_quarter": 20211,
            "year": 2021,
            "quarter": 1,
            "eps": 0.52,
            "eps_growth_year": 67.74,
            "eps_4q": 1.69,
            "eps_4q_growth_year": 143.18,
            "roe": 4.27,
            "roe_4q": 13.62,
            "gross_profit": 143817,
            "gross_margin": 38.24,
            "gross_margin_4q_avg": 37.59,
            "net_income": 58376,
            "revenue": 376050,
            "common_shares": 300596,
            "book_valuer_per_share": 21.69,
            "book_valuer_per_share_4q_avg": 21.4,
            "equity": 1368705,
            "current_ratio": 143.13,
            "debt_ratio": 69.45,
            "inventory_turnover_ratio": 14982.77,
            "account_receivable_turnover_ratio": 77.15,
            "reinvestment_rate": null,
            "research_to_sale_ratio": 3.99,
            "price_fair": 53.2,
            "eps_avg_yearly": 1.52,
            "eps_latest_yearly": 2.08,
            "eps_growth_yearly": 95.99
        },
        "20212": {
            "year_quarter": 20212,
            "year": 2021,
            "quarter": 2,
            "eps": 0.63,
            "eps_growth_year": 65.79,
            "eps_4q": 1.94,
            "eps_4q_growth_year": 72.29,
            "roe": 5.24,
            "roe_4q": 15.8,
            "gross_profit": 164581,
            "gross_margin": 41.84,
            "gross_margin_4q_avg": 38.64,
            "net_income": 73680,
            "revenue": 393361,
            "common_shares": 300596,
            "book_valuer_per_share": 22.33,
            "book_valuer_per_share_4q_avg": 21.78,
            "equity": 1442764,
            "current_ratio": 135.5,
            "debt_ratio": 73.64,
            "inventory_turnover_ratio": 15252,
            "account_receivable_turnover_ratio": 78.57,
            "reinvestment_rate": null,
            "research_to_sale_ratio": 4.7,
            "price_fair": 58.2,
            "eps_avg_yearly": 1.66,
            "eps_latest_yearly": 2.52,
            "eps_growth_yearly": 94.37
        },
        "20213": {
            "year_quarter": 20213,
            "year": 2021,
            "quarter": 3,
            "eps": 0.71,
            "eps_growth_year": 69.05,
            "eps_4q": 2.23,
            "eps_4q_growth_year": 60.99,
            "roe": 5.3,
            "roe_4q": 17.89,
            "gross_profit": 177307,
            "gross_margin": 42,
            "gross_margin_4q_avg": 39.52,
            "net_income": 78661,
            "revenue": 422118,
            "common_shares": 300596,
            "book_valuer_per_share": 23.08,
            "book_valuer_per_share_4q_avg": 22.21,
            "equity": 1523271,
            "current_ratio": 141.59,
            "debt_ratio": 70.65,
            "inventory_turnover_ratio": 16320.73,
            "account_receivable_turnover_ratio": 100.68,
            "reinvestment_rate": null,
            "research_to_sale_ratio": 5.04,
            "price_fair": 63.35,
            "eps_avg_yearly": 1.81,
            "eps_latest_yearly": 2.84,
            "eps_growth_yearly": 88.92
        },
        "20214": {
            "year_quarter": 20214,
            "year": 2021,
            "quarter": 4,
            "eps": 0.56,
            "eps_growth_year": 48.95,
            "eps_4q": 2.42,
            "eps_4q_growth_year": 62.05,
            "roe": 4.37,
            "roe_4q": 19.18,
            "gross_profit": 171108,
            "gross_margin": 41.71,
            "gross_margin_4q_avg": 40.95,
            "net_income": 66339,
            "revenue": 410197,
            "common_shares": 300596,
            "book_valuer_per_share": 23.64,
            "book_valuer_per_share_4q_avg": 22.69,
            "equity": 1512583,
            "current_ratio": 136.57,
            "debt_ratio": 73.28,
            "inventory_turnover_ratio": 15939.27,
            "account_receivable_turnover_ratio": 42.6,
            "reinvestment_rate": -127.63,
            "research_to_sale_ratio": 5.38,
            "price_fair": 65.02,
            "eps_avg_yearly": 1.86,
            "eps_latest_yearly": 2.24,
            "eps_growth_yearly": 69.65
        },
        "20221": {
            "year_quarter": 20221,
            "year": 2022,
            "quarter": 1,
            "eps": 0.54,
            "eps_growth_year": 3.85,
            "eps_4q": 2.44,
            "eps_4q_growth_year": 44.06,
            "roe": 2.7,
            "roe_4q": 17.61,
            "gross_profit": 170038,
            "gross_margin": 42.31,
            "gross_margin_4q_avg": 41.97,
            "net_income": 66919,
            "revenue": 401919,
            "common_shares": 300596,
            "book_valuer_per_share": 42.63,
            "book_valuer_per_share_4q_avg": 27.92,
            "equity": 3436258,
            "current_ratio": 180.06,
            "debt_ratio": 54.7,
            "inventory_turnover_ratio": 15458.73,
            "account_receivable_turnover_ratio": 26.94,
            "reinvestment_rate": -41.95,
            "research_to_sale_ratio": 7.04,
            "price_fair": 66.08,
            "eps_avg_yearly": 1.89,
            "eps_latest_yearly": 2.16,
            "eps_growth_yearly": 61.26
        },
        "20222": {
            "year_quarter": 20222,
            "year": 2022,
            "quarter": 2,
            "eps": 1.34,
            "eps_growth_year": 112.7,
            "eps_4q": 3.15,
            "eps_4q_growth_year": 62.05,
            "roe": 2.88,
            "roe_4q": 15.25,
            "gross_profit": 202861,
            "gross_margin": 47.06,
            "gross_margin_4q_avg": 43.27,
            "net_income": 101718,
            "revenue": 431085,
            "common_shares": 300596,
            "book_valuer_per_share": 47.19,
            "book_valuer_per_share_4q_avg": 34.14,
            "equity": 3634724,
            "current_ratio": 188.89,
            "debt_ratio": 57.13,
            "inventory_turnover_ratio": 15214.93,
            "account_receivable_turnover_ratio": 51.7,
            "reinvestment_rate": 232.04,
            "research_to_sale_ratio": 6.27,
            "price_fair": 77.13,
            "eps_avg_yearly": 2.2,
            "eps_latest_yearly": 5.36,
            "eps_growth_yearly": 109.56
        },
        "20223": {
            "year_quarter": 20223,
            "year": 2022,
            "quarter": 3,
            "eps": 0.37,
            "eps_growth_year": -47.89,
            "eps_4q": 2.81,
            "eps_4q_growth_year": 25.83,
            "roe": 2.01,
            "roe_4q": 11.96,
            "gross_profit": 175152,
            "gross_margin": 42.7,
            "gross_margin_4q_avg": 43.45,
            "net_income": 73305,
            "revenue": 410197,
            "common_shares": 300596,
            "book_valuer_per_share": 46.4,
            "book_valuer_per_share_4q_avg": 39.97,
            "equity": 3661501,
            "current_ratio": 191.34,
            "debt_ratio": 56.51,
            "inventory_turnover_ratio": 15669.67,
            "account_receivable_turnover_ratio": 197.92,
            "reinvestment_rate": 199.84,
            "research_to_sale_ratio": 6.39,
            "price_fair": 75.02,
            "eps_avg_yearly": 2.14,
            "eps_latest_yearly": 1.48,
            "eps_growth_yearly": 76.3
        },
        "20224": {
            "year_quarter": 20224,
            "year": 2022,
            "quarter": 4,
            "eps": 0.47,
            "eps_growth_year": -16.94,
            "eps_4q": 2.71,
            "eps_4q_growth_year": 12.25,
            "roe": 2.3,
            "roe_4q": 9.89,
            "gross_profit": 182206,
            "gross_margin": 42.7,
            "gross_margin_4q_avg": 43.69,
            "net_income": 84490,
            "revenue": 426666,
            "common_shares": 300596,
            "book_valuer_per_share": 46.9,
            "book_valuer_per_share_4q_avg": 45.78,
            "equity": 3681880,
            "current_ratio": 193.5,
            "debt_ratio": 55.96,
            "inventory_turnover_ratio": 16297.33,
            "account_receivable_turnover_ratio": 66.09,
            "reinvestment_rate": 148.5,
            "research_to_sale_ratio": 5.92,
            "price_fair": 74.31,
            "eps_avg_yearly": 2.12,
            "eps_latest_yearly": 1.88,
            "eps_growth_yearly": 78.75
        },
        "20231": {
            "year_quarter": 20231,
            "year": 2023,
            "quarter": 1,
            "eps": 0.36,
            "eps_growth_year": -33.33,
            "eps_4q": 2.53,
            "eps_4q_growth_year": 3.77,
            "roe": 1.86,
            "roe_4q": 9.05,
            "gross_profit": 163306,
            "gross_margin": 40.92,
            "gross_margin_4q_avg": 43.35,
            "net_income": 69532,
            "revenue": 399093,
            "common_shares": 300596,
            "book_valuer_per_share": 47.13,
            "book_valuer_per_share_4q_avg": 46.91,
            "equity": 3798359,
            "current_ratio": 194.6,
            "debt_ratio": 54.35,
            "inventory_turnover_ratio": 15719.13,
            "account_receivable_turnover_ratio": 53.5,
            "reinvestment_rate": 137.77,
            "research_to_sale_ratio": 6.86,
            "price_fair": 72.6,
            "eps_avg_yearly": 2.07,
            "eps_latest_yearly": 1.44,
            "eps_growth_yearly": 66.44
        }
    },
    "months": {
        "2010-01": {
            "month": "2010-01",
            "price": "325.00",
            "revenue": 44292
        },
        "2010-02": {
            "month": "2010-02",
            "price": "254.47",
            "revenue": 68304
        },
        "2010-03": {
            "month": "2010-03",
            "price": "237.17",
            "revenue": 41566
        },
        "2010-04": {
            "month": "2010-04",
            "price": "239.92",
            "revenue": 35049
        },
        "2010-05": {
            "month": "2010-05",
            "price": "228.53",
            "revenue": 31489
        },
        "2010-06": {
            "month": "2010-06",
            "price": "215.50",
            "revenue": 34485
        },
        "2010-07": {
            "month": "2010-07",
            "price": "210.63",
            "revenue": 21897
        },
        "2010-08": {
            "month": "2010-08",
            "price": "210.92",
            "revenue": 37224
        },
        "2010-09": {
            "month": "2010-09",
            "price": "224.18",
            "revenue": 48619
        },
        "2010-10": {
            "month": "2010-10",
            "price": "193.52",
            "revenue": 62339
        },
        "2010-11": {
            "month": "2010-11",
            "price": "187.37",
            "revenue": 49158
        },
        "2010-12": {
            "month": "2010-12",
            "price": "173.55",
            "revenue": 48764
        },
        "2011-01": {
            "month": "2011-01",
            "price": "149.57",
            "revenue": 94518
        },
        "2011-02": {
            "month": "2011-02",
            "price": "141.57",
            "revenue": 58756
        },
        "2011-03": {
            "month": "2011-03",
            "price": "143.63",
            "revenue": 85905
        },
        "2011-04": {
            "month": "2011-04",
            "price": "145.89",
            "revenue": 85586
        },
        "2011-05": {
            "month": "2011-05",
            "price": "206.69",
            "revenue": 110297
        },
        "2011-06": {
            "month": "2011-06",
            "price": "243.07",
            "revenue": 84352
        },
        "2011-07": {
            "month": "2011-07",
            "price": "257.45",
            "revenue": 88645
        },
        "2011-08": {
            "month": "2011-08",
            "price": "241.43",
            "revenue": 102233
        },
        "2011-09": {
            "month": "2011-09",
            "price": "232.67",
            "revenue": 76690
        },
        "2011-10": {
            "month": "2011-10",
            "price": "213.60",
            "revenue": 78421
        },
        "2011-11": {
            "month": "2011-11",
            "price": "207.77",
            "revenue": 83790
        },
        "2011-12": {
            "month": "2011-12",
            "price": "181.80",
            "revenue": 49022
        },
        "2012-01": {
            "month": "2012-01",
            "price": "164.63",
            "revenue": 48004
        },
        "2012-02": {
            "month": "2012-02",
            "price": "182.22",
            "revenue": 51922
        },
        "2012-03": {
            "month": "2012-03",
            "price": "198.02",
            "revenue": 59568
        },
        "2012-04": {
            "month": "2012-04",
            "price": "203.82",
            "revenue": 74252
        },
        "2012-05": {
            "month": "2012-05",
            "price": "205.59",
            "revenue": 60704
        },
        "2012-06": {
            "month": "2012-06",
            "price": "200.76",
            "revenue": 105492
        },
        "2012-07": {
            "month": "2012-07",
            "price": "194.43",
            "revenue": 106136
        },
        "2012-08": {
            "month": "2012-08",
            "price": "186.39",
            "revenue": 44683
        },
        "2012-09": {
            "month": "2012-09",
            "price": "153.45",
            "revenue": 25955
        },
        "2012-10": {
            "month": "2012-10",
            "price": "104.04",
            "revenue": 17821
        },
        "2012-11": {
            "month": "2012-11",
            "price": "113.92",
            "revenue": 63769
        },
        "2012-12": {
            "month": "2012-12",
            "price": "133.93",
            "revenue": 85907
        },
        "2013-01": {
            "month": "2013-01",
            "price": "121.27",
            "revenue": 64152
        },
        "2013-02": {
            "month": "2013-02",
            "price": "106.04",
            "revenue": 56953
        },
        "2013-03": {
            "month": "2013-03",
            "price": "107.64",
            "revenue": 36396
        },
        "2013-04": {
            "month": "2013-04",
            "price": "91.27",
            "revenue": 35461
        },
        "2013-05": {
            "month": "2013-05",
            "price": "87.40",
            "revenue": 24771
        },
        "2013-06": {
            "month": "2013-06",
            "price": "87.38",
            "revenue": 20367
        },
        "2013-07": {
            "month": "2013-07",
            "price": "82.00",
            "revenue": 19346
        },
        "2013-08": {
            "month": "2013-08",
            "price": "109.11",
            "revenue": 26582
        },
        "2013-09": {
            "month": "2013-09",
            "price": "98.55",
            "revenue": 22717
        },
        "2013-10": {
            "month": "2013-10",
            "price": "85.85",
            "revenue": 20971
        },
        "2013-11": {
            "month": "2013-11",
            "price": "85.19",
            "revenue": 15629
        },
        "2013-12": {
            "month": "2013-12",
            "price": "93.15",
            "revenue": 15058
        },
        "2014-01": {
            "month": "2014-01",
            "price": "94.24",
            "revenue": 18801
        },
        "2014-02": {
            "month": "2014-02",
            "price": "88.65",
            "revenue": 20980
        },
        "2014-03": {
            "month": "2014-03",
            "price": "86.52",
            "revenue": 26183
        },
        "2014-04": {
            "month": "2014-04",
            "price": "91.04",
            "revenue": 34297
        },
        "2014-05": {
            "month": "2014-05",
            "price": "86.33",
            "revenue": 39228
        },
        "2014-06": {
            "month": "2014-06",
            "price": "90.74",
            "revenue": 36977
        },
        "2014-07": {
            "month": "2014-07",
            "price": "83.92",
            "revenue": 31912
        },
        "2014-08": {
            "month": "2014-08",
            "price": "69.51",
            "revenue": 31185
        },
        "2014-09": {
            "month": "2014-09",
            "price": "70.50",
            "revenue": 31606
        },
        "2014-10": {
            "month": "2014-10",
            "price": "63.44",
            "revenue": 29212
        },
        "2014-11": {
            "month": "2014-11",
            "price": "63.32",
            "revenue": 34436
        },
        "2014-12": {
            "month": "2014-12",
            "price": "69.83",
            "revenue": 31886
        },
        "2015-01": {
            "month": "2015-01",
            "price": "84.47",
            "revenue": 27326
        },
        "2015-02": {
            "month": "2015-02",
            "price": "77.78",
            "revenue": 47385
        },
        "2015-03": {
            "month": "2015-03",
            "price": "76.36",
            "revenue": 69623
        },
        "2015-04": {
            "month": "2015-04",
            "price": "71.33",
            "revenue": 72550
        },
        "2015-05": {
            "month": "2015-05",
            "price": "69.71",
            "revenue": 70274
        },
        "2015-06": {
            "month": "2015-06",
            "price": "70.21",
            "revenue": 67935
        },
        "2015-07": {
            "month": "2015-07",
            "price": "62.40",
            "revenue": 64316
        },
        "2015-08": {
            "month": "2015-08",
            "price": "48.44",
            "revenue": 64149
        },
        "2015-09": {
            "month": "2015-09",
            "price": "47.57",
            "revenue": 61504
        },
        "2015-10": {
            "month": "2015-10",
            "price": "61.65",
            "revenue": 66204
        },
        "2015-11": {
            "month": "2015-11",
            "price": "69.00",
            "revenue": 69733
        },
        "2015-12": {
            "month": "2015-12",
            "price": "65.09",
            "revenue": 99485
        },
        "2016-01": {
            "month": "2016-01",
            "price": "59.69",
            "revenue": 69141
        },
        "2016-02": {
            "month": "2016-02",
            "price": "60.75",
            "revenue": 83686
        },
        "2016-03": {
            "month": "2016-03",
            "price": "66.91",
            "revenue": 80739
        },
        "2016-04": {
            "month": "2016-04",
            "price": "61.28",
            "revenue": 67737
        },
        "2016-05": {
            "month": "2016-05",
            "price": "54.82",
            "revenue": 71222
        },
        "2016-06": {
            "month": "2016-06",
            "price": "54.89",
            "revenue": 66479
        },
        "2016-07": {
            "month": "2016-07",
            "price": "55.12",
            "revenue": 109317
        },
        "2016-08": {
            "month": "2016-08",
            "price": "50.71",
            "revenue": 96067
        },
        "2016-09": {
            "month": "2016-09",
            "price": "48.17",
            "revenue": 78737
        },
        "2016-10": {
            "month": "2016-10",
            "price": "48.88",
            "revenue": 65488
        },
        "2016-11": {
            "month": "2016-11",
            "price": "41.91",
            "revenue": 61596
        },
        "2016-12": {
            "month": "2016-12",
            "price": "42.73",
            "revenue": 73843
        },
        "2017-01": {
            "month": "2017-01",
            "price": "44.68",
            "revenue": 66083
        },
        "2017-02": {
            "month": "2017-02",
            "price": "43.14",
            "revenue": 75447
        },
        "2017-03": {
            "month": "2017-03",
            "price": "42.46",
            "revenue": 125552
        },
        "2017-04": {
            "month": "2017-04",
            "price": "42.04",
            "revenue": 91969
        },
        "2017-05": {
            "month": "2017-05",
            "price": "43.11",
            "revenue": 83067
        },
        "2017-06": {
            "month": "2017-06",
            "price": "48.92",
            "revenue": 69151
        },
        "2017-07": {
            "month": "2017-07",
            "price": "42.63",
            "revenue": 70192
        },
        "2017-08": {
            "month": "2017-08",
            "price": "40.00",
            "revenue": 63648
        },
        "2017-09": {
            "month": "2017-09",
            "price": "40.13",
            "revenue": 60078
        },
        "2017-10": {
            "month": "2017-10",
            "price": "39.99",
            "revenue": 56820
        },
        "2017-11": {
            "month": "2017-11",
            "price": "39.53",
            "revenue": 56033
        },
        "2017-12": {
            "month": "2017-12",
            "price": "36.58",
            "revenue": 54705
        },
        "2018-01": {
            "month": "2018-01",
            "price": "40.30",
            "revenue": 64762
        },
        "2018-02": {
            "month": "2018-02",
            "price": "34.75",
            "revenue": 49516
        },
        "2018-03": {
            "month": "2018-03",
            "price": "33.92",
            "revenue": 58962
        },
        "2018-04": {
            "month": "2018-04",
            "price": "35.42",
            "revenue": 69806
        },
        "2018-05": {
            "month": "2018-05",
            "price": "33.80",
            "revenue": 72337
        },
        "2018-06": {
            "month": "2018-06",
            "price": "33.59",
            "revenue": 59938
        },
        "2018-07": {
            "month": "2018-07",
            "price": "30.50",
            "revenue": 63460
        },
        "2018-08": {
            "month": "2018-08",
            "price": "27.08",
            "revenue": 60370
        },
        "2018-09": {
            "month": "2018-09",
            "price": "25.06",
            "revenue": 64039
        },
        "2018-10": {
            "month": "2018-10",
            "price": "23.56",
            "revenue": 69409
        },
        "2018-11": {
            "month": "2018-11",
            "price": "22.76",
            "revenue": 70693
        },
        "2018-12": {
            "month": "2018-12",
            "price": "23.15",
            "revenue": 68894
        },
        "2019-01": {
            "month": "2019-01",
            "price": "25.55",
            "revenue": 88762
        },
        "2019-02": {
            "month": "2019-02",
            "price": "25.25",
            "revenue": 72157
        },
        "2019-03": {
            "month": "2019-03",
            "price": "26.18",
            "revenue": 84085
        },
        "2019-04": {
            "month": "2019-04",
            "price": "25.33",
            "revenue": 88837
        },
        "2019-05": {
            "month": "2019-05",
            "price": "24.42",
            "revenue": 90239
        },
        "2019-06": {
            "month": "2019-06",
            "price": "24.70",
            "revenue": 80491
        },
        "2019-07": {
            "month": "2019-07",
            "price": "25.25",
            "revenue": 91889
        },
        "2019-08": {
            "month": "2019-08",
            "price": "25.41",
            "revenue": 86189
        },
        "2019-09": {
            "month": "2019-09",
            "price": "32.97",
            "revenue": 91084
        },
        "2019-10": {
            "month": "2019-10",
            "price": "39.67",
            "revenue": 96617
        },
        "2019-11": {
            "month": "2019-11",
            "price": "41.70",
            "revenue": 93502
        },
        "2019-12": {
            "month": "2019-12",
            "price": "40.27",
            "revenue": 99966
        },
        "2020-01": {
            "month": "2020-01",
            "price": "41.91",
            "revenue": 98781
        },
        "2020-02": {
            "month": "2020-02",
            "price": "40.19",
            "revenue": 92361
        },
        "2020-03": {
            "month": "2020-03",
            "price": "31.61",
            "revenue": 106372
        },
        "2020-04": {
            "month": "2020-04",
            "price": "38.74",
            "revenue": 99485
        },
        "2020-05": {
            "month": "2020-05",
            "price": "44.98",
            "revenue": 99576
        },
        "2020-06": {
            "month": "2020-06",
            "price": "61.62",
            "revenue": 107856
        },
        "2020-07": {
            "month": "2020-07",
            "price": "57.75",
            "revenue": 111607
        },
        "2020-08": {
            "month": "2020-08",
            "price": "52.73",
            "revenue": 115348
        },
        "2020-09": {
            "month": "2020-09",
            "price": "47.85",
            "revenue": 123993
        },
        "2020-10": {
            "month": "2020-10",
            "price": "41.94",
            "revenue": 108675
        },
        "2020-11": {
            "month": "2020-11",
            "price": "43.86",
            "revenue": 121482
        },
        "2020-12": {
            "month": "2020-12",
            "price": "48.70",
            "revenue": 116452
        },
        "2021-01": {
            "month": "2021-01",
            "price": "48.73",
            "revenue": 128161
        },
        "2021-02": {
            "month": "2021-02",
            "price": "46.37",
            "revenue": 112891
        },
        "2021-03": {
            "month": "2021-03",
            "price": "48.46",
            "revenue": 134998
        },
        "2021-04": {
            "month": "2021-04",
            "price": "63.29",
            "revenue": 120907
        },
        "2021-05": {
            "month": "2021-05",
            "price": "78.07",
            "revenue": 143262
        },
        "2021-06": {
            "month": "2021-06",
            "price": "99.90",
            "revenue": 156270
        },
        "2021-07": {
            "month": "2021-07",
            "price": "125.59",
            "revenue": 145741
        },
        "2021-08": {
            "month": "2021-08",
            "price": "105.39",
            "revenue": 141119
        },
        "2021-09": {
            "month": "2021-09",
            "price": "105.72",
            "revenue": 135258
        },
        "2021-10": {
            "month": "2021-10",
            "price": "90.68",
            "revenue": 122949
        },
        "2021-11": {
            "month": "2021-11",
            "price": "107.75",
            "revenue": 146879
        },
        "2021-12": {
            "month": "2021-12",
            "price": "156.32",
            "revenue": 140369
        },
        "2022-01": {
            "month": "2022-01",
            "price": "170.33",
            "revenue": 141586
        },
        "2022-02": {
            "month": "2022-02",
            "price": "161.67",
            "revenue": 114599
        },
        "2022-03": {
            "month": "2022-03",
            "price": "173.80",
            "revenue": 145734
        },
        "2022-04": {
            "month": "2022-04",
            "price": "144.29",
            "revenue": 130142
        },
        "2022-05": {
            "month": "2022-05",
            "price": "130.57",
            "revenue": 141079
        },
        "2022-06": {
            "month": "2022-06",
            "price": "123.62",
            "revenue": 159864
        },
        "2022-07": {
            "month": "2022-07",
            "price": "99.36",
            "revenue": 125807
        },
        "2022-08": {
            "month": "2022-08",
            "price": "93.93",
            "revenue": 143071
        },
        "2022-09": {
            "month": "2022-09",
            "price": "82.08",
            "revenue": 141319
        },
        "2022-10": {
            "month": "2022-10",
            "price": "71.47",
            "revenue": 135547
        },
        "2022-11": {
            "month": "2022-11",
            "price": "80.40",
            "revenue": 144674
        },
        "2022-12": {
            "month": "2022-12",
            "price": "88.90",
            "revenue": 146445
        },
        "2023-01": {
            "month": "2023-01",
            "price": "93.59",
            "revenue": 130792
        },
        "2023-02": {
            "month": "2023-02",
            "price": "90.21",
            "revenue": 116173
        },
        "2023-03": {
            "month": "2023-03",
            "price": "85.72",
            "revenue": 152128
        },
        "2023-04": {
            "month": "2023-04",
            "price": "84.08",
            "revenue": 120252
        },
        "2023-05": {
            "month": "2023-05",
            "price": "86.60",
            "revenue": 142238
        }
    }
}
