{
    "summary": {
        "stock_name": "湧德",
        "stock_id": "3689",
        "category": "電子零組件",
        "main_business": "整合型訊號連接器",
        "website_url": "https://www.ude-corp.com",
        "ceo": "陳旻徹",
        "pe_ratio": 11,
        "report_year_from": 2009,
        "report_year_to": 2023,
        "age": 14,
        "eps_negative_percentage": 0,
        "eps_growth_avg": {
            "last_all": 15.65,
            "last_2y": 67.86,
            "last_4y": 19.38,
            "last_8y": 7.06,
            "last_12y": null,
            "last_16y": null,
            "last_20y": null,
            "at_2006_last_3y": null,
            "at_2007_last_3y": null,
            "at_2008_last_3y": null,
            "at_2009_last_3y": null,
            "at_2010_last_3y": null,
            "at_2011_last_3y": null,
            "at_2012_last_3y": null,
            "at_2013_last_3y": null,
            "at_2014_last_3y": null,
            "at_2015_last_3y": 9.68,
            "at_2016_last_3y": -13.24,
            "at_2017_last_3y": -8.35,
            "at_2018_last_3y": -20.02,
            "at_2019_last_3y": -17.53,
            "at_2020_last_3y": 0.12,
            "at_2021_last_3y": 18.07,
            "at_2022_last_3y": 36.94,
            "at_2023_last_3y": 36.94,
            "at_2006_last_all": null,
            "at_2007_last_all": null,
            "at_2008_last_all": null,
            "at_2009_last_all": null,
            "at_2010_last_all": null,
            "at_2011_last_all": null,
            "at_2012_last_all": null,
            "at_2013_last_all": 54.31,
            "at_2014_last_all": 34.82,
            "at_2015_last_all": 9.68,
            "at_2016_last_all": 9.41,
            "at_2017_last_all": 12.54,
            "at_2018_last_all": 3.48,
            "at_2019_last_all": -3.93,
            "at_2020_last_all": 5.28,
            "at_2021_last_all": 14.75,
            "at_2022_last_all": 15.65,
            "at_2023_last_all": 15.65
        },
        "latest_eps": 3.84,
        "latest_price": 44.05,
        "latest_roe": 9.35,
        "latest_gross_margin": 21.44,
        "latest_equity": 3070006,
        "latest_revenue": 1452069,
        "latest_gross_profit": 311312,
        "latest_net_income": 71535,
        "latest_debt_ratio": 40.69,
        "latest_current_ratio": 184.39,
        "latest_account_receivable_turnover_ratio": 0.83,
        "latest_inventory_turnover_ratio": 0.91,
        "latest_reinvestment_rate": -6.57,
        "latest_research_to_sale_ratio": 4.04
    },
    "eps_dividends": {
        "2001": {
            "cash": 0,
            "stock": 0,
            "eps": 0
        },
        "2002": {
            "cash": 0,
            "stock": 0,
            "eps": 0
        },
        "2003": {
            "cash": 0,
            "stock": 0,
            "eps": 0
        },
        "2004": {
            "cash": 0,
            "stock": 0,
            "eps": 0
        },
        "2005": {
            "cash": 0,
            "stock": 0,
            "eps": 0
        },
        "2006": {
            "cash": 0,
            "stock": 0,
            "eps": 0
        },
        "2007": {
            "cash": 0,
            "stock": 0,
            "eps": 0
        },
        "2008": {
            "cash": 0,
            "stock": 0,
            "eps": 0
        },
        "2009": {
            "cash": 0,
            "stock": 0,
            "eps": 0
        },
        "2010": {
            "cash": 1.2,
            "stock": 0,
            "eps": 0
        },
        "2011": {
            "cash": 3,
            "stock": 0.5,
            "eps": 2.18
        },
        "2012": {
            "cash": 3.5,
            "stock": 0,
            "eps": 7.07
        },
        "2013": {
            "cash": 3.8,
            "stock": 0,
            "eps": 7.68
        },
        "2014": {
            "cash": 4.5,
            "stock": 0,
            "eps": 7.36
        },
        "2015": {
            "cash": 4.3,
            "stock": 0,
            "eps": 2.52
        },
        "2016": {
            "cash": 1.5,
            "stock": 0,
            "eps": 2.73
        },
        "2017": {
            "cash": 1.6,
            "stock": 0,
            "eps": 3.5
        },
        "2018": {
            "cash": 2.3,
            "stock": 0,
            "eps": 1.72
        },
        "2019": {
            "cash": 1.2,
            "stock": 0,
            "eps": 0.76
        },
        "2020": {
            "cash": 0.5,
            "stock": 0,
            "eps": 1.36
        },
        "2021": {
            "cash": 1.3,
            "stock": 0,
            "eps": 3.41
        },
        "2022": {
            "cash": 2.3,
            "stock": 0,
            "eps": 4.25
        },
        "2023": {
            "cash": 2.3,
            "stock": 0,
            "eps": 0.95
        }
    },
    "dividends": {
        "2010-04-29": {
            "cash": 1.2,
            "stock": 0
        },
        "2011-04-21": {
            "cash": 3,
            "stock": 0.5
        },
        "2012-06-21": {
            "cash": 3.5,
            "stock": 0
        },
        "2013-06-20": {
            "cash": 3.8,
            "stock": 0
        },
        "2014-06-13": {
            "cash": 4.5,
            "stock": 0
        },
        "2015-07-31": {
            "cash": 4.3,
            "stock": 0
        },
        "2016-08-15": {
            "cash": 1.5,
            "stock": 0
        },
        "2017-08-15": {
            "cash": 1.6,
            "stock": 0
        },
        "2018-08-17": {
            "cash": 2.3,
            "stock": 0
        },
        "2019-08-20": {
            "cash": 1.2,
            "stock": 0
        },
        "2020-08-18": {
            "cash": 0.5,
            "stock": 0
        },
        "2021-08-23": {
            "cash": 1.3,
            "stock": 0
        },
        "2022-08-12": {
            "cash": 2.3,
            "stock": 0
        },
        "2023-03-02": {
            "cash": 2.3,
            "stock": 0
        }
    },
    "prices": {
        "200101": "無",
        "200102": "無",
        "200103": "無",
        "200104": "無",
        "200105": "無",
        "200106": "無",
        "200107": "無",
        "200108": "無",
        "200109": "無",
        "200110": "無",
        "200111": "無",
        "200112": "無",
        "200201": "無",
        "200202": "無",
        "200203": "無",
        "200204": "無",
        "200205": "無",
        "200206": "無",
        "200207": "無",
        "200208": "無",
        "200209": "無",
        "200210": "無",
        "200211": "無",
        "200212": "無",
        "200301": "無",
        "200302": "無",
        "200303": "無",
        "200304": "無",
        "200305": "無",
        "200306": "無",
        "200307": "無",
        "200308": "無",
        "200309": "無",
        "200310": "無",
        "200311": "無",
        "200312": "無",
        "200401": "無",
        "200402": "無",
        "200403": "無",
        "200404": "無",
        "200405": "無",
        "200406": "無",
        "200407": "無",
        "200408": "無",
        "200409": "無",
        "200410": "無",
        "200411": "無",
        "200412": "無",
        "200501": "無",
        "200502": "無",
        "200503": "無",
        "200504": "無",
        "200505": "無",
        "200506": "無",
        "200507": "無",
        "200508": "無",
        "200509": "無",
        "200510": "無",
        "200511": "無",
        "200512": "無",
        "200601": "無",
        "200602": "無",
        "200603": "無",
        "200604": "無",
        "200605": "無",
        "200606": "無",
        "200607": "無",
        "200608": "無",
        "200609": "無",
        "200610": "無",
        "200611": "無",
        "200612": "無",
        "200701": "無",
        "200702": "無",
        "200703": "無",
        "200704": "無",
        "200705": "無",
        "200706": "無",
        "200707": "無",
        "200708": "無",
        "200709": "無",
        "200710": "無",
        "200711": "無",
        "200712": "無",
        "200801": "無",
        "200802": "無",
        "200803": "無",
        "200804": "無",
        "200805": "無",
        "200806": "無",
        "200807": "無",
        "200808": "無",
        "200809": "無",
        "200810": "無",
        "200811": "無",
        "200812": "無",
        "200901": "無",
        "200902": "無",
        "200903": "無",
        "200904": "無",
        "200905": "無",
        "200906": "無",
        "200907": "無",
        "200908": "無",
        "200909": "無",
        "200910": "無",
        "200911": "無",
        "200912": "無",
        "201001": "無",
        "201002": "無",
        "201003": "無",
        "201004": "無",
        "201005": "無",
        "201006": "無",
        "201007": "無",
        "201008": "無",
        "201009": "無",
        "201010": "無",
        "201011": "無",
        "201012": "59.94",
        "201101": "59.46",
        "201102": "60.02",
        "201103": "63.46",
        "201104": "64.99",
        "201105": "69.27",
        "201106": "69.95",
        "201107": "69.35",
        "201108": "64.27",
        "201109": "60.62",
        "201110": "56.47",
        "201111": "49.60",
        "201112": "47.84",
        "201201": "49.41",
        "201202": "57.80",
        "201203": "60.23",
        "201204": "61.11",
        "201205": "60.08",
        "201206": "56.09",
        "201207": "54.36",
        "201208": "56.53",
        "201209": "63.06",
        "201210": "63.93",
        "201211": "57.17",
        "201212": "60.44",
        "201301": "64.64",
        "201302": "68.50",
        "201303": "74.49",
        "201304": "75.98",
        "201305": "78.54",
        "201306": "73.99",
        "201307": "70.80",
        "201308": "78.04",
        "201309": "78.66",
        "201310": "81.90",
        "201311": "84.52",
        "201312": "90.68",
        "201401": "91.74",
        "201402": "101.85",
        "201403": "111.45",
        "201404": "111.02",
        "201405": "101.25",
        "201406": "104.42",
        "201407": "106.11",
        "201408": "101.74",
        "201409": "99.74",
        "201410": "85.71",
        "201411": "79.21",
        "201412": "81.71",
        "201501": "75.72",
        "201502": "73.99",
        "201503": "76.11",
        "201504": "73.56",
        "201505": "60.30",
        "201506": "54.68",
        "201507": "47.77",
        "201508": "34.80",
        "201509": "35.78",
        "201510": "40.41",
        "201511": "36.60",
        "201512": "33.37",
        "201601": "30.03",
        "201602": "33.58",
        "201603": "35.36",
        "201604": "32.32",
        "201605": "28.78",
        "201606": "29.01",
        "201607": "28.58",
        "201608": "27.24",
        "201609": "26.40",
        "201610": "29.21",
        "201611": "29.08",
        "201612": "30.39",
        "201701": "37.47",
        "201702": "36.45",
        "201703": "38.14",
        "201704": "37.00",
        "201705": "39.53",
        "201706": "38.46",
        "201707": "37.38",
        "201708": "44.36",
        "201709": "53.31",
        "201710": "58.97",
        "201711": "52.91",
        "201712": "48.35",
        "201801": "49.86",
        "201802": "49.67",
        "201803": "44.53",
        "201804": "38.19",
        "201805": "34.66",
        "201806": "34.98",
        "201807": "34.17",
        "201808": "30.18",
        "201809": "28.41",
        "201810": "24.83",
        "201811": "24.98",
        "201812": "27.01",
        "201901": "26.54",
        "201902": "28.14",
        "201903": "27.68",
        "201904": "30.36",
        "201905": "27.68",
        "201906": "26.11",
        "201907": "27.08",
        "201908": "26.09",
        "201909": "26.63",
        "201910": "26.24",
        "201911": "25.84",
        "201912": "25.90",
        "202001": "27.03",
        "202002": "24.67",
        "202003": "19.70",
        "202004": "19.14",
        "202005": "22.79",
        "202006": "26.50",
        "202007": "29.41",
        "202008": "35.52",
        "202009": "32.00",
        "202010": "30.31",
        "202011": "30.26",
        "202012": "33.58",
        "202101": "29.68",
        "202102": "30.90",
        "202103": "32.36",
        "202104": "33.12",
        "202105": "28.69",
        "202106": "29.54",
        "202107": "30.35",
        "202108": "34.02",
        "202109": "48.92",
        "202110": "43.87",
        "202111": "44.45",
        "202112": "45.90",
        "202201": "44.56",
        "202202": "49.26",
        "202203": "45.97",
        "202204": "45.22",
        "202205": "43.16",
        "202206": "43.97",
        "202207": "37.77",
        "202208": "37.95",
        "202209": "33.68",
        "202210": "29.92",
        "202211": "31.72",
        "202212": "33.21",
        "202301": "32.45",
        "202302": "34.20",
        "202303": "36.60",
        "202304": "38.34",
        "202305": "39.79",
        "202306": "43.14"
    },
    "quarters": {
        "20011": {
            "year_quarter": 20011,
            "year": 2001,
            "quarter": 1,
            "eps": null,
            "eps_growth_year": null,
            "eps_4q": null,
            "eps_4q_growth_year": null,
            "roe": null,
            "roe_4q": 0,
            "gross_profit": null,
            "gross_margin": null,
            "gross_margin_4q_avg": 0,
            "net_income": null,
            "revenue": null,
            "common_shares": null,
            "book_valuer_per_share": null,
            "book_valuer_per_share_4q_avg": 0,
            "equity": null,
            "current_ratio": null,
            "debt_ratio": null,
            "inventory_turnover_ratio": null,
            "account_receivable_turnover_ratio": null,
            "reinvestment_rate": null,
            "research_to_sale_ratio": null,
            "price_fair": 0,
            "eps_avg_yearly": 0,
            "eps_latest_yearly": 0,
            "eps_growth_yearly": 0
        },
        "20012": {
            "year_quarter": 20012,
            "year": 2001,
            "quarter": 2,
            "eps": null,
            "eps_growth_year": null,
            "eps_4q": null,
            "eps_4q_growth_year": null,
            "roe": null,
            "roe_4q": 0,
            "gross_profit": null,
            "gross_margin": null,
            "gross_margin_4q_avg": 0,
            "net_income": null,
            "revenue": null,
            "common_shares": null,
            "book_valuer_per_share": null,
            "book_valuer_per_share_4q_avg": 0,
            "equity": null,
            "current_ratio": null,
            "debt_ratio": null,
            "inventory_turnover_ratio": null,
            "account_receivable_turnover_ratio": null,
            "reinvestment_rate": null,
            "research_to_sale_ratio": null,
            "price_fair": 0,
            "eps_avg_yearly": 0,
            "eps_latest_yearly": 0,
            "eps_growth_yearly": 0
        },
        "20013": {
            "year_quarter": 20013,
            "year": 2001,
            "quarter": 3,
            "eps": null,
            "eps_growth_year": null,
            "eps_4q": null,
            "eps_4q_growth_year": null,
            "roe": null,
            "roe_4q": 0,
            "gross_profit": null,
            "gross_margin": null,
            "gross_margin_4q_avg": 0,
            "net_income": null,
            "revenue": null,
            "common_shares": null,
            "book_valuer_per_share": null,
            "book_valuer_per_share_4q_avg": 0,
            "equity": null,
            "current_ratio": null,
            "debt_ratio": null,
            "inventory_turnover_ratio": null,
            "account_receivable_turnover_ratio": null,
            "reinvestment_rate": null,
            "research_to_sale_ratio": null,
            "price_fair": 0,
            "eps_avg_yearly": 0,
            "eps_latest_yearly": 0,
            "eps_growth_yearly": 0
        },
        "20014": {
            "year_quarter": 20014,
            "year": 2001,
            "quarter": 4,
            "eps": null,
            "eps_growth_year": null,
            "eps_4q": null,
            "eps_4q_growth_year": null,
            "roe": null,
            "roe_4q": 0,
            "gross_profit": null,
            "gross_margin": null,
            "gross_margin_4q_avg": 0,
            "net_income": null,
            "revenue": null,
            "common_shares": null,
            "book_valuer_per_share": null,
            "book_valuer_per_share_4q_avg": 0,
            "equity": null,
            "current_ratio": null,
            "debt_ratio": null,
            "inventory_turnover_ratio": null,
            "account_receivable_turnover_ratio": null,
            "reinvestment_rate": null,
            "research_to_sale_ratio": null,
            "price_fair": 0,
            "eps_avg_yearly": 0,
            "eps_latest_yearly": 0,
            "eps_growth_yearly": 0
        },
        "20021": {
            "year_quarter": 20021,
            "year": 2002,
            "quarter": 1,
            "eps": null,
            "eps_growth_year": null,
            "eps_4q": null,
            "eps_4q_growth_year": null,
            "roe": null,
            "roe_4q": 0,
            "gross_profit": null,
            "gross_margin": null,
            "gross_margin_4q_avg": 0,
            "net_income": null,
            "revenue": null,
            "common_shares": null,
            "book_valuer_per_share": null,
            "book_valuer_per_share_4q_avg": 0,
            "equity": null,
            "current_ratio": null,
            "debt_ratio": null,
            "inventory_turnover_ratio": null,
            "account_receivable_turnover_ratio": null,
            "reinvestment_rate": null,
            "research_to_sale_ratio": null,
            "price_fair": 0,
            "eps_avg_yearly": 0,
            "eps_latest_yearly": 0,
            "eps_growth_yearly": 0
        },
        "20022": {
            "year_quarter": 20022,
            "year": 2002,
            "quarter": 2,
            "eps": null,
            "eps_growth_year": null,
            "eps_4q": null,
            "eps_4q_growth_year": null,
            "roe": null,
            "roe_4q": 0,
            "gross_profit": null,
            "gross_margin": null,
            "gross_margin_4q_avg": 0,
            "net_income": null,
            "revenue": null,
            "common_shares": null,
            "book_valuer_per_share": null,
            "book_valuer_per_share_4q_avg": 0,
            "equity": null,
            "current_ratio": null,
            "debt_ratio": null,
            "inventory_turnover_ratio": null,
            "account_receivable_turnover_ratio": null,
            "reinvestment_rate": null,
            "research_to_sale_ratio": null,
            "price_fair": 0,
            "eps_avg_yearly": 0,
            "eps_latest_yearly": 0,
            "eps_growth_yearly": 0
        },
        "20023": {
            "year_quarter": 20023,
            "year": 2002,
            "quarter": 3,
            "eps": null,
            "eps_growth_year": null,
            "eps_4q": null,
            "eps_4q_growth_year": null,
            "roe": null,
            "roe_4q": 0,
            "gross_profit": null,
            "gross_margin": null,
            "gross_margin_4q_avg": 0,
            "net_income": null,
            "revenue": null,
            "common_shares": null,
            "book_valuer_per_share": null,
            "book_valuer_per_share_4q_avg": 0,
            "equity": null,
            "current_ratio": null,
            "debt_ratio": null,
            "inventory_turnover_ratio": null,
            "account_receivable_turnover_ratio": null,
            "reinvestment_rate": null,
            "research_to_sale_ratio": null,
            "price_fair": 0,
            "eps_avg_yearly": 0,
            "eps_latest_yearly": 0,
            "eps_growth_yearly": 0
        },
        "20024": {
            "year_quarter": 20024,
            "year": 2002,
            "quarter": 4,
            "eps": null,
            "eps_growth_year": null,
            "eps_4q": null,
            "eps_4q_growth_year": null,
            "roe": null,
            "roe_4q": 0,
            "gross_profit": null,
            "gross_margin": null,
            "gross_margin_4q_avg": 0,
            "net_income": null,
            "revenue": null,
            "common_shares": null,
            "book_valuer_per_share": null,
            "book_valuer_per_share_4q_avg": 0,
            "equity": null,
            "current_ratio": null,
            "debt_ratio": null,
            "inventory_turnover_ratio": null,
            "account_receivable_turnover_ratio": null,
            "reinvestment_rate": null,
            "research_to_sale_ratio": null,
            "price_fair": 0,
            "eps_avg_yearly": 0,
            "eps_latest_yearly": 0,
            "eps_growth_yearly": 0
        },
        "20031": {
            "year_quarter": 20031,
            "year": 2003,
            "quarter": 1,
            "eps": null,
            "eps_growth_year": null,
            "eps_4q": null,
            "eps_4q_growth_year": null,
            "roe": null,
            "roe_4q": 0,
            "gross_profit": null,
            "gross_margin": null,
            "gross_margin_4q_avg": 0,
            "net_income": null,
            "revenue": null,
            "common_shares": null,
            "book_valuer_per_share": null,
            "book_valuer_per_share_4q_avg": 0,
            "equity": null,
            "current_ratio": null,
            "debt_ratio": null,
            "inventory_turnover_ratio": null,
            "account_receivable_turnover_ratio": null,
            "reinvestment_rate": null,
            "research_to_sale_ratio": null,
            "price_fair": 0,
            "eps_avg_yearly": 0,
            "eps_latest_yearly": 0,
            "eps_growth_yearly": 0
        },
        "20032": {
            "year_quarter": 20032,
            "year": 2003,
            "quarter": 2,
            "eps": null,
            "eps_growth_year": null,
            "eps_4q": null,
            "eps_4q_growth_year": null,
            "roe": null,
            "roe_4q": 0,
            "gross_profit": null,
            "gross_margin": null,
            "gross_margin_4q_avg": 0,
            "net_income": null,
            "revenue": null,
            "common_shares": null,
            "book_valuer_per_share": null,
            "book_valuer_per_share_4q_avg": 0,
            "equity": null,
            "current_ratio": null,
            "debt_ratio": null,
            "inventory_turnover_ratio": null,
            "account_receivable_turnover_ratio": null,
            "reinvestment_rate": null,
            "research_to_sale_ratio": null,
            "price_fair": 0,
            "eps_avg_yearly": 0,
            "eps_latest_yearly": 0,
            "eps_growth_yearly": 0
        },
        "20033": {
            "year_quarter": 20033,
            "year": 2003,
            "quarter": 3,
            "eps": null,
            "eps_growth_year": null,
            "eps_4q": null,
            "eps_4q_growth_year": null,
            "roe": null,
            "roe_4q": 0,
            "gross_profit": null,
            "gross_margin": null,
            "gross_margin_4q_avg": 0,
            "net_income": null,
            "revenue": null,
            "common_shares": null,
            "book_valuer_per_share": null,
            "book_valuer_per_share_4q_avg": 0,
            "equity": null,
            "current_ratio": null,
            "debt_ratio": null,
            "inventory_turnover_ratio": null,
            "account_receivable_turnover_ratio": null,
            "reinvestment_rate": null,
            "research_to_sale_ratio": null,
            "price_fair": 0,
            "eps_avg_yearly": 0,
            "eps_latest_yearly": 0,
            "eps_growth_yearly": 0
        },
        "20034": {
            "year_quarter": 20034,
            "year": 2003,
            "quarter": 4,
            "eps": null,
            "eps_growth_year": null,
            "eps_4q": null,
            "eps_4q_growth_year": null,
            "roe": null,
            "roe_4q": 0,
            "gross_profit": null,
            "gross_margin": null,
            "gross_margin_4q_avg": 0,
            "net_income": null,
            "revenue": null,
            "common_shares": null,
            "book_valuer_per_share": null,
            "book_valuer_per_share_4q_avg": 0,
            "equity": null,
            "current_ratio": null,
            "debt_ratio": null,
            "inventory_turnover_ratio": null,
            "account_receivable_turnover_ratio": null,
            "reinvestment_rate": null,
            "research_to_sale_ratio": null,
            "price_fair": 0,
            "eps_avg_yearly": 0,
            "eps_latest_yearly": 0,
            "eps_growth_yearly": 0
        },
        "20041": {
            "year_quarter": 20041,
            "year": 2004,
            "quarter": 1,
            "eps": null,
            "eps_growth_year": null,
            "eps_4q": null,
            "eps_4q_growth_year": null,
            "roe": null,
            "roe_4q": 0,
            "gross_profit": null,
            "gross_margin": null,
            "gross_margin_4q_avg": 0,
            "net_income": null,
            "revenue": null,
            "common_shares": null,
            "book_valuer_per_share": null,
            "book_valuer_per_share_4q_avg": 0,
            "equity": null,
            "current_ratio": null,
            "debt_ratio": null,
            "inventory_turnover_ratio": null,
            "account_receivable_turnover_ratio": null,
            "reinvestment_rate": null,
            "research_to_sale_ratio": null,
            "price_fair": 0,
            "eps_avg_yearly": 0,
            "eps_latest_yearly": 0,
            "eps_growth_yearly": 0
        },
        "20042": {
            "year_quarter": 20042,
            "year": 2004,
            "quarter": 2,
            "eps": null,
            "eps_growth_year": null,
            "eps_4q": null,
            "eps_4q_growth_year": null,
            "roe": null,
            "roe_4q": 0,
            "gross_profit": null,
            "gross_margin": null,
            "gross_margin_4q_avg": 0,
            "net_income": null,
            "revenue": null,
            "common_shares": null,
            "book_valuer_per_share": null,
            "book_valuer_per_share_4q_avg": 0,
            "equity": null,
            "current_ratio": null,
            "debt_ratio": null,
            "inventory_turnover_ratio": null,
            "account_receivable_turnover_ratio": null,
            "reinvestment_rate": null,
            "research_to_sale_ratio": null,
            "price_fair": 0,
            "eps_avg_yearly": 0,
            "eps_latest_yearly": 0,
            "eps_growth_yearly": 0
        },
        "20043": {
            "year_quarter": 20043,
            "year": 2004,
            "quarter": 3,
            "eps": null,
            "eps_growth_year": null,
            "eps_4q": null,
            "eps_4q_growth_year": null,
            "roe": null,
            "roe_4q": 0,
            "gross_profit": null,
            "gross_margin": null,
            "gross_margin_4q_avg": 0,
            "net_income": null,
            "revenue": null,
            "common_shares": null,
            "book_valuer_per_share": null,
            "book_valuer_per_share_4q_avg": 0,
            "equity": null,
            "current_ratio": null,
            "debt_ratio": null,
            "inventory_turnover_ratio": null,
            "account_receivable_turnover_ratio": null,
            "reinvestment_rate": null,
            "research_to_sale_ratio": null,
            "price_fair": 0,
            "eps_avg_yearly": 0,
            "eps_latest_yearly": 0,
            "eps_growth_yearly": 0
        },
        "20044": {
            "year_quarter": 20044,
            "year": 2004,
            "quarter": 4,
            "eps": null,
            "eps_growth_year": null,
            "eps_4q": null,
            "eps_4q_growth_year": null,
            "roe": null,
            "roe_4q": 0,
            "gross_profit": null,
            "gross_margin": null,
            "gross_margin_4q_avg": 0,
            "net_income": null,
            "revenue": null,
            "common_shares": null,
            "book_valuer_per_share": null,
            "book_valuer_per_share_4q_avg": 0,
            "equity": null,
            "current_ratio": null,
            "debt_ratio": null,
            "inventory_turnover_ratio": null,
            "account_receivable_turnover_ratio": null,
            "reinvestment_rate": null,
            "research_to_sale_ratio": null,
            "price_fair": 0,
            "eps_avg_yearly": 0,
            "eps_latest_yearly": 0,
            "eps_growth_yearly": 0
        },
        "20051": {
            "year_quarter": 20051,
            "year": 2005,
            "quarter": 1,
            "eps": null,
            "eps_growth_year": null,
            "eps_4q": null,
            "eps_4q_growth_year": null,
            "roe": null,
            "roe_4q": 0,
            "gross_profit": null,
            "gross_margin": null,
            "gross_margin_4q_avg": 0,
            "net_income": null,
            "revenue": null,
            "common_shares": null,
            "book_valuer_per_share": null,
            "book_valuer_per_share_4q_avg": 0,
            "equity": null,
            "current_ratio": null,
            "debt_ratio": null,
            "inventory_turnover_ratio": null,
            "account_receivable_turnover_ratio": null,
            "reinvestment_rate": null,
            "research_to_sale_ratio": null,
            "price_fair": 0,
            "eps_avg_yearly": 0,
            "eps_latest_yearly": 0,
            "eps_growth_yearly": 0
        },
        "20052": {
            "year_quarter": 20052,
            "year": 2005,
            "quarter": 2,
            "eps": null,
            "eps_growth_year": null,
            "eps_4q": null,
            "eps_4q_growth_year": null,
            "roe": null,
            "roe_4q": 0,
            "gross_profit": null,
            "gross_margin": null,
            "gross_margin_4q_avg": 0,
            "net_income": null,
            "revenue": null,
            "common_shares": null,
            "book_valuer_per_share": null,
            "book_valuer_per_share_4q_avg": 0,
            "equity": null,
            "current_ratio": null,
            "debt_ratio": null,
            "inventory_turnover_ratio": null,
            "account_receivable_turnover_ratio": null,
            "reinvestment_rate": null,
            "research_to_sale_ratio": null,
            "price_fair": 0,
            "eps_avg_yearly": 0,
            "eps_latest_yearly": 0,
            "eps_growth_yearly": 0
        },
        "20053": {
            "year_quarter": 20053,
            "year": 2005,
            "quarter": 3,
            "eps": null,
            "eps_growth_year": null,
            "eps_4q": null,
            "eps_4q_growth_year": null,
            "roe": null,
            "roe_4q": 0,
            "gross_profit": null,
            "gross_margin": null,
            "gross_margin_4q_avg": 0,
            "net_income": null,
            "revenue": null,
            "common_shares": null,
            "book_valuer_per_share": null,
            "book_valuer_per_share_4q_avg": 0,
            "equity": null,
            "current_ratio": null,
            "debt_ratio": null,
            "inventory_turnover_ratio": null,
            "account_receivable_turnover_ratio": null,
            "reinvestment_rate": null,
            "research_to_sale_ratio": null,
            "price_fair": 0,
            "eps_avg_yearly": 0,
            "eps_latest_yearly": 0,
            "eps_growth_yearly": 0
        },
        "20054": {
            "year_quarter": 20054,
            "year": 2005,
            "quarter": 4,
            "eps": null,
            "eps_growth_year": null,
            "eps_4q": null,
            "eps_4q_growth_year": null,
            "roe": null,
            "roe_4q": 0,
            "gross_profit": null,
            "gross_margin": null,
            "gross_margin_4q_avg": 0,
            "net_income": null,
            "revenue": null,
            "common_shares": 10000,
            "book_valuer_per_share": 2.43,
            "book_valuer_per_share_4q_avg": 0.61,
            "equity": 2426,
            "current_ratio": 98.24,
            "debt_ratio": 97.16,
            "inventory_turnover_ratio": null,
            "account_receivable_turnover_ratio": null,
            "reinvestment_rate": null,
            "research_to_sale_ratio": null,
            "price_fair": 0,
            "eps_avg_yearly": 0,
            "eps_latest_yearly": 0,
            "eps_growth_yearly": 0
        },
        "20061": {
            "year_quarter": 20061,
            "year": 2006,
            "quarter": 1,
            "eps": null,
            "eps_growth_year": null,
            "eps_4q": null,
            "eps_4q_growth_year": null,
            "roe": null,
            "roe_4q": 0,
            "gross_profit": null,
            "gross_margin": null,
            "gross_margin_4q_avg": 0,
            "net_income": null,
            "revenue": null,
            "common_shares": null,
            "book_valuer_per_share": null,
            "book_valuer_per_share_4q_avg": 0.61,
            "equity": null,
            "current_ratio": null,
            "debt_ratio": null,
            "inventory_turnover_ratio": null,
            "account_receivable_turnover_ratio": null,
            "reinvestment_rate": null,
            "research_to_sale_ratio": null,
            "price_fair": 0,
            "eps_avg_yearly": 0,
            "eps_latest_yearly": 0,
            "eps_growth_yearly": 0
        },
        "20062": {
            "year_quarter": 20062,
            "year": 2006,
            "quarter": 2,
            "eps": null,
            "eps_growth_year": null,
            "eps_4q": null,
            "eps_4q_growth_year": null,
            "roe": null,
            "roe_4q": 0,
            "gross_profit": null,
            "gross_margin": null,
            "gross_margin_4q_avg": 0,
            "net_income": null,
            "revenue": null,
            "common_shares": null,
            "book_valuer_per_share": null,
            "book_valuer_per_share_4q_avg": 0.61,
            "equity": null,
            "current_ratio": null,
            "debt_ratio": null,
            "inventory_turnover_ratio": null,
            "account_receivable_turnover_ratio": null,
            "reinvestment_rate": null,
            "research_to_sale_ratio": null,
            "price_fair": 0,
            "eps_avg_yearly": 0,
            "eps_latest_yearly": 0,
            "eps_growth_yearly": 0
        },
        "20063": {
            "year_quarter": 20063,
            "year": 2006,
            "quarter": 3,
            "eps": null,
            "eps_growth_year": null,
            "eps_4q": null,
            "eps_4q_growth_year": null,
            "roe": null,
            "roe_4q": 0,
            "gross_profit": null,
            "gross_margin": null,
            "gross_margin_4q_avg": 0,
            "net_income": null,
            "revenue": null,
            "common_shares": null,
            "book_valuer_per_share": null,
            "book_valuer_per_share_4q_avg": 0.61,
            "equity": null,
            "current_ratio": null,
            "debt_ratio": null,
            "inventory_turnover_ratio": null,
            "account_receivable_turnover_ratio": null,
            "reinvestment_rate": null,
            "research_to_sale_ratio": null,
            "price_fair": 0,
            "eps_avg_yearly": 0,
            "eps_latest_yearly": 0,
            "eps_growth_yearly": 0
        },
        "20064": {
            "year_quarter": 20064,
            "year": 2006,
            "quarter": 4,
            "eps": null,
            "eps_growth_year": null,
            "eps_4q": null,
            "eps_4q_growth_year": null,
            "roe": null,
            "roe_4q": 0,
            "gross_profit": null,
            "gross_margin": null,
            "gross_margin_4q_avg": 0,
            "net_income": null,
            "revenue": null,
            "common_shares": 10000,
            "book_valuer_per_share": 11.34,
            "book_valuer_per_share_4q_avg": 2.84,
            "equity": 11343,
            "current_ratio": 104.1,
            "debt_ratio": 94.36,
            "inventory_turnover_ratio": null,
            "account_receivable_turnover_ratio": null,
            "reinvestment_rate": null,
            "research_to_sale_ratio": null,
            "price_fair": 0,
            "eps_avg_yearly": 0,
            "eps_latest_yearly": 0,
            "eps_growth_yearly": 0
        },
        "20071": {
            "year_quarter": 20071,
            "year": 2007,
            "quarter": 1,
            "eps": null,
            "eps_growth_year": null,
            "eps_4q": null,
            "eps_4q_growth_year": null,
            "roe": null,
            "roe_4q": 0,
            "gross_profit": null,
            "gross_margin": null,
            "gross_margin_4q_avg": 0,
            "net_income": null,
            "revenue": null,
            "common_shares": null,
            "book_valuer_per_share": null,
            "book_valuer_per_share_4q_avg": 2.84,
            "equity": null,
            "current_ratio": null,
            "debt_ratio": null,
            "inventory_turnover_ratio": null,
            "account_receivable_turnover_ratio": null,
            "reinvestment_rate": null,
            "research_to_sale_ratio": null,
            "price_fair": 0,
            "eps_avg_yearly": 0,
            "eps_latest_yearly": 0,
            "eps_growth_yearly": 0
        },
        "20072": {
            "year_quarter": 20072,
            "year": 2007,
            "quarter": 2,
            "eps": null,
            "eps_growth_year": null,
            "eps_4q": null,
            "eps_4q_growth_year": null,
            "roe": null,
            "roe_4q": 0,
            "gross_profit": null,
            "gross_margin": null,
            "gross_margin_4q_avg": 0,
            "net_income": null,
            "revenue": null,
            "common_shares": null,
            "book_valuer_per_share": null,
            "book_valuer_per_share_4q_avg": 2.84,
            "equity": null,
            "current_ratio": null,
            "debt_ratio": null,
            "inventory_turnover_ratio": null,
            "account_receivable_turnover_ratio": null,
            "reinvestment_rate": null,
            "research_to_sale_ratio": null,
            "price_fair": 0,
            "eps_avg_yearly": 0,
            "eps_latest_yearly": 0,
            "eps_growth_yearly": 0
        },
        "20073": {
            "year_quarter": 20073,
            "year": 2007,
            "quarter": 3,
            "eps": null,
            "eps_growth_year": null,
            "eps_4q": null,
            "eps_4q_growth_year": null,
            "roe": null,
            "roe_4q": 0,
            "gross_profit": null,
            "gross_margin": null,
            "gross_margin_4q_avg": 0,
            "net_income": null,
            "revenue": null,
            "common_shares": null,
            "book_valuer_per_share": null,
            "book_valuer_per_share_4q_avg": 2.84,
            "equity": null,
            "current_ratio": null,
            "debt_ratio": null,
            "inventory_turnover_ratio": null,
            "account_receivable_turnover_ratio": null,
            "reinvestment_rate": null,
            "research_to_sale_ratio": null,
            "price_fair": 0,
            "eps_avg_yearly": 0,
            "eps_latest_yearly": 0,
            "eps_growth_yearly": 0
        },
        "20074": {
            "year_quarter": 20074,
            "year": 2007,
            "quarter": 4,
            "eps": null,
            "eps_growth_year": null,
            "eps_4q": null,
            "eps_4q_growth_year": null,
            "roe": null,
            "roe_4q": 0,
            "gross_profit": null,
            "gross_margin": null,
            "gross_margin_4q_avg": 0,
            "net_income": null,
            "revenue": null,
            "common_shares": 304497,
            "book_valuer_per_share": 15.91,
            "book_valuer_per_share_4q_avg": 3.98,
            "equity": 484325,
            "current_ratio": 446.09,
            "debt_ratio": 22.22,
            "inventory_turnover_ratio": null,
            "account_receivable_turnover_ratio": null,
            "reinvestment_rate": null,
            "research_to_sale_ratio": null,
            "price_fair": 0,
            "eps_avg_yearly": 0,
            "eps_latest_yearly": 0,
            "eps_growth_yearly": 0
        },
        "20081": {
            "year_quarter": 20081,
            "year": 2008,
            "quarter": 1,
            "eps": null,
            "eps_growth_year": null,
            "eps_4q": null,
            "eps_4q_growth_year": null,
            "roe": null,
            "roe_4q": 0,
            "gross_profit": null,
            "gross_margin": null,
            "gross_margin_4q_avg": 0,
            "net_income": null,
            "revenue": null,
            "common_shares": null,
            "book_valuer_per_share": null,
            "book_valuer_per_share_4q_avg": 3.98,
            "equity": null,
            "current_ratio": null,
            "debt_ratio": null,
            "inventory_turnover_ratio": null,
            "account_receivable_turnover_ratio": null,
            "reinvestment_rate": null,
            "research_to_sale_ratio": null,
            "price_fair": 0,
            "eps_avg_yearly": 0,
            "eps_latest_yearly": 0,
            "eps_growth_yearly": 0
        },
        "20082": {
            "year_quarter": 20082,
            "year": 2008,
            "quarter": 2,
            "eps": null,
            "eps_growth_year": null,
            "eps_4q": null,
            "eps_4q_growth_year": null,
            "roe": null,
            "roe_4q": 0,
            "gross_profit": null,
            "gross_margin": null,
            "gross_margin_4q_avg": 0,
            "net_income": null,
            "revenue": null,
            "common_shares": null,
            "book_valuer_per_share": null,
            "book_valuer_per_share_4q_avg": 3.98,
            "equity": null,
            "current_ratio": null,
            "debt_ratio": null,
            "inventory_turnover_ratio": null,
            "account_receivable_turnover_ratio": null,
            "reinvestment_rate": null,
            "research_to_sale_ratio": null,
            "price_fair": 0,
            "eps_avg_yearly": 0,
            "eps_latest_yearly": 0,
            "eps_growth_yearly": 0
        },
        "20083": {
            "year_quarter": 20083,
            "year": 2008,
            "quarter": 3,
            "eps": null,
            "eps_growth_year": null,
            "eps_4q": null,
            "eps_4q_growth_year": null,
            "roe": null,
            "roe_4q": 0,
            "gross_profit": null,
            "gross_margin": null,
            "gross_margin_4q_avg": 0,
            "net_income": null,
            "revenue": null,
            "common_shares": null,
            "book_valuer_per_share": null,
            "book_valuer_per_share_4q_avg": 3.98,
            "equity": null,
            "current_ratio": null,
            "debt_ratio": null,
            "inventory_turnover_ratio": null,
            "account_receivable_turnover_ratio": null,
            "reinvestment_rate": null,
            "research_to_sale_ratio": null,
            "price_fair": 0,
            "eps_avg_yearly": 0,
            "eps_latest_yearly": 0,
            "eps_growth_yearly": 0
        },
        "20084": {
            "year_quarter": 20084,
            "year": 2008,
            "quarter": 4,
            "eps": null,
            "eps_growth_year": null,
            "eps_4q": null,
            "eps_4q_growth_year": null,
            "roe": null,
            "roe_4q": 0,
            "gross_profit": null,
            "gross_margin": null,
            "gross_margin_4q_avg": 0,
            "net_income": null,
            "revenue": null,
            "common_shares": 482858,
            "book_valuer_per_share": 13.59,
            "book_valuer_per_share_4q_avg": 3.4,
            "equity": 656096,
            "current_ratio": 149.42,
            "debt_ratio": 47.22,
            "inventory_turnover_ratio": null,
            "account_receivable_turnover_ratio": null,
            "reinvestment_rate": null,
            "research_to_sale_ratio": null,
            "price_fair": 0,
            "eps_avg_yearly": 0,
            "eps_latest_yearly": 0,
            "eps_growth_yearly": 0
        },
        "20091": {
            "year_quarter": 20091,
            "year": 2009,
            "quarter": 1,
            "eps": null,
            "eps_growth_year": null,
            "eps_4q": null,
            "eps_4q_growth_year": null,
            "roe": null,
            "roe_4q": 0,
            "gross_profit": null,
            "gross_margin": null,
            "gross_margin_4q_avg": 0,
            "net_income": null,
            "revenue": null,
            "common_shares": null,
            "book_valuer_per_share": null,
            "book_valuer_per_share_4q_avg": 3.4,
            "equity": null,
            "current_ratio": null,
            "debt_ratio": null,
            "inventory_turnover_ratio": null,
            "account_receivable_turnover_ratio": null,
            "reinvestment_rate": null,
            "research_to_sale_ratio": null,
            "price_fair": 0,
            "eps_avg_yearly": 0,
            "eps_latest_yearly": 0,
            "eps_growth_yearly": 0
        },
        "20092": {
            "year_quarter": 20092,
            "year": 2009,
            "quarter": 2,
            "eps": null,
            "eps_growth_year": null,
            "eps_4q": null,
            "eps_4q_growth_year": null,
            "roe": null,
            "roe_4q": 0,
            "gross_profit": null,
            "gross_margin": null,
            "gross_margin_4q_avg": 0,
            "net_income": null,
            "revenue": null,
            "common_shares": null,
            "book_valuer_per_share": null,
            "book_valuer_per_share_4q_avg": 3.4,
            "equity": null,
            "current_ratio": null,
            "debt_ratio": null,
            "inventory_turnover_ratio": null,
            "account_receivable_turnover_ratio": null,
            "reinvestment_rate": null,
            "research_to_sale_ratio": null,
            "price_fair": 0,
            "eps_avg_yearly": 0,
            "eps_latest_yearly": 0,
            "eps_growth_yearly": 0
        },
        "20093": {
            "year_quarter": 20093,
            "year": 2009,
            "quarter": 3,
            "eps": null,
            "eps_growth_year": null,
            "eps_4q": null,
            "eps_4q_growth_year": null,
            "roe": null,
            "roe_4q": 0,
            "gross_profit": null,
            "gross_margin": null,
            "gross_margin_4q_avg": 0,
            "net_income": null,
            "revenue": null,
            "common_shares": null,
            "book_valuer_per_share": null,
            "book_valuer_per_share_4q_avg": 3.4,
            "equity": null,
            "current_ratio": null,
            "debt_ratio": null,
            "inventory_turnover_ratio": null,
            "account_receivable_turnover_ratio": null,
            "reinvestment_rate": null,
            "research_to_sale_ratio": null,
            "price_fair": 0,
            "eps_avg_yearly": 0,
            "eps_latest_yearly": 0,
            "eps_growth_yearly": 0
        },
        "20094": {
            "year_quarter": 20094,
            "year": 2009,
            "quarter": 4,
            "eps": null,
            "eps_growth_year": null,
            "eps_4q": null,
            "eps_4q_growth_year": null,
            "roe": null,
            "roe_4q": 0,
            "gross_profit": null,
            "gross_margin": null,
            "gross_margin_4q_avg": 0,
            "net_income": null,
            "revenue": null,
            "common_shares": 527115,
            "book_valuer_per_share": 15.01,
            "book_valuer_per_share_4q_avg": 3.75,
            "equity": 791346,
            "current_ratio": 159.46,
            "debt_ratio": 49.43,
            "inventory_turnover_ratio": null,
            "account_receivable_turnover_ratio": null,
            "reinvestment_rate": null,
            "research_to_sale_ratio": null,
            "price_fair": 0,
            "eps_avg_yearly": 0,
            "eps_latest_yearly": 0,
            "eps_growth_yearly": 0
        },
        "20101": {
            "year_quarter": 20101,
            "year": 2010,
            "quarter": 1,
            "eps": null,
            "eps_growth_year": null,
            "eps_4q": null,
            "eps_4q_growth_year": null,
            "roe": null,
            "roe_4q": 0,
            "gross_profit": null,
            "gross_margin": null,
            "gross_margin_4q_avg": 0,
            "net_income": null,
            "revenue": null,
            "common_shares": null,
            "book_valuer_per_share": null,
            "book_valuer_per_share_4q_avg": 3.75,
            "equity": null,
            "current_ratio": null,
            "debt_ratio": null,
            "inventory_turnover_ratio": null,
            "account_receivable_turnover_ratio": null,
            "reinvestment_rate": null,
            "research_to_sale_ratio": null,
            "price_fair": 0,
            "eps_avg_yearly": 0,
            "eps_latest_yearly": 0,
            "eps_growth_yearly": 0
        },
        "20102": {
            "year_quarter": 20102,
            "year": 2010,
            "quarter": 2,
            "eps": null,
            "eps_growth_year": null,
            "eps_4q": null,
            "eps_4q_growth_year": null,
            "roe": null,
            "roe_4q": 0,
            "gross_profit": null,
            "gross_margin": null,
            "gross_margin_4q_avg": 0,
            "net_income": null,
            "revenue": null,
            "common_shares": 527115,
            "book_valuer_per_share": null,
            "book_valuer_per_share_4q_avg": 3.75,
            "equity": 894549,
            "current_ratio": null,
            "debt_ratio": null,
            "inventory_turnover_ratio": null,
            "account_receivable_turnover_ratio": null,
            "reinvestment_rate": null,
            "research_to_sale_ratio": null,
            "price_fair": 0,
            "eps_avg_yearly": 0,
            "eps_latest_yearly": 0,
            "eps_growth_yearly": 0
        },
        "20103": {
            "year_quarter": 20103,
            "year": 2010,
            "quarter": 3,
            "eps": null,
            "eps_growth_year": null,
            "eps_4q": null,
            "eps_4q_growth_year": null,
            "roe": null,
            "roe_4q": 0,
            "gross_profit": null,
            "gross_margin": null,
            "gross_margin_4q_avg": 0,
            "net_income": null,
            "revenue": null,
            "common_shares": null,
            "book_valuer_per_share": null,
            "book_valuer_per_share_4q_avg": 3.75,
            "equity": null,
            "current_ratio": null,
            "debt_ratio": null,
            "inventory_turnover_ratio": null,
            "account_receivable_turnover_ratio": null,
            "reinvestment_rate": null,
            "research_to_sale_ratio": null,
            "price_fair": 0,
            "eps_avg_yearly": 0,
            "eps_latest_yearly": 0,
            "eps_growth_yearly": 0
        },
        "20104": {
            "year_quarter": 20104,
            "year": 2010,
            "quarter": 4,
            "eps": null,
            "eps_growth_year": null,
            "eps_4q": null,
            "eps_4q_growth_year": null,
            "roe": null,
            "roe_4q": 0,
            "gross_profit": null,
            "gross_margin": null,
            "gross_margin_4q_avg": 0,
            "net_income": null,
            "revenue": null,
            "common_shares": 532115,
            "book_valuer_per_share": 19.77,
            "book_valuer_per_share_4q_avg": 4.94,
            "equity": 1051960,
            "current_ratio": 153.59,
            "debt_ratio": 52.05,
            "inventory_turnover_ratio": null,
            "account_receivable_turnover_ratio": null,
            "reinvestment_rate": null,
            "research_to_sale_ratio": null,
            "price_fair": 0,
            "eps_avg_yearly": 0,
            "eps_latest_yearly": 0,
            "eps_growth_yearly": 0
        },
        "20111": {
            "year_quarter": 20111,
            "year": 2011,
            "quarter": 1,
            "eps": null,
            "eps_growth_year": null,
            "eps_4q": null,
            "eps_4q_growth_year": null,
            "roe": null,
            "roe_4q": 0,
            "gross_profit": 100233,
            "gross_margin": null,
            "gross_margin_4q_avg": 0,
            "net_income": 99475,
            "revenue": 789942,
            "common_shares": 532115,
            "book_valuer_per_share": 21.8,
            "book_valuer_per_share_4q_avg": 10.39,
            "equity": 1160231,
            "current_ratio": 266.5,
            "debt_ratio": 30.97,
            "inventory_turnover_ratio": null,
            "account_receivable_turnover_ratio": null,
            "reinvestment_rate": null,
            "research_to_sale_ratio": null,
            "price_fair": 0,
            "eps_avg_yearly": 0,
            "eps_latest_yearly": 0,
            "eps_growth_yearly": 0
        },
        "20112": {
            "year_quarter": 20112,
            "year": 2011,
            "quarter": 2,
            "eps": 2.18,
            "eps_growth_year": null,
            "eps_4q": null,
            "eps_4q_growth_year": null,
            "roe": 10.91,
            "roe_4q": 10.91,
            "gross_profit": 390269,
            "gross_margin": 42.91,
            "gross_margin_4q_avg": 10.73,
            "net_income": 125243,
            "revenue": 909578,
            "common_shares": 537115,
            "book_valuer_per_share": 21.14,
            "book_valuer_per_share_4q_avg": 15.68,
            "equity": 1135458,
            "current_ratio": 139.25,
            "debt_ratio": 58.65,
            "inventory_turnover_ratio": 1.89,
            "account_receivable_turnover_ratio": 2.13,
            "reinvestment_rate": null,
            "research_to_sale_ratio": null,
            "price_fair": 0,
            "eps_avg_yearly": 0,
            "eps_latest_yearly": 0,
            "eps_growth_yearly": 0
        },
        "20113": {
            "year_quarter": 20113,
            "year": 2011,
            "quarter": 3,
            "eps": null,
            "eps_growth_year": null,
            "eps_4q": null,
            "eps_4q_growth_year": null,
            "roe": null,
            "roe_4q": 10.91,
            "gross_profit": 156430,
            "gross_margin": null,
            "gross_margin_4q_avg": 10.73,
            "net_income": 112354,
            "revenue": 888849,
            "common_shares": 573971,
            "book_valuer_per_share": 26.62,
            "book_valuer_per_share_4q_avg": 22.33,
            "equity": 1527802,
            "current_ratio": 173.67,
            "debt_ratio": 36.48,
            "inventory_turnover_ratio": null,
            "account_receivable_turnover_ratio": null,
            "reinvestment_rate": null,
            "research_to_sale_ratio": null,
            "price_fair": 0,
            "eps_avg_yearly": 0,
            "eps_latest_yearly": 0,
            "eps_growth_yearly": 0
        },
        "20114": {
            "year_quarter": 20114,
            "year": 2011,
            "quarter": 4,
            "eps": null,
            "eps_growth_year": null,
            "eps_4q": null,
            "eps_4q_growth_year": null,
            "roe": null,
            "roe_4q": 10.91,
            "gross_profit": 889892,
            "gross_margin": null,
            "gross_margin_4q_avg": 10.73,
            "net_income": 353413,
            "revenue": 3486199,
            "common_shares": 613971,
            "book_valuer_per_share": 25.03,
            "book_valuer_per_share_4q_avg": 23.65,
            "equity": 1536528,
            "current_ratio": 182.29,
            "debt_ratio": 44.81,
            "inventory_turnover_ratio": null,
            "account_receivable_turnover_ratio": null,
            "reinvestment_rate": null,
            "research_to_sale_ratio": null,
            "price_fair": 0,
            "eps_avg_yearly": 0,
            "eps_latest_yearly": 0,
            "eps_growth_yearly": 0
        },
        "20121": {
            "year_quarter": 20121,
            "year": 2012,
            "quarter": 1,
            "eps": 1.22,
            "eps_growth_year": null,
            "eps_4q": 3.26,
            "eps_4q_growth_year": null,
            "roe": 4.8,
            "roe_4q": 15.71,
            "gross_profit": 237530,
            "gross_margin": 28.81,
            "gross_margin_4q_avg": 17.93,
            "net_income": 75162,
            "revenue": 824493,
            "common_shares": 613971,
            "book_valuer_per_share": 25.97,
            "book_valuer_per_share_4q_avg": 24.69,
            "equity": 1594460,
            "current_ratio": 181.39,
            "debt_ratio": 46.33,
            "inventory_turnover_ratio": 1.37,
            "account_receivable_turnover_ratio": 0.96,
            "reinvestment_rate": null,
            "research_to_sale_ratio": 2.8,
            "price_fair": 0,
            "eps_avg_yearly": 0,
            "eps_latest_yearly": 0,
            "eps_growth_yearly": 0
        },
        "20122": {
            "year_quarter": 20122,
            "year": 2012,
            "quarter": 2,
            "eps": 2.03,
            "eps_growth_year": -6.88,
            "eps_4q": 3.26,
            "eps_4q_growth_year": null,
            "roe": 8.03,
            "roe_4q": 12.829999999999998,
            "gross_profit": 261706,
            "gross_margin": 26.16,
            "gross_margin_4q_avg": 13.74,
            "net_income": 124760,
            "revenue": 1000231,
            "common_shares": 613971,
            "book_valuer_per_share": 24.65,
            "book_valuer_per_share_4q_avg": 25.57,
            "equity": 1513621,
            "current_ratio": 153.55,
            "debt_ratio": 51.43,
            "inventory_turnover_ratio": 1.59,
            "account_receivable_turnover_ratio": 1,
            "reinvestment_rate": null,
            "research_to_sale_ratio": 1.9,
            "price_fair": 284.2,
            "eps_avg_yearly": 8.12,
            "eps_latest_yearly": 8.12,
            "eps_growth_yearly": 265.57
        },
        "20123": {
            "year_quarter": 20123,
            "year": 2012,
            "quarter": 3,
            "eps": 2.32,
            "eps_growth_year": null,
            "eps_4q": 5.58,
            "eps_4q_growth_year": null,
            "roe": 9.04,
            "roe_4q": 21.87,
            "gross_profit": 289114,
            "gross_margin": 27.44,
            "gross_margin_4q_avg": 20.6,
            "net_income": 142615,
            "revenue": 1053523,
            "common_shares": 613971,
            "book_valuer_per_share": 26.71,
            "book_valuer_per_share_4q_avg": 25.59,
            "equity": 1640065,
            "current_ratio": 160.43,
            "debt_ratio": 49.84,
            "inventory_turnover_ratio": 1.38,
            "account_receivable_turnover_ratio": 1.01,
            "reinvestment_rate": null,
            "research_to_sale_ratio": 1.8,
            "price_fair": 304.5,
            "eps_avg_yearly": 8.7,
            "eps_latest_yearly": 9.28,
            "eps_growth_yearly": 161.36
        },
        "20124": {
            "year_quarter": 20124,
            "year": 2012,
            "quarter": 4,
            "eps": 1.5,
            "eps_growth_year": null,
            "eps_4q": 6.56,
            "eps_4q_growth_year": null,
            "roe": 5.49,
            "roe_4q": 27.36,
            "gross_profit": 274850,
            "gross_margin": 27.56,
            "gross_margin_4q_avg": 27.49,
            "net_income": 101078,
            "revenue": 997292,
            "common_shares": 675971,
            "book_valuer_per_share": 30.2,
            "book_valuer_per_share_4q_avg": 26.88,
            "equity": 2041366,
            "current_ratio": 192.49,
            "debt_ratio": 42.76,
            "inventory_turnover_ratio": 1.1,
            "account_receivable_turnover_ratio": 1.01,
            "reinvestment_rate": null,
            "research_to_sale_ratio": 2.01,
            "price_fair": 273,
            "eps_avg_yearly": 7.8,
            "eps_latest_yearly": 6,
            "eps_growth_yearly": 60.45
        },
        "20131": {
            "year_quarter": 20131,
            "year": 2013,
            "quarter": 1,
            "eps": 1.86,
            "eps_growth_year": 52.46,
            "eps_4q": 7.31,
            "eps_4q_growth_year": 124.07,
            "roe": 5.83,
            "roe_4q": 28.39,
            "gross_profit": 302598,
            "gross_margin": 27.25,
            "gross_margin_4q_avg": 27.1,
            "net_income": 124559,
            "revenue": 1110377,
            "common_shares": 675971,
            "book_valuer_per_share": 32.4,
            "book_valuer_per_share_4q_avg": 28.49,
            "equity": 2233721,
            "current_ratio": 187.16,
            "debt_ratio": 44.96,
            "inventory_turnover_ratio": 1.12,
            "account_receivable_turnover_ratio": 1.03,
            "reinvestment_rate": null,
            "research_to_sale_ratio": 2.25,
            "price_fair": 269.85,
            "eps_avg_yearly": 7.71,
            "eps_latest_yearly": 7.44,
            "eps_growth_yearly": 69.33
        },
        "20132": {
            "year_quarter": 20132,
            "year": 2013,
            "quarter": 2,
            "eps": 2.17,
            "eps_growth_year": 6.79,
            "eps_4q": 7.64,
            "eps_4q_growth_year": 134.56,
            "roe": 6.69,
            "roe_4q": 27.049999999999997,
            "gross_profit": 341661,
            "gross_margin": 28.52,
            "gross_margin_4q_avg": 27.69,
            "net_income": 146013,
            "revenue": 1198007,
            "common_shares": 675971,
            "book_valuer_per_share": 30.86,
            "book_valuer_per_share_4q_avg": 30.04,
            "equity": 2128433,
            "current_ratio": 168.79,
            "debt_ratio": 49.39,
            "inventory_turnover_ratio": 1.18,
            "account_receivable_turnover_ratio": 0.98,
            "reinvestment_rate": null,
            "research_to_sale_ratio": 2.52,
            "price_fair": 276.64,
            "eps_avg_yearly": 7.9,
            "eps_latest_yearly": 8.68,
            "eps_growth_yearly": 68.8
        },
        "20133": {
            "year_quarter": 20133,
            "year": 2013,
            "quarter": 3,
            "eps": 2,
            "eps_growth_year": -13.9,
            "eps_4q": 7.53,
            "eps_4q_growth_year": 34.92,
            "roe": 6.12,
            "roe_4q": 24.130000000000003,
            "gross_profit": 340354,
            "gross_margin": 27.87,
            "gross_margin_4q_avg": 27.8,
            "net_income": 134015,
            "revenue": 1221056,
            "common_shares": 675971,
            "book_valuer_per_share": 32.64,
            "book_valuer_per_share_4q_avg": 31.53,
            "equity": 2247879,
            "current_ratio": 181.85,
            "debt_ratio": 44.93,
            "inventory_turnover_ratio": 1.13,
            "account_receivable_turnover_ratio": 1.01,
            "reinvestment_rate": null,
            "research_to_sale_ratio": 2.74,
            "price_fair": 277.2,
            "eps_avg_yearly": 7.92,
            "eps_latest_yearly": 8,
            "eps_growth_yearly": 52.11
        },
        "20134": {
            "year_quarter": 20134,
            "year": 2013,
            "quarter": 4,
            "eps": 1.65,
            "eps_growth_year": 10.62,
            "eps_4q": 7.69,
            "eps_4q_growth_year": 17.12,
            "roe": 4.75,
            "roe_4q": 23.39,
            "gross_profit": 299332,
            "gross_margin": 25.75,
            "gross_margin_4q_avg": 27.35,
            "net_income": 109802,
            "revenue": 1162638,
            "common_shares": 675971,
            "book_valuer_per_share": 34.62,
            "book_valuer_per_share_4q_avg": 32.63,
            "equity": 2379711,
            "current_ratio": 211.37,
            "debt_ratio": 45.37,
            "inventory_turnover_ratio": 1.01,
            "account_receivable_turnover_ratio": 0.96,
            "reinvestment_rate": null,
            "research_to_sale_ratio": 2.98,
            "price_fair": 270.6,
            "eps_avg_yearly": 7.73,
            "eps_latest_yearly": 6.6,
            "eps_growth_yearly": 34.67
        },
        "20141": {
            "year_quarter": 20141,
            "year": 2014,
            "quarter": 1,
            "eps": 1.38,
            "eps_growth_year": -25.81,
            "eps_4q": 7.11,
            "eps_4q_growth_year": -2.82,
            "roe": 3.77,
            "roe_4q": 21.330000000000002,
            "gross_profit": 354259,
            "gross_margin": 27.75,
            "gross_margin_4q_avg": 27.47,
            "net_income": 93190,
            "revenue": 1276410,
            "common_shares": 685958,
            "book_valuer_per_share": 36.89,
            "book_valuer_per_share_4q_avg": 33.75,
            "equity": 2569095,
            "current_ratio": 190.07,
            "debt_ratio": 46.41,
            "inventory_turnover_ratio": 1.03,
            "account_receivable_turnover_ratio": 1.02,
            "reinvestment_rate": null,
            "research_to_sale_ratio": 2.72,
            "price_fair": 239.69,
            "eps_avg_yearly": 7.46,
            "eps_latest_yearly": 5.52,
            "eps_growth_yearly": 22.15
        },
        "20142": {
            "year_quarter": 20142,
            "year": 2014,
            "quarter": 2,
            "eps": 1.86,
            "eps_growth_year": -14.29,
            "eps_4q": 6.82,
            "eps_4q_growth_year": -10.68,
            "roe": 5.16,
            "roe_4q": 19.8,
            "gross_profit": 338114,
            "gross_margin": 26.52,
            "gross_margin_4q_avg": 26.97,
            "net_income": 127700,
            "revenue": 1275066,
            "common_shares": 687469,
            "book_valuer_per_share": 34.04,
            "book_valuer_per_share_4q_avg": 34.55,
            "equity": 2378423,
            "current_ratio": 175.54,
            "debt_ratio": 48.79,
            "inventory_turnover_ratio": 0.97,
            "account_receivable_turnover_ratio": 1,
            "reinvestment_rate": null,
            "research_to_sale_ratio": 3.26,
            "price_fair": 260.87,
            "eps_avg_yearly": 7.45,
            "eps_latest_yearly": 7.44,
            "eps_growth_yearly": 35.15
        },
        "20143": {
            "year_quarter": 20143,
            "year": 2014,
            "quarter": 3,
            "eps": 2.51,
            "eps_growth_year": 25.5,
            "eps_4q": 7.29,
            "eps_4q_growth_year": -3.12,
            "roe": 6.9,
            "roe_4q": 20.58,
            "gross_profit": 375088,
            "gross_margin": 26.94,
            "gross_margin_4q_avg": 26.74,
            "net_income": 173560,
            "revenue": 1392568,
            "common_shares": 696758,
            "book_valuer_per_share": 37.49,
            "book_valuer_per_share_4q_avg": 35.76,
            "equity": 2649732,
            "current_ratio": 187.02,
            "debt_ratio": 44.28,
            "inventory_turnover_ratio": 0.91,
            "account_receivable_turnover_ratio": 1.06,
            "reinvestment_rate": null,
            "research_to_sale_ratio": 3.24,
            "price_fair": 269.92,
            "eps_avg_yearly": 7.71,
            "eps_latest_yearly": 10.04,
            "eps_growth_yearly": 45.61
        },
        "20144": {
            "year_quarter": 20144,
            "year": 2014,
            "quarter": 4,
            "eps": 1.61,
            "eps_growth_year": -2.62,
            "eps_4q": 7.3,
            "eps_4q_growth_year": -5.05,
            "roe": 3.97,
            "roe_4q": 19.8,
            "gross_profit": 300478,
            "gross_margin": 24.8,
            "gross_margin_4q_avg": 26.5,
            "net_income": 108684,
            "revenue": 1211741,
            "common_shares": 696758,
            "book_valuer_per_share": 39.98,
            "book_valuer_per_share_4q_avg": 37.1,
            "equity": 2819981,
            "current_ratio": 182.83,
            "debt_ratio": 42.42,
            "inventory_turnover_ratio": 0.72,
            "account_receivable_turnover_ratio": 0.95,
            "reinvestment_rate": -0.12,
            "research_to_sale_ratio": 3.38,
            "price_fair": 265.87,
            "eps_avg_yearly": 7.6,
            "eps_latest_yearly": 6.44,
            "eps_growth_yearly": 28.43
        },
        "20151": {
            "year_quarter": 20151,
            "year": 2015,
            "quarter": 1,
            "eps": 0.92,
            "eps_growth_year": -33.33,
            "eps_4q": 6.87,
            "eps_4q_growth_year": -3.37,
            "roe": 2.19,
            "roe_4q": 18.22,
            "gross_profit": 248387,
            "gross_margin": 22.62,
            "gross_margin_4q_avg": 25.22,
            "net_income": 62087,
            "revenue": 1098059,
            "common_shares": 696758,
            "book_valuer_per_share": 40.55,
            "book_valuer_per_share_4q_avg": 38.02,
            "equity": 2857365,
            "current_ratio": 177.05,
            "debt_ratio": 41.49,
            "inventory_turnover_ratio": 0.62,
            "account_receivable_turnover_ratio": 0.99,
            "reinvestment_rate": 49.1,
            "research_to_sale_ratio": 3.89,
            "price_fair": 158.29,
            "eps_avg_yearly": 7.27,
            "eps_latest_yearly": 3.68,
            "eps_growth_yearly": 11.77
        },
        "20152": {
            "year_quarter": 20152,
            "year": 2015,
            "quarter": 2,
            "eps": 0.67,
            "eps_growth_year": -63.98,
            "eps_4q": 5.7,
            "eps_4q_growth_year": -16.41,
            "roe": 1.65,
            "roe_4q": 14.71,
            "gross_profit": 209244,
            "gross_margin": 20.46,
            "gross_margin_4q_avg": 23.71,
            "net_income": 45000,
            "revenue": 1022836,
            "common_shares": 696758,
            "book_valuer_per_share": 36.68,
            "book_valuer_per_share_4q_avg": 38.68,
            "equity": 2586231,
            "current_ratio": 158.06,
            "debt_ratio": 45.45,
            "inventory_turnover_ratio": 0.56,
            "account_receivable_turnover_ratio": 1.05,
            "reinvestment_rate": -2.59,
            "research_to_sale_ratio": 4.79,
            "price_fair": 86.5,
            "eps_avg_yearly": 6.92,
            "eps_latest_yearly": 2.68,
            "eps_growth_yearly": 2.51
        },
        "20153": {
            "year_quarter": 20153,
            "year": 2015,
            "quarter": 3,
            "eps": 0.54,
            "eps_growth_year": -78.49,
            "eps_4q": 3.74,
            "eps_4q_growth_year": -48.7,
            "roe": 1.23,
            "roe_4q": 9.040000000000001,
            "gross_profit": 247062,
            "gross_margin": 19.86,
            "gross_margin_4q_avg": 21.94,
            "net_income": 32432,
            "revenue": 1244022,
            "common_shares": 696758,
            "book_valuer_per_share": 38.03,
            "book_valuer_per_share_4q_avg": 38.81,
            "equity": 2675302,
            "current_ratio": 168.84,
            "debt_ratio": 42.36,
            "inventory_turnover_ratio": 0.67,
            "account_receivable_turnover_ratio": 1.2,
            "reinvestment_rate": 55,
            "research_to_sale_ratio": 4.24,
            "price_fair": 19.73,
            "eps_avg_yearly": 6.58,
            "eps_latest_yearly": 2.16,
            "eps_growth_yearly": -3.22
        },
        "20154": {
            "year_quarter": 20154,
            "year": 2015,
            "quarter": 4,
            "eps": 0.39,
            "eps_growth_year": -75.78,
            "eps_4q": 2.52,
            "eps_4q_growth_year": -65.46,
            "roe": 0.94,
            "roe_4q": 6.01,
            "gross_profit": 188379,
            "gross_margin": 16.73,
            "gross_margin_4q_avg": 19.92,
            "net_income": 25038,
            "revenue": 1125800,
            "common_shares": 696758,
            "book_valuer_per_share": 37.93,
            "book_valuer_per_share_4q_avg": 38.3,
            "equity": 2665864,
            "current_ratio": 171.77,
            "debt_ratio": 41.2,
            "inventory_turnover_ratio": 0.64,
            "account_receivable_turnover_ratio": 0.98,
            "reinvestment_rate": -22.83,
            "research_to_sale_ratio": 3.7,
            "price_fair": 18.73,
            "eps_avg_yearly": 6.24,
            "eps_latest_yearly": 1.56,
            "eps_growth_yearly": -10.41
        },
        "20161": {
            "year_quarter": 20161,
            "year": 2016,
            "quarter": 1,
            "eps": 0.17,
            "eps_growth_year": -81.52,
            "eps_4q": 1.77,
            "eps_4q_growth_year": -74.18,
            "roe": 0.37,
            "roe_4q": 4.1899999999999995,
            "gross_profit": 192921,
            "gross_margin": 17.42,
            "gross_margin_4q_avg": 18.62,
            "net_income": 9796,
            "revenue": 1107174,
            "common_shares": 696758,
            "book_valuer_per_share": 37.67,
            "book_valuer_per_share_4q_avg": 37.58,
            "equity": 2645691,
            "current_ratio": 176.5,
            "debt_ratio": 38.1,
            "inventory_turnover_ratio": 0.65,
            "account_receivable_turnover_ratio": 1.01,
            "reinvestment_rate": -20.12,
            "research_to_sale_ratio": 5.95,
            "price_fair": 17.69,
            "eps_avg_yearly": 5.9,
            "eps_latest_yearly": 0.68,
            "eps_growth_yearly": -23.86
        },
        "20162": {
            "year_quarter": 20162,
            "year": 2016,
            "quarter": 2,
            "eps": 0.29,
            "eps_growth_year": -56.72,
            "eps_4q": 1.39,
            "eps_4q_growth_year": -75.58,
            "roe": 0.65,
            "roe_4q": 3.19,
            "gross_profit": 199563,
            "gross_margin": 18.61,
            "gross_margin_4q_avg": 18.16,
            "net_income": 16877,
            "revenue": 1072252,
            "common_shares": 696758,
            "book_valuer_per_share": 35.96,
            "book_valuer_per_share_4q_avg": 37.4,
            "equity": 2537451,
            "current_ratio": 164.1,
            "debt_ratio": 40.27,
            "inventory_turnover_ratio": 0.66,
            "account_receivable_turnover_ratio": 1.01,
            "reinvestment_rate": -26.92,
            "research_to_sale_ratio": 5.48,
            "price_fair": 16.38,
            "eps_avg_yearly": 5.46,
            "eps_latest_yearly": 1.16,
            "eps_growth_yearly": -22.81
        },
        "20163": {
            "year_quarter": 20163,
            "year": 2016,
            "quarter": 3,
            "eps": 0.86,
            "eps_growth_year": 59.26,
            "eps_4q": 1.71,
            "eps_4q_growth_year": -54.31,
            "roe": 2.17,
            "roe_4q": 4.13,
            "gross_profit": 232495,
            "gross_margin": 19.99,
            "gross_margin_4q_avg": 18.19,
            "net_income": 54889,
            "revenue": 1162951,
            "common_shares": 696758,
            "book_valuer_per_share": 35.89,
            "book_valuer_per_share_4q_avg": 36.86,
            "equity": 2527427,
            "current_ratio": 161.82,
            "debt_ratio": 40.74,
            "inventory_turnover_ratio": 0.75,
            "account_receivable_turnover_ratio": 1.07,
            "reinvestment_rate": -34.14,
            "research_to_sale_ratio": 5.03,
            "price_fair": 166.88,
            "eps_avg_yearly": 5.1,
            "eps_latest_yearly": 3.44,
            "eps_growth_yearly": 22.75
        },
        "20164": {
            "year_quarter": 20164,
            "year": 2016,
            "quarter": 4,
            "eps": 1.41,
            "eps_growth_year": 261.59,
            "eps_4q": 2.73,
            "eps_4q_growth_year": 8.31,
            "roe": 3.69,
            "roe_4q": 6.88,
            "gross_profit": 255751,
            "gross_margin": 22.6,
            "gross_margin_4q_avg": 19.66,
            "net_income": 94833,
            "revenue": 1131429,
            "common_shares": 696758,
            "book_valuer_per_share": 37.18,
            "book_valuer_per_share_4q_avg": 36.68,
            "equity": 2613687,
            "current_ratio": 157.5,
            "debt_ratio": 41.79,
            "inventory_turnover_ratio": 0.75,
            "account_receivable_turnover_ratio": 0.97,
            "reinvestment_rate": -32.12,
            "research_to_sale_ratio": 4.96,
            "price_fair": 177.54,
            "eps_avg_yearly": 5.07,
            "eps_latest_yearly": 5.64,
            "eps_growth_yearly": 47.58
        },
        "20171": {
            "year_quarter": 20171,
            "year": 2017,
            "quarter": 1,
            "eps": 0.71,
            "eps_growth_year": 317.65,
            "eps_4q": 3.27,
            "eps_4q_growth_year": 84.22,
            "roe": 1.74,
            "roe_4q": 8.25,
            "gross_profit": 205756,
            "gross_margin": 20.68,
            "gross_margin_4q_avg": 20.47,
            "net_income": 45065,
            "revenue": 994967,
            "common_shares": 696758,
            "book_valuer_per_share": 36.34,
            "book_valuer_per_share_4q_avg": 36.34,
            "equity": 2556710,
            "current_ratio": 157.3,
            "debt_ratio": 43.12,
            "inventory_turnover_ratio": 0.73,
            "account_receivable_turnover_ratio": 0.85,
            "reinvestment_rate": 42.1,
            "research_to_sale_ratio": 4.51,
            "price_fair": 167.48,
            "eps_avg_yearly": 4.79,
            "eps_latest_yearly": 2.84,
            "eps_growth_yearly": 29.17
        },
        "20172": {
            "year_quarter": 20172,
            "year": 2017,
            "quarter": 2,
            "eps": 1.02,
            "eps_growth_year": 251.72,
            "eps_4q": 3.99,
            "eps_4q_growth_year": 186.73,
            "roe": 2.58,
            "roe_4q": 10.18,
            "gross_profit": 219010,
            "gross_margin": 21.25,
            "gross_margin_4q_avg": 21.13,
            "net_income": 65741,
            "revenue": 1030727,
            "common_shares": 696758,
            "book_valuer_per_share": 36.24,
            "book_valuer_per_share_4q_avg": 36.41,
            "equity": 2544834,
            "current_ratio": 148.46,
            "debt_ratio": 44.55,
            "inventory_turnover_ratio": 0.8,
            "account_receivable_turnover_ratio": 0.95,
            "reinvestment_rate": 51.52,
            "research_to_sale_ratio": 6.07,
            "price_fair": 157.41,
            "eps_avg_yearly": 4.5,
            "eps_latest_yearly": 4.08,
            "eps_growth_yearly": 35.92
        },
        "20173": {
            "year_quarter": 20173,
            "year": 2017,
            "quarter": 3,
            "eps": 1.09,
            "eps_growth_year": 26.74,
            "eps_4q": 4.22,
            "eps_4q_growth_year": 146.98,
            "roe": 2.75,
            "roe_4q": 10.76,
            "gross_profit": 257222,
            "gross_margin": 21.41,
            "gross_margin_4q_avg": 21.49,
            "net_income": 71323,
            "revenue": 1201298,
            "common_shares": 696758,
            "book_valuer_per_share": 37.67,
            "book_valuer_per_share_4q_avg": 36.86,
            "equity": 2643099,
            "current_ratio": 173.91,
            "debt_ratio": 43.16,
            "inventory_turnover_ratio": 0.97,
            "account_receivable_turnover_ratio": 1.01,
            "reinvestment_rate": 46.59,
            "research_to_sale_ratio": 3.84,
            "price_fair": 149.45,
            "eps_avg_yearly": 4.27,
            "eps_latest_yearly": 4.36,
            "eps_growth_yearly": 39.59
        },
        "20174": {
            "year_quarter": 20174,
            "year": 2017,
            "quarter": 4,
            "eps": 0.68,
            "eps_growth_year": -51.57,
            "eps_4q": 3.49,
            "eps_4q_growth_year": 28.01,
            "roe": 1.55,
            "roe_4q": 8.62,
            "gross_profit": 226334,
            "gross_margin": 21.31,
            "gross_margin_4q_avg": 21.16,
            "net_income": 41744,
            "revenue": 1062028,
            "common_shares": 696758,
            "book_valuer_per_share": 38.25,
            "book_valuer_per_share_4q_avg": 37.13,
            "equity": 2747864,
            "current_ratio": 174.25,
            "debt_ratio": 43.98,
            "inventory_turnover_ratio": 0.86,
            "account_receivable_turnover_ratio": 0.85,
            "reinvestment_rate": 50.27,
            "research_to_sale_ratio": 5.35,
            "price_fair": 140.96,
            "eps_avg_yearly": 4.03,
            "eps_latest_yearly": 2.72,
            "eps_growth_yearly": 34.56
        },
        "20181": {
            "year_quarter": 20181,
            "year": 2018,
            "quarter": 1,
            "eps": 0.26,
            "eps_growth_year": -63.38,
            "eps_4q": 3.05,
            "eps_4q_growth_year": -6.6,
            "roe": 0.49,
            "roe_4q": 7.37,
            "gross_profit": 196861,
            "gross_margin": 19.66,
            "gross_margin_4q_avg": 20.91,
            "net_income": 13567,
            "revenue": 1001124,
            "common_shares": 696758,
            "book_valuer_per_share": 38.86,
            "book_valuer_per_share_4q_avg": 37.76,
            "equity": 2785780,
            "current_ratio": 194.79,
            "debt_ratio": 44.53,
            "inventory_turnover_ratio": 0.8,
            "account_receivable_turnover_ratio": 0.87,
            "reinvestment_rate": 29.9,
            "research_to_sale_ratio": 5.44,
            "price_fair": 124.46,
            "eps_avg_yearly": 3.75,
            "eps_latest_yearly": 1.04,
            "eps_growth_yearly": 23.21
        },
        "20182": {
            "year_quarter": 20182,
            "year": 2018,
            "quarter": 2,
            "eps": 0.4,
            "eps_growth_year": -60.78,
            "eps_4q": 2.43,
            "eps_4q_growth_year": -39.04,
            "roe": 0.69,
            "roe_4q": 5.48,
            "gross_profit": 188302,
            "gross_margin": 17.47,
            "gross_margin_4q_avg": 19.96,
            "net_income": 18697,
            "revenue": 1077834,
            "common_shares": 696758,
            "book_valuer_per_share": 37.06,
            "book_valuer_per_share_4q_avg": 37.96,
            "equity": 2651369,
            "current_ratio": 176.68,
            "debt_ratio": 48.19,
            "inventory_turnover_ratio": 0.86,
            "account_receivable_turnover_ratio": 0.94,
            "reinvestment_rate": 34.82,
            "research_to_sale_ratio": 5.03,
            "price_fair": 118.39,
            "eps_avg_yearly": 3.38,
            "eps_latest_yearly": 1.6,
            "eps_growth_yearly": 27.98
        },
        "20183": {
            "year_quarter": 20183,
            "year": 2018,
            "quarter": 3,
            "eps": 0.75,
            "eps_growth_year": -31.19,
            "eps_4q": 2.09,
            "eps_4q_growth_year": -50.4,
            "roe": 1.56,
            "roe_4q": 4.29,
            "gross_profit": 234075,
            "gross_margin": 19.2,
            "gross_margin_4q_avg": 19.41,
            "net_income": 41138,
            "revenue": 1218902,
            "common_shares": 696758,
            "book_valuer_per_share": 36.96,
            "book_valuer_per_share_4q_avg": 37.78,
            "equity": 2633004,
            "current_ratio": 175.21,
            "debt_ratio": 48.54,
            "inventory_turnover_ratio": 0.91,
            "account_receivable_turnover_ratio": 0.97,
            "reinvestment_rate": 32.64,
            "research_to_sale_ratio": 4.88,
            "price_fair": 102.99,
            "eps_avg_yearly": 2.94,
            "eps_latest_yearly": 3,
            "eps_growth_yearly": 41.12
        },
        "20184": {
            "year_quarter": 20184,
            "year": 2018,
            "quarter": 4,
            "eps": 0.31,
            "eps_growth_year": -54.02,
            "eps_4q": 1.72,
            "eps_4q_growth_year": -50.64,
            "roe": 0.16,
            "roe_4q": 2.9000000000000004,
            "gross_profit": 219559,
            "gross_margin": 18.61,
            "gross_margin_4q_avg": 18.74,
            "net_income": 4191,
            "revenue": 1179966,
            "common_shares": 696758,
            "book_valuer_per_share": 37.7,
            "book_valuer_per_share_4q_avg": 37.65,
            "equity": 2705001,
            "current_ratio": 166.79,
            "debt_ratio": 50.36,
            "inventory_turnover_ratio": 0.87,
            "account_receivable_turnover_ratio": 0.88,
            "reinvestment_rate": 32.03,
            "research_to_sale_ratio": 4.99,
            "price_fair": 91.61,
            "eps_avg_yearly": 2.62,
            "eps_latest_yearly": 1.24,
            "eps_growth_yearly": 35.41
        },
        "20191": {
            "year_quarter": 20191,
            "year": 2019,
            "quarter": 1,
            "eps": -0.35,
            "eps_growth_year": -234.62,
            "eps_4q": 1.11,
            "eps_4q_growth_year": -63.6,
            "roe": -1.47,
            "roe_4q": 0.94,
            "gross_profit": 157233,
            "gross_margin": 15.07,
            "gross_margin_4q_avg": 17.59,
            "net_income": -39888,
            "revenue": 1043032,
            "common_shares": 696758,
            "book_valuer_per_share": 37.99,
            "book_valuer_per_share_4q_avg": 37.43,
            "equity": 2713639,
            "current_ratio": 139.8,
            "debt_ratio": 52.05,
            "inventory_turnover_ratio": 0.8,
            "account_receivable_turnover_ratio": 0.81,
            "reinvestment_rate": 28.11,
            "research_to_sale_ratio": 6.21,
            "price_fair": 89.13,
            "eps_avg_yearly": 2.55,
            "eps_latest_yearly": 1.24,
            "eps_growth_yearly": 49.2
        },
        "20192": {
            "year_quarter": 20192,
            "year": 2019,
            "quarter": 2,
            "eps": 0.32,
            "eps_growth_year": -20,
            "eps_4q": 1.03,
            "eps_4q_growth_year": -57.7,
            "roe": 0.21,
            "roe_4q": 0.45999999999999996,
            "gross_profit": 222776,
            "gross_margin": 19.54,
            "gross_margin_4q_avg": 18.11,
            "net_income": 5638,
            "revenue": 1140257,
            "common_shares": 696758,
            "book_valuer_per_share": 36.84,
            "book_valuer_per_share_4q_avg": 37.37,
            "equity": 2616698,
            "current_ratio": 131.08,
            "debt_ratio": 53.71,
            "inventory_turnover_ratio": 0.83,
            "account_receivable_turnover_ratio": 0.91,
            "reinvestment_rate": 18.7,
            "research_to_sale_ratio": 6.12,
            "price_fair": 88.8,
            "eps_avg_yearly": 2.54,
            "eps_latest_yearly": 1.24,
            "eps_growth_yearly": 60.48
        },
        "20193": {
            "year_quarter": 20193,
            "year": 2019,
            "quarter": 3,
            "eps": 0.59,
            "eps_growth_year": -21.33,
            "eps_4q": 0.88,
            "eps_4q_growth_year": -58.19,
            "roe": 1.1,
            "roe_4q": 8.326672684688674e-17,
            "gross_profit": 240591,
            "gross_margin": 19.23,
            "gross_margin_4q_avg": 18.11,
            "net_income": 28740,
            "revenue": 1251286,
            "common_shares": 696758,
            "book_valuer_per_share": 36.77,
            "book_valuer_per_share_4q_avg": 37.33,
            "equity": 2599137,
            "current_ratio": 133.29,
            "debt_ratio": 54.76,
            "inventory_turnover_ratio": 0.94,
            "account_receivable_turnover_ratio": 0.95,
            "reinvestment_rate": 74.72,
            "research_to_sale_ratio": 5.72,
            "price_fair": 89.3,
            "eps_avg_yearly": 2.55,
            "eps_latest_yearly": 2.36,
            "eps_growth_yearly": 90.13
        },
        "20194": {
            "year_quarter": 20194,
            "year": 2019,
            "quarter": 4,
            "eps": 0.2,
            "eps_growth_year": -34.89,
            "eps_4q": 0.77,
            "eps_4q_growth_year": -55.6,
            "roe": 0.22,
            "roe_4q": 0.06000000000000005,
            "gross_profit": 218782,
            "gross_margin": 17.89,
            "gross_margin_4q_avg": 17.93,
            "net_income": 5560,
            "revenue": 1223145,
            "common_shares": 696758,
            "book_valuer_per_share": 36.31,
            "book_valuer_per_share_4q_avg": 36.98,
            "equity": 2557828,
            "current_ratio": 135.86,
            "debt_ratio": 52.89,
            "inventory_turnover_ratio": 0.93,
            "account_receivable_turnover_ratio": 0.9,
            "reinvestment_rate": 81.03,
            "research_to_sale_ratio": 5.25,
            "price_fair": 87.4,
            "eps_avg_yearly": 2.5,
            "eps_latest_yearly": 0.8,
            "eps_growth_yearly": 79.18
        },
        "20201": {
            "year_quarter": 20201,
            "year": 2020,
            "quarter": 1,
            "eps": -0.42,
            "eps_growth_year": null,
            "eps_4q": 0.7,
            "eps_4q_growth_year": -37.25,
            "roe": -1.61,
            "roe_4q": -0.08000000000000004,
            "gross_profit": 135969,
            "gross_margin": 14.67,
            "gross_margin_4q_avg": 17.83,
            "net_income": -40337,
            "revenue": 927154,
            "common_shares": 696758,
            "book_valuer_per_share": 35.11,
            "book_valuer_per_share_4q_avg": 36.26,
            "equity": 2463173,
            "current_ratio": 132.06,
            "debt_ratio": 53.38,
            "inventory_turnover_ratio": 0.74,
            "account_receivable_turnover_ratio": 0.75,
            "reinvestment_rate": 68.48,
            "research_to_sale_ratio": 5.65,
            "price_fair": 92.29,
            "eps_avg_yearly": 2.64,
            "eps_latest_yearly": 0.8,
            "eps_growth_yearly": 102.63
        },
        "20202": {
            "year_quarter": 20202,
            "year": 2020,
            "quarter": 2,
            "eps": 1.72,
            "eps_growth_year": 437.5,
            "eps_4q": 2.1,
            "eps_4q_growth_year": 104.23,
            "roe": 4.53,
            "roe_4q": 4.24,
            "gross_profit": 324298,
            "gross_margin": 22.16,
            "gross_margin_4q_avg": 18.49,
            "net_income": 113945,
            "revenue": 1463401,
            "common_shares": 696758,
            "book_valuer_per_share": 36.37,
            "book_valuer_per_share_4q_avg": 36.14,
            "equity": 2571560,
            "current_ratio": 130.42,
            "debt_ratio": 55.43,
            "inventory_turnover_ratio": 1.06,
            "account_receivable_turnover_ratio": 1.1,
            "reinvestment_rate": 54.85,
            "research_to_sale_ratio": 4.4,
            "price_fair": 96.6,
            "eps_avg_yearly": 2.76,
            "eps_latest_yearly": 0.8,
            "eps_growth_yearly": 87.65
        },
        "20203": {
            "year_quarter": 20203,
            "year": 2020,
            "quarter": 3,
            "eps": 0.49,
            "eps_growth_year": -16.95,
            "eps_4q": 2,
            "eps_4q_growth_year": 128.59,
            "roe": 1.37,
            "roe_4q": 4.51,
            "gross_profit": 249366,
            "gross_margin": 18.58,
            "gross_margin_4q_avg": 18.33,
            "net_income": 35675,
            "revenue": 1341820,
            "common_shares": 696758,
            "book_valuer_per_share": 37.25,
            "book_valuer_per_share_4q_avg": 36.26,
            "equity": 2633324,
            "current_ratio": 119.23,
            "debt_ratio": 54.58,
            "inventory_turnover_ratio": 0.99,
            "account_receivable_turnover_ratio": 0.89,
            "reinvestment_rate": 67.73,
            "research_to_sale_ratio": 4.63,
            "price_fair": 7.91,
            "eps_avg_yearly": 2.64,
            "eps_latest_yearly": 1.96,
            "eps_growth_yearly": -1.7
        },
        "20204": {
            "year_quarter": 20204,
            "year": 2020,
            "quarter": 4,
            "eps": -0.43,
            "eps_growth_year": -309.44,
            "eps_4q": 1.37,
            "eps_4q_growth_year": 78.68,
            "roe": -0.69,
            "roe_4q": 3.6000000000000005,
            "gross_profit": 192817,
            "gross_margin": 15.44,
            "gross_margin_4q_avg": 17.71,
            "net_income": -18343,
            "revenue": 1248537,
            "common_shares": 696758,
            "book_valuer_per_share": 37.64,
            "book_valuer_per_share_4q_avg": 36.59,
            "equity": 2671286,
            "current_ratio": 134.77,
            "debt_ratio": 52.68,
            "inventory_turnover_ratio": 0.92,
            "account_receivable_turnover_ratio": 0.88,
            "reinvestment_rate": 79.14,
            "research_to_sale_ratio": 4.87,
            "price_fair": 7.09,
            "eps_avg_yearly": 2.36,
            "eps_latest_yearly": 1.96,
            "eps_growth_yearly": -25.11
        },
        "20211": {
            "year_quarter": 20211,
            "year": 2021,
            "quarter": 1,
            "eps": 0.39,
            "eps_growth_year": null,
            "eps_4q": 2.18,
            "eps_4q_growth_year": 213.01,
            "roe": 1.06,
            "roe_4q": 6.2700000000000005,
            "gross_profit": 257400,
            "gross_margin": 18.96,
            "gross_margin_4q_avg": 18.79,
            "net_income": 27925,
            "revenue": 1357622,
            "common_shares": 696758,
            "book_valuer_per_share": 36.52,
            "book_valuer_per_share_4q_avg": 36.95,
            "equity": 2593631,
            "current_ratio": 130.49,
            "debt_ratio": 55.94,
            "inventory_turnover_ratio": 0.89,
            "account_receivable_turnover_ratio": 0.94,
            "reinvestment_rate": 81.08,
            "research_to_sale_ratio": 4.79,
            "price_fair": 6.95,
            "eps_avg_yearly": 2.32,
            "eps_latest_yearly": 1.96,
            "eps_growth_yearly": -7.77
        },
        "20212": {
            "year_quarter": 20212,
            "year": 2021,
            "quarter": 2,
            "eps": 1.16,
            "eps_growth_year": -32.56,
            "eps_4q": 1.62,
            "eps_4q_growth_year": -23.02,
            "roe": 3.28,
            "roe_4q": 5.02,
            "gross_profit": 310060,
            "gross_margin": 19.64,
            "gross_margin_4q_avg": 18.16,
            "net_income": 85517,
            "revenue": 1579010,
            "common_shares": 696758,
            "book_valuer_per_share": 37.01,
            "book_valuer_per_share_4q_avg": 37.11,
            "equity": 2627037,
            "current_ratio": 133.84,
            "debt_ratio": 54.89,
            "inventory_turnover_ratio": 0.92,
            "account_receivable_turnover_ratio": 0.97,
            "reinvestment_rate": 52.09,
            "research_to_sale_ratio": 4.1,
            "price_fair": 83.02,
            "eps_avg_yearly": 2.37,
            "eps_latest_yearly": 4.64,
            "eps_growth_yearly": 53.74
        },
        "20213": {
            "year_quarter": 20213,
            "year": 2021,
            "quarter": 3,
            "eps": 1.44,
            "eps_growth_year": 193.88,
            "eps_4q": 2.4,
            "eps_4q_growth_year": 20.05,
            "roe": 3.85,
            "roe_4q": 7.5,
            "gross_profit": 338931,
            "gross_margin": 19.6,
            "gross_margin_4q_avg": 18.41,
            "net_income": 105775,
            "revenue": 1729354,
            "common_shares": 696758,
            "book_valuer_per_share": 37.91,
            "book_valuer_per_share_4q_avg": 37.27,
            "equity": 2868648,
            "current_ratio": 152.7,
            "debt_ratio": 51.1,
            "inventory_turnover_ratio": 0.98,
            "account_receivable_turnover_ratio": 0.96,
            "reinvestment_rate": 57.32,
            "research_to_sale_ratio": 3.42,
            "price_fair": 87.92,
            "eps_avg_yearly": 2.51,
            "eps_latest_yearly": 5.76,
            "eps_growth_yearly": 60.65
        },
        "20214": {
            "year_quarter": 20214,
            "year": 2021,
            "quarter": 4,
            "eps": 0.42,
            "eps_growth_year": null,
            "eps_4q": 3.13,
            "eps_4q_growth_year": 128.92,
            "roe": 1.14,
            "roe_4q": 9.33,
            "gross_profit": 249264,
            "gross_margin": 16.63,
            "gross_margin_4q_avg": 18.71,
            "net_income": 33147,
            "revenue": 1498763,
            "common_shares": 742418,
            "book_valuer_per_share": 38.07,
            "book_valuer_per_share_4q_avg": 37.38,
            "equity": 2961807,
            "current_ratio": 153.82,
            "debt_ratio": 48.58,
            "inventory_turnover_ratio": 0.87,
            "account_receivable_turnover_ratio": 0.82,
            "reinvestment_rate": 48.97,
            "research_to_sale_ratio": 4.34,
            "price_fair": 84.28,
            "eps_avg_yearly": 2.41,
            "eps_latest_yearly": 1.68,
            "eps_growth_yearly": 47.37
        },
        "20221": {
            "year_quarter": 20221,
            "year": 2022,
            "quarter": 1,
            "eps": 1.36,
            "eps_growth_year": 248.72,
            "eps_4q": 4.11,
            "eps_4q_growth_year": 88.56,
            "roe": 3.4,
            "roe_4q": 11.67,
            "gross_profit": 321350,
            "gross_margin": 19.44,
            "gross_margin_4q_avg": 18.83,
            "net_income": 100680,
            "revenue": 1653223,
            "common_shares": 766665,
            "book_valuer_per_share": 37.98,
            "book_valuer_per_share_4q_avg": 37.74,
            "equity": 2961458,
            "current_ratio": 146.67,
            "debt_ratio": 51.81,
            "inventory_turnover_ratio": 0.86,
            "account_receivable_turnover_ratio": 0.89,
            "reinvestment_rate": 56.91,
            "research_to_sale_ratio": 3.84,
            "price_fair": 99.68,
            "eps_avg_yearly": 2.85,
            "eps_latest_yearly": 5.44,
            "eps_growth_yearly": 161.6
        },
        "20222": {
            "year_quarter": 20222,
            "year": 2022,
            "quarter": 2,
            "eps": 1.28,
            "eps_growth_year": 10.34,
            "eps_4q": 4.33,
            "eps_4q_growth_year": 167.78,
            "roe": 3.24,
            "roe_4q": 11.63,
            "gross_profit": 316174,
            "gross_margin": 18.58,
            "gross_margin_4q_avg": 18.56,
            "net_income": 97312,
            "revenue": 1701544,
            "common_shares": 771108,
            "book_valuer_per_share": 38.9,
            "book_valuer_per_share_4q_avg": 38.22,
            "equity": 3040002,
            "current_ratio": 160.24,
            "debt_ratio": 48.69,
            "inventory_turnover_ratio": 0.87,
            "account_receivable_turnover_ratio": 0.87,
            "reinvestment_rate": 26.21,
            "research_to_sale_ratio": 3.66,
            "price_fair": 112,
            "eps_avg_yearly": 3.2,
            "eps_latest_yearly": 5.12,
            "eps_growth_yearly": 137.71
        },
        "20223": {
            "year_quarter": 20223,
            "year": 2022,
            "quarter": 3,
            "eps": 0.99,
            "eps_growth_year": -31.25,
            "eps_4q": 4.03,
            "eps_4q_growth_year": 67.7,
            "roe": 2.37,
            "roe_4q": 10.15,
            "gross_profit": 285095,
            "gross_margin": 19.07,
            "gross_margin_4q_avg": 18.43,
            "net_income": 73780,
            "revenue": 1494965,
            "common_shares": 772301,
            "book_valuer_per_share": 40.67,
            "book_valuer_per_share_4q_avg": 38.91,
            "equity": 3175082,
            "current_ratio": 183.59,
            "debt_ratio": 42.49,
            "inventory_turnover_ratio": 0.81,
            "account_receivable_turnover_ratio": 0.78,
            "reinvestment_rate": 23.51,
            "research_to_sale_ratio": 3.93,
            "price_fair": 115.36,
            "eps_avg_yearly": 3.3,
            "eps_latest_yearly": 3.96,
            "eps_growth_yearly": 93.64
        },
        "20224": {
            "year_quarter": 20224,
            "year": 2022,
            "quarter": 4,
            "eps": 0.62,
            "eps_growth_year": 49.52,
            "eps_4q": 4.24,
            "eps_4q_growth_year": 35.3,
            "roe": 1.24,
            "roe_4q": 10.25,
            "gross_profit": 289418,
            "gross_margin": 19.66,
            "gross_margin_4q_avg": 19.19,
            "net_income": 39366,
            "revenue": 1472048,
            "common_shares": 772301,
            "book_valuer_per_share": 40.71,
            "book_valuer_per_share_4q_avg": 39.57,
            "equity": 3169539,
            "current_ratio": 193.86,
            "debt_ratio": 39.28,
            "inventory_turnover_ratio": 0.87,
            "account_receivable_turnover_ratio": 0.81,
            "reinvestment_rate": 10.36,
            "research_to_sale_ratio": 4.63,
            "price_fair": 119.7,
            "eps_avg_yearly": 3.42,
            "eps_latest_yearly": 2.48,
            "eps_growth_yearly": 102.16
        },
        "20231": {
            "year_quarter": 20231,
            "year": 2023,
            "quarter": 1,
            "eps": 0.95,
            "eps_growth_year": -30.15,
            "eps_4q": 3.84,
            "eps_4q_growth_year": -6.69,
            "roe": 2.29,
            "roe_4q": 9.14,
            "gross_profit": 311312,
            "gross_margin": 21.44,
            "gross_margin_4q_avg": 19.69,
            "net_income": 71535,
            "revenue": 1452069,
            "common_shares": 772301,
            "book_valuer_per_share": 39.45,
            "book_valuer_per_share_4q_avg": 39.93,
            "equity": 3070006,
            "current_ratio": 184.39,
            "debt_ratio": 40.69,
            "inventory_turnover_ratio": 0.91,
            "account_receivable_turnover_ratio": 0.83,
            "reinvestment_rate": -6.57,
            "research_to_sale_ratio": 4.04,
            "price_fair": 120.91,
            "eps_avg_yearly": 3.45,
            "eps_latest_yearly": 3.8,
            "eps_growth_yearly": 112.23
        }
    },
    "months": {
        "2010-12": {
            "month": "2010-12",
            "price": "59.94",
            "revenue": 270453
        },
        "2011-01": {
            "month": "2011-01",
            "price": "59.46",
            "revenue": 272440
        },
        "2011-02": {
            "month": "2011-02",
            "price": "60.02",
            "revenue": 224703
        },
        "2011-03": {
            "month": "2011-03",
            "price": "63.46",
            "revenue": 292798
        },
        "2011-04": {
            "month": "2011-04",
            "price": "64.99",
            "revenue": 290032
        },
        "2011-05": {
            "month": "2011-05",
            "price": "69.27",
            "revenue": 313316
        },
        "2011-06": {
            "month": "2011-06",
            "price": "69.95",
            "revenue": 304607
        },
        "2011-07": {
            "month": "2011-07",
            "price": "69.35",
            "revenue": 270648
        },
        "2011-08": {
            "month": "2011-08",
            "price": "64.27",
            "revenue": 335135
        },
        "2011-09": {
            "month": "2011-09",
            "price": "60.62",
            "revenue": 283065
        },
        "2011-10": {
            "month": "2011-10",
            "price": "56.47",
            "revenue": 298522
        },
        "2011-11": {
            "month": "2011-11",
            "price": "49.60",
            "revenue": 308787
        },
        "2011-12": {
            "month": "2011-12",
            "price": "47.84",
            "revenue": 281383
        },
        "2012-01": {
            "month": "2012-01",
            "price": "49.41",
            "revenue": 240186
        },
        "2012-02": {
            "month": "2012-02",
            "price": "57.80",
            "revenue": 261881
        },
        "2012-03": {
            "month": "2012-03",
            "price": "60.23",
            "revenue": 316002
        },
        "2012-04": {
            "month": "2012-04",
            "price": "61.11",
            "revenue": 332448
        },
        "2012-05": {
            "month": "2012-05",
            "price": "60.08",
            "revenue": 326269
        },
        "2012-06": {
            "month": "2012-06",
            "price": "56.09",
            "revenue": 329537
        },
        "2012-07": {
            "month": "2012-07",
            "price": "54.36",
            "revenue": 338890
        },
        "2012-08": {
            "month": "2012-08",
            "price": "56.53",
            "revenue": 347489
        },
        "2012-09": {
            "month": "2012-09",
            "price": "63.06",
            "revenue": 356337
        },
        "2012-10": {
            "month": "2012-10",
            "price": "63.93",
            "revenue": 290057
        },
        "2012-11": {
            "month": "2012-11",
            "price": "57.17",
            "revenue": 338692
        },
        "2012-12": {
            "month": "2012-12",
            "price": "60.44",
            "revenue": 356066
        },
        "2013-01": {
            "month": "2013-01",
            "price": "64.64",
            "revenue": 421108
        },
        "2013-02": {
            "month": "2013-02",
            "price": "68.50",
            "revenue": 284547
        },
        "2013-03": {
            "month": "2013-03",
            "price": "74.49",
            "revenue": 401723
        },
        "2013-04": {
            "month": "2013-04",
            "price": "75.98",
            "revenue": 425626
        },
        "2013-05": {
            "month": "2013-05",
            "price": "78.54",
            "revenue": 407940
        },
        "2013-06": {
            "month": "2013-06",
            "price": "73.99",
            "revenue": 364628
        },
        "2013-07": {
            "month": "2013-07",
            "price": "70.80",
            "revenue": 386070
        },
        "2013-08": {
            "month": "2013-08",
            "price": "78.04",
            "revenue": 427948
        },
        "2013-09": {
            "month": "2013-09",
            "price": "78.66",
            "revenue": 411900
        },
        "2013-10": {
            "month": "2013-10",
            "price": "81.90",
            "revenue": 359350
        },
        "2013-11": {
            "month": "2013-11",
            "price": "84.52",
            "revenue": 390992
        },
        "2013-12": {
            "month": "2013-12",
            "price": "90.68",
            "revenue": 411859
        },
        "2014-01": {
            "month": "2014-01",
            "price": "91.74",
            "revenue": 492594
        },
        "2014-02": {
            "month": "2014-02",
            "price": "101.85",
            "revenue": 302303
        },
        "2014-03": {
            "month": "2014-03",
            "price": "111.45",
            "revenue": 481204
        },
        "2014-04": {
            "month": "2014-04",
            "price": "111.02",
            "revenue": 425111
        },
        "2014-05": {
            "month": "2014-05",
            "price": "101.25",
            "revenue": 420410
        },
        "2014-06": {
            "month": "2014-06",
            "price": "104.42",
            "revenue": 433540
        },
        "2014-07": {
            "month": "2014-07",
            "price": "106.11",
            "revenue": 482790
        },
        "2014-08": {
            "month": "2014-08",
            "price": "101.74",
            "revenue": 459828
        },
        "2014-09": {
            "month": "2014-09",
            "price": "99.74",
            "revenue": 448943
        },
        "2014-10": {
            "month": "2014-10",
            "price": "85.71",
            "revenue": 402136
        },
        "2014-11": {
            "month": "2014-11",
            "price": "79.21",
            "revenue": 408423
        },
        "2014-12": {
            "month": "2014-12",
            "price": "81.71",
            "revenue": 396972
        },
        "2015-01": {
            "month": "2015-01",
            "price": "75.72",
            "revenue": 459624
        },
        "2015-02": {
            "month": "2015-02",
            "price": "73.99",
            "revenue": 288072
        },
        "2015-03": {
            "month": "2015-03",
            "price": "76.11",
            "revenue": 354485
        },
        "2015-04": {
            "month": "2015-04",
            "price": "73.56",
            "revenue": 340370
        },
        "2015-05": {
            "month": "2015-05",
            "price": "60.30",
            "revenue": 327516
        },
        "2015-06": {
            "month": "2015-06",
            "price": "54.68",
            "revenue": 357421
        },
        "2015-07": {
            "month": "2015-07",
            "price": "47.77",
            "revenue": 371702
        },
        "2015-08": {
            "month": "2015-08",
            "price": "34.80",
            "revenue": 417538
        },
        "2015-09": {
            "month": "2015-09",
            "price": "35.78",
            "revenue": 441408
        },
        "2015-10": {
            "month": "2015-10",
            "price": "40.41",
            "revenue": 390411
        },
        "2015-11": {
            "month": "2015-11",
            "price": "36.60",
            "revenue": 393798
        },
        "2015-12": {
            "month": "2015-12",
            "price": "33.37",
            "revenue": 365432
        },
        "2016-01": {
            "month": "2016-01",
            "price": "30.03",
            "revenue": 484140
        },
        "2016-02": {
            "month": "2016-02",
            "price": "33.58",
            "revenue": 264744
        },
        "2016-03": {
            "month": "2016-03",
            "price": "35.36",
            "revenue": 358495
        },
        "2016-04": {
            "month": "2016-04",
            "price": "32.32",
            "revenue": 382255
        },
        "2016-05": {
            "month": "2016-05",
            "price": "28.78",
            "revenue": 339844
        },
        "2016-06": {
            "month": "2016-06",
            "price": "29.01",
            "revenue": 356336
        },
        "2016-07": {
            "month": "2016-07",
            "price": "28.58",
            "revenue": 378192
        },
        "2016-08": {
            "month": "2016-08",
            "price": "27.24",
            "revenue": 361769
        },
        "2016-09": {
            "month": "2016-09",
            "price": "26.40",
            "revenue": 424451
        },
        "2016-10": {
            "month": "2016-10",
            "price": "29.21",
            "revenue": 375208
        },
        "2016-11": {
            "month": "2016-11",
            "price": "29.08",
            "revenue": 375102
        },
        "2016-12": {
            "month": "2016-12",
            "price": "30.39",
            "revenue": 382266
        },
        "2017-01": {
            "month": "2017-01",
            "price": "37.47",
            "revenue": 375650
        },
        "2017-02": {
            "month": "2017-02",
            "price": "36.45",
            "revenue": 277925
        },
        "2017-03": {
            "month": "2017-03",
            "price": "38.14",
            "revenue": 345759
        },
        "2017-04": {
            "month": "2017-04",
            "price": "37.00",
            "revenue": 357247
        },
        "2017-05": {
            "month": "2017-05",
            "price": "39.53",
            "revenue": 332930
        },
        "2017-06": {
            "month": "2017-06",
            "price": "38.46",
            "revenue": 337875
        },
        "2017-07": {
            "month": "2017-07",
            "price": "37.38",
            "revenue": 394962
        },
        "2017-08": {
            "month": "2017-08",
            "price": "44.36",
            "revenue": 412860
        },
        "2017-09": {
            "month": "2017-09",
            "price": "53.31",
            "revenue": 395513
        },
        "2017-10": {
            "month": "2017-10",
            "price": "58.97",
            "revenue": 394811
        },
        "2017-11": {
            "month": "2017-11",
            "price": "52.91",
            "revenue": 468233
        },
        "2017-12": {
            "month": "2017-12",
            "price": "48.35",
            "revenue": 451542
        },
        "2018-01": {
            "month": "2018-01",
            "price": "49.86",
            "revenue": 473752
        },
        "2018-02": {
            "month": "2018-02",
            "price": "49.67",
            "revenue": 249154
        },
        "2018-03": {
            "month": "2018-03",
            "price": "44.53",
            "revenue": 365277
        },
        "2018-04": {
            "month": "2018-04",
            "price": "38.19",
            "revenue": 344988
        },
        "2018-05": {
            "month": "2018-05",
            "price": "34.66",
            "revenue": 353295
        },
        "2018-06": {
            "month": "2018-06",
            "price": "34.98",
            "revenue": 376947
        },
        "2018-07": {
            "month": "2018-07",
            "price": "34.17",
            "revenue": 387378
        },
        "2018-08": {
            "month": "2018-08",
            "price": "30.18",
            "revenue": 415697
        },
        "2018-09": {
            "month": "2018-09",
            "price": "28.41",
            "revenue": 416786
        },
        "2018-10": {
            "month": "2018-10",
            "price": "24.83",
            "revenue": 368561
        },
        "2018-11": {
            "month": "2018-11",
            "price": "24.98",
            "revenue": 417732
        },
        "2018-12": {
            "month": "2018-12",
            "price": "27.01",
            "revenue": 391038
        },
        "2019-01": {
            "month": "2019-01",
            "price": "26.54",
            "revenue": 415225
        },
        "2019-02": {
            "month": "2019-02",
            "price": "28.14",
            "revenue": 233661
        },
        "2019-03": {
            "month": "2019-03",
            "price": "27.68",
            "revenue": 404328
        },
        "2019-04": {
            "month": "2019-04",
            "price": "30.36",
            "revenue": 383290
        },
        "2019-05": {
            "month": "2019-05",
            "price": "27.68",
            "revenue": 379655
        },
        "2019-06": {
            "month": "2019-06",
            "price": "26.11",
            "revenue": 371323
        },
        "2019-07": {
            "month": "2019-07",
            "price": "27.08",
            "revenue": 396510
        },
        "2019-08": {
            "month": "2019-08",
            "price": "26.09",
            "revenue": 426288
        },
        "2019-09": {
            "month": "2019-09",
            "price": "26.63",
            "revenue": 434264
        },
        "2019-10": {
            "month": "2019-10",
            "price": "26.24",
            "revenue": 386560
        },
        "2019-11": {
            "month": "2019-11",
            "price": "25.84",
            "revenue": 424305
        },
        "2019-12": {
            "month": "2019-12",
            "price": "25.90",
            "revenue": 410639
        },
        "2020-01": {
            "month": "2020-01",
            "price": "27.03",
            "revenue": 339284
        },
        "2020-02": {
            "month": "2020-02",
            "price": "24.67",
            "revenue": 201132
        },
        "2020-03": {
            "month": "2020-03",
            "price": "19.70",
            "revenue": 387444
        },
        "2020-04": {
            "month": "2020-04",
            "price": "19.14",
            "revenue": 487152
        },
        "2020-05": {
            "month": "2020-05",
            "price": "22.79",
            "revenue": 499379
        },
        "2020-06": {
            "month": "2020-06",
            "price": "26.50",
            "revenue": 466359
        },
        "2020-07": {
            "month": "2020-07",
            "price": "29.41",
            "revenue": 449137
        },
        "2020-08": {
            "month": "2020-08",
            "price": "35.52",
            "revenue": 449695
        },
        "2020-09": {
            "month": "2020-09",
            "price": "32.00",
            "revenue": 446334
        },
        "2020-10": {
            "month": "2020-10",
            "price": "30.31",
            "revenue": 400986
        },
        "2020-11": {
            "month": "2020-11",
            "price": "30.26",
            "revenue": 443941
        },
        "2020-12": {
            "month": "2020-12",
            "price": "33.58",
            "revenue": 431080
        },
        "2021-01": {
            "month": "2021-01",
            "price": "29.68",
            "revenue": 552834
        },
        "2021-02": {
            "month": "2021-02",
            "price": "30.90",
            "revenue": 333474
        },
        "2021-03": {
            "month": "2021-03",
            "price": "32.36",
            "revenue": 471659
        },
        "2021-04": {
            "month": "2021-04",
            "price": "33.12",
            "revenue": 535176
        },
        "2021-05": {
            "month": "2021-05",
            "price": "28.69",
            "revenue": 531395
        },
        "2021-06": {
            "month": "2021-06",
            "price": "29.54",
            "revenue": 511834
        },
        "2021-07": {
            "month": "2021-07",
            "price": "30.35",
            "revenue": 572165
        },
        "2021-08": {
            "month": "2021-08",
            "price": "34.02",
            "revenue": 564913
        },
        "2021-09": {
            "month": "2021-09",
            "price": "48.92",
            "revenue": 580021
        },
        "2021-10": {
            "month": "2021-10",
            "price": "43.87",
            "revenue": 467053
        },
        "2021-11": {
            "month": "2021-11",
            "price": "44.45",
            "revenue": 503198
        },
        "2021-12": {
            "month": "2021-12",
            "price": "45.90",
            "revenue": 538468
        },
        "2022-01": {
            "month": "2022-01",
            "price": "44.56",
            "revenue": 625226
        },
        "2022-02": {
            "month": "2022-02",
            "price": "49.26",
            "revenue": 393446
        },
        "2022-03": {
            "month": "2022-03",
            "price": "45.97",
            "revenue": 632861
        },
        "2022-04": {
            "month": "2022-04",
            "price": "45.22",
            "revenue": 573500
        },
        "2022-05": {
            "month": "2022-05",
            "price": "43.16",
            "revenue": 607837
        },
        "2022-06": {
            "month": "2022-06",
            "price": "43.97",
            "revenue": 521900
        },
        "2022-07": {
            "month": "2022-07",
            "price": "37.77",
            "revenue": 504864
        },
        "2022-08": {
            "month": "2022-08",
            "price": "37.95",
            "revenue": 445010
        },
        "2022-09": {
            "month": "2022-09",
            "price": "33.68",
            "revenue": 545105
        },
        "2022-10": {
            "month": "2022-10",
            "price": "29.92",
            "revenue": 446883
        },
        "2022-11": {
            "month": "2022-11",
            "price": "31.72",
            "revenue": 534431
        },
        "2022-12": {
            "month": "2022-12",
            "price": "33.21",
            "revenue": 490673
        },
        "2023-01": {
            "month": "2023-01",
            "price": "32.45",
            "revenue": 367195
        },
        "2023-02": {
            "month": "2023-02",
            "price": "34.20",
            "revenue": 465495
        },
        "2023-03": {
            "month": "2023-03",
            "price": "36.60",
            "revenue": 619431
        },
        "2023-04": {
            "month": "2023-04",
            "price": "38.34",
            "revenue": 518245
        },
        "2023-05": {
            "month": "2023-05",
            "price": "39.79",
            "revenue": 519196
        }
    }
}
