{
    "summary": {
        "stock_name": "碩禾",
        "stock_id": "3691",
        "category": "光電",
        "main_business": "太陽能導電漿",
        "website_url": "http://www.gigasolar.com.tw",
        "ceo": "黃文瑞",
        "pe_ratio": -9,
        "report_year_from": 2008,
        "report_year_to": 2023,
        "age": 15,
        "eps_negative_percentage": 33,
        "eps_growth_avg": {
            "last_all": -9.19,
            "last_2y": -49.84,
            "last_4y": -49.84,
            "last_8y": -13.15,
            "last_12y": -9.19,
            "last_16y": null,
            "last_20y": null,
            "at_2006_last_3y": null,
            "at_2007_last_3y": null,
            "at_2008_last_3y": null,
            "at_2009_last_3y": null,
            "at_2010_last_3y": null,
            "at_2011_last_3y": null,
            "at_2012_last_3y": null,
            "at_2013_last_3y": -3.24,
            "at_2014_last_3y": 9.37,
            "at_2015_last_3y": 24.99,
            "at_2016_last_3y": 28.47,
            "at_2017_last_3y": 5.2,
            "at_2018_last_3y": -26.41,
            "at_2019_last_3y": -66.68,
            "at_2020_last_3y": -49.84,
            "at_2021_last_3y": -49.84,
            "at_2022_last_3y": -49.84,
            "at_2023_last_3y": -49.84,
            "at_2006_last_all": null,
            "at_2007_last_all": null,
            "at_2008_last_all": null,
            "at_2009_last_all": null,
            "at_2010_last_all": null,
            "at_2011_last_all": 20.61,
            "at_2012_last_all": -2.01,
            "at_2013_last_all": -3.24,
            "at_2014_last_all": 17.41,
            "at_2015_last_all": 23.53,
            "at_2016_last_all": 15.4,
            "at_2017_last_all": 0.98,
            "at_2018_last_all": 0.98,
            "at_2019_last_all": 0.98,
            "at_2020_last_all": 0.91,
            "at_2021_last_all": -9.19,
            "at_2022_last_all": -9.19,
            "at_2023_last_all": -9.19
        },
        "latest_eps": -9.02,
        "latest_price": 81.2,
        "latest_roe": -14.63,
        "latest_gross_margin": -9.13,
        "latest_equity": 8193040,
        "latest_revenue": 556951,
        "latest_gross_profit": -50835,
        "latest_net_income": -278696,
        "latest_debt_ratio": 26.36,
        "latest_current_ratio": 355.27,
        "latest_account_receivable_turnover_ratio": 0.9,
        "latest_inventory_turnover_ratio": 0.67,
        "latest_reinvestment_rate": null,
        "latest_research_to_sale_ratio": 14.27
    },
    "eps_dividends": {
        "2001": {
            "cash": 0,
            "stock": 0,
            "eps": 0
        },
        "2002": {
            "cash": 0,
            "stock": 0,
            "eps": 0
        },
        "2003": {
            "cash": 0,
            "stock": 0,
            "eps": 0
        },
        "2004": {
            "cash": 0,
            "stock": 0,
            "eps": 0
        },
        "2005": {
            "cash": 0,
            "stock": 0,
            "eps": 0
        },
        "2006": {
            "cash": 0,
            "stock": 0,
            "eps": 0
        },
        "2007": {
            "cash": 0,
            "stock": 0,
            "eps": 0
        },
        "2008": {
            "cash": 0,
            "stock": 0,
            "eps": 0
        },
        "2009": {
            "cash": 0,
            "stock": 0,
            "eps": 19.02
        },
        "2010": {
            "cash": 5,
            "stock": 5,
            "eps": 28.45
        },
        "2011": {
            "cash": 25,
            "stock": 3,
            "eps": 26.07
        },
        "2012": {
            "cash": 20.18,
            "stock": 0,
            "eps": 13.75
        },
        "2013": {
            "cash": 5.55,
            "stock": 1.51,
            "eps": 12.8
        },
        "2014": {
            "cash": 6,
            "stock": 2,
            "eps": 25.71
        },
        "2015": {
            "cash": 15,
            "stock": 0,
            "eps": 39.63
        },
        "2016": {
            "cash": 20,
            "stock": 0,
            "eps": 26.41
        },
        "2017": {
            "cash": 15,
            "stock": 0,
            "eps": -3.51
        },
        "2018": {
            "cash": 5,
            "stock": 0,
            "eps": -15.83
        },
        "2019": {
            "cash": 0,
            "stock": 0,
            "eps": 3.14
        },
        "2020": {
            "cash": 2,
            "stock": 0,
            "eps": 3.15
        },
        "2021": {
            "cash": 2,
            "stock": 0,
            "eps": -5.08
        },
        "2022": {
            "cash": 0,
            "stock": 0,
            "eps": -5.71
        },
        "2023": {
            "cash": 0,
            "stock": 0,
            "eps": -3.82
        }
    },
    "dividends": {
        "2010-03-24": {
            "cash": 5,
            "stock": 5
        },
        "2011-03-22": {
            "cash": 25,
            "stock": 3
        },
        "2012-06-06": {
            "cash": 20.18,
            "stock": 0
        },
        "2013-06-04": {
            "cash": 5.55,
            "stock": 1.51
        },
        "2014-08-22": {
            "cash": 6,
            "stock": 2
        },
        "2015-07-30": {
            "cash": 15,
            "stock": 0
        },
        "2016-08-17": {
            "cash": 20,
            "stock": 0
        },
        "2017-08-17": {
            "cash": 15,
            "stock": 0
        },
        "2018-08-10": {
            "cash": 5,
            "stock": 0
        },
        "2020-08-10": {
            "cash": 2,
            "stock": 0
        },
        "2021-09-08": {
            "cash": 2,
            "stock": 0
        }
    },
    "prices": {
        "200101": "無",
        "200102": "無",
        "200103": "無",
        "200104": "無",
        "200105": "無",
        "200106": "無",
        "200107": "無",
        "200108": "無",
        "200109": "無",
        "200110": "無",
        "200111": "無",
        "200112": "無",
        "200201": "無",
        "200202": "無",
        "200203": "無",
        "200204": "無",
        "200205": "無",
        "200206": "無",
        "200207": "無",
        "200208": "無",
        "200209": "無",
        "200210": "無",
        "200211": "無",
        "200212": "無",
        "200301": "無",
        "200302": "無",
        "200303": "無",
        "200304": "無",
        "200305": "無",
        "200306": "無",
        "200307": "無",
        "200308": "無",
        "200309": "無",
        "200310": "無",
        "200311": "無",
        "200312": "無",
        "200401": "無",
        "200402": "無",
        "200403": "無",
        "200404": "無",
        "200405": "無",
        "200406": "無",
        "200407": "無",
        "200408": "無",
        "200409": "無",
        "200410": "無",
        "200411": "無",
        "200412": "無",
        "200501": "無",
        "200502": "無",
        "200503": "無",
        "200504": "無",
        "200505": "無",
        "200506": "無",
        "200507": "無",
        "200508": "無",
        "200509": "無",
        "200510": "無",
        "200511": "無",
        "200512": "無",
        "200601": "無",
        "200602": "無",
        "200603": "無",
        "200604": "無",
        "200605": "無",
        "200606": "無",
        "200607": "無",
        "200608": "無",
        "200609": "無",
        "200610": "無",
        "200611": "無",
        "200612": "無",
        "200701": "無",
        "200702": "無",
        "200703": "無",
        "200704": "無",
        "200705": "無",
        "200706": "無",
        "200707": "無",
        "200708": "無",
        "200709": "無",
        "200710": "無",
        "200711": "無",
        "200712": "無",
        "200801": "無",
        "200802": "無",
        "200803": "無",
        "200804": "無",
        "200805": "無",
        "200806": "無",
        "200807": "無",
        "200808": "無",
        "200809": "無",
        "200810": "無",
        "200811": "無",
        "200812": "無",
        "200901": "無",
        "200902": "無",
        "200903": "無",
        "200904": "無",
        "200905": "無",
        "200906": "無",
        "200907": "無",
        "200908": "無",
        "200909": "無",
        "200910": "226.14",
        "200911": "282.90",
        "200912": "415.75",
        "201001": "465.00",
        "201002": "420.09",
        "201003": "574.18",
        "201004": "714.44",
        "201005": "700.69",
        "201006": "500.10",
        "201007": "515.85",
        "201008": "652.32",
        "201009": "680.91",
        "201010": "646.97",
        "201011": "712.56",
        "201012": "804.04",
        "201101": "771.55",
        "201102": "835.36",
        "201103": "793.78",
        "201104": "784.74",
        "201105": "650.95",
        "201106": "566.19",
        "201107": "585.90",
        "201108": "465.65",
        "201109": "374.24",
        "201110": "322.90",
        "201111": "257.61",
        "201112": "222.45",
        "201201": "278.17",
        "201202": "353.92",
        "201203": "330.46",
        "201204": "292.60",
        "201205": "322.77",
        "201206": "336.98",
        "201207": "280.27",
        "201208": "246.52",
        "201209": "261.52",
        "201210": "231.57",
        "201211": "224.43",
        "201212": "240.52",
        "201301": "287.09",
        "201302": "296.04",
        "201303": "278.21",
        "201304": "234.10",
        "201305": "265.14",
        "201306": "242.89",
        "201307": "237.04",
        "201308": "230.98",
        "201309": "241.10",
        "201310": "297.75",
        "201311": "318.24",
        "201312": "383.43",
        "201401": "514.39",
        "201402": "606.12",
        "201403": "723.10",
        "201404": "697.00",
        "201405": "723.24",
        "201406": "697.25",
        "201407": "617.36",
        "201408": "489.81",
        "201409": "552.38",
        "201410": "523.75",
        "201411": "503.35",
        "201412": "467.33",
        "201501": "478.30",
        "201502": "489.27",
        "201503": "505.25",
        "201504": "522.95",
        "201505": "542.00",
        "201506": "556.71",
        "201507": "549.32",
        "201508": "484.69",
        "201509": "497.35",
        "201510": "590.81",
        "201511": "628.71",
        "201512": "716.39",
        "201601": "654.90",
        "201602": "652.77",
        "201603": "594.57",
        "201604": "535.16",
        "201605": "533.90",
        "201606": "486.95",
        "201607": "484.10",
        "201608": "416.78",
        "201609": "374.34",
        "201610": "403.68",
        "201611": "359.66",
        "201612": "363.45",
        "201701": "353.22",
        "201702": "359.39",
        "201703": "336.43",
        "201704": "261.81",
        "201705": "257.78",
        "201706": "284.17",
        "201707": "274.40",
        "201708": "243.98",
        "201709": "244.34",
        "201710": "269.97",
        "201711": "281.39",
        "201712": "256.79",
        "201801": "247.84",
        "201802": "208.96",
        "201803": "202.67",
        "201804": "176.83",
        "201805": "178.68",
        "201806": "171.40",
        "201807": "157.18",
        "201808": "139.37",
        "201809": "131.32",
        "201810": "101.92",
        "201811": "91.94",
        "201812": "91.01",
        "201901": "83.21",
        "201902": "91.18",
        "201903": "89.40",
        "201904": "81.74",
        "201905": "102.96",
        "201906": "113.39",
        "201907": "118.50",
        "201908": "122.95",
        "201909": "112.42",
        "201910": "112.98",
        "201911": "113.55",
        "201912": "116.09",
        "202001": "136.50",
        "202002": "129.03",
        "202003": "95.82",
        "202004": "87.77",
        "202005": "91.20",
        "202006": "90.26",
        "202007": "104.23",
        "202008": "108.69",
        "202009": "129.50",
        "202010": "170.61",
        "202011": "191.12",
        "202012": "199.30",
        "202101": "211.38",
        "202102": "181.65",
        "202103": "193.23",
        "202104": "190.29",
        "202105": "150.48",
        "202106": "171.38",
        "202107": "199.05",
        "202108": "189.16",
        "202109": "175.70",
        "202110": "185.55",
        "202111": "189.07",
        "202112": "190.57",
        "202201": "195.25",
        "202202": "177.27",
        "202203": "180.30",
        "202204": "166.82",
        "202205": "142.24",
        "202206": "147.60",
        "202207": "144.12",
        "202208": "148.98",
        "202209": "127.10",
        "202210": "103.68",
        "202211": "105.80",
        "202212": "108.23",
        "202301": "101.78",
        "202302": "109.58",
        "202303": "111.89",
        "202304": "112.21",
        "202305": "102.46",
        "202306": "100.74",
        "202307": "89.15",
        "202308": "81.18",
        "202309": "83.06"
    },
    "quarters": {
        "20011": {
            "year_quarter": 20011,
            "year": 2001,
            "quarter": 1,
            "eps": null,
            "eps_growth_year": null,
            "eps_4q": null,
            "eps_4q_growth_year": null,
            "roe": null,
            "roe_4q": 0,
            "gross_profit": null,
            "gross_margin": null,
            "gross_margin_4q_avg": 0,
            "net_income": null,
            "revenue": null,
            "common_shares": null,
            "book_valuer_per_share": null,
            "book_valuer_per_share_4q_avg": 0,
            "equity": null,
            "current_ratio": null,
            "debt_ratio": null,
            "inventory_turnover_ratio": null,
            "account_receivable_turnover_ratio": null,
            "reinvestment_rate": null,
            "research_to_sale_ratio": null,
            "price_fair": 0,
            "eps_avg_yearly": 0,
            "eps_latest_yearly": 0,
            "eps_growth_yearly": 0
        },
        "20012": {
            "year_quarter": 20012,
            "year": 2001,
            "quarter": 2,
            "eps": null,
            "eps_growth_year": null,
            "eps_4q": null,
            "eps_4q_growth_year": null,
            "roe": null,
            "roe_4q": 0,
            "gross_profit": null,
            "gross_margin": null,
            "gross_margin_4q_avg": 0,
            "net_income": null,
            "revenue": null,
            "common_shares": null,
            "book_valuer_per_share": null,
            "book_valuer_per_share_4q_avg": 0,
            "equity": null,
            "current_ratio": null,
            "debt_ratio": null,
            "inventory_turnover_ratio": null,
            "account_receivable_turnover_ratio": null,
            "reinvestment_rate": null,
            "research_to_sale_ratio": null,
            "price_fair": 0,
            "eps_avg_yearly": 0,
            "eps_latest_yearly": 0,
            "eps_growth_yearly": 0
        },
        "20013": {
            "year_quarter": 20013,
            "year": 2001,
            "quarter": 3,
            "eps": null,
            "eps_growth_year": null,
            "eps_4q": null,
            "eps_4q_growth_year": null,
            "roe": null,
            "roe_4q": 0,
            "gross_profit": null,
            "gross_margin": null,
            "gross_margin_4q_avg": 0,
            "net_income": null,
            "revenue": null,
            "common_shares": null,
            "book_valuer_per_share": null,
            "book_valuer_per_share_4q_avg": 0,
            "equity": null,
            "current_ratio": null,
            "debt_ratio": null,
            "inventory_turnover_ratio": null,
            "account_receivable_turnover_ratio": null,
            "reinvestment_rate": null,
            "research_to_sale_ratio": null,
            "price_fair": 0,
            "eps_avg_yearly": 0,
            "eps_latest_yearly": 0,
            "eps_growth_yearly": 0
        },
        "20014": {
            "year_quarter": 20014,
            "year": 2001,
            "quarter": 4,
            "eps": null,
            "eps_growth_year": null,
            "eps_4q": null,
            "eps_4q_growth_year": null,
            "roe": null,
            "roe_4q": 0,
            "gross_profit": null,
            "gross_margin": null,
            "gross_margin_4q_avg": 0,
            "net_income": null,
            "revenue": null,
            "common_shares": null,
            "book_valuer_per_share": null,
            "book_valuer_per_share_4q_avg": 0,
            "equity": null,
            "current_ratio": null,
            "debt_ratio": null,
            "inventory_turnover_ratio": null,
            "account_receivable_turnover_ratio": null,
            "reinvestment_rate": null,
            "research_to_sale_ratio": null,
            "price_fair": 0,
            "eps_avg_yearly": 0,
            "eps_latest_yearly": 0,
            "eps_growth_yearly": 0
        },
        "20021": {
            "year_quarter": 20021,
            "year": 2002,
            "quarter": 1,
            "eps": null,
            "eps_growth_year": null,
            "eps_4q": null,
            "eps_4q_growth_year": null,
            "roe": null,
            "roe_4q": 0,
            "gross_profit": null,
            "gross_margin": null,
            "gross_margin_4q_avg": 0,
            "net_income": null,
            "revenue": null,
            "common_shares": null,
            "book_valuer_per_share": null,
            "book_valuer_per_share_4q_avg": 0,
            "equity": null,
            "current_ratio": null,
            "debt_ratio": null,
            "inventory_turnover_ratio": null,
            "account_receivable_turnover_ratio": null,
            "reinvestment_rate": null,
            "research_to_sale_ratio": null,
            "price_fair": 0,
            "eps_avg_yearly": 0,
            "eps_latest_yearly": 0,
            "eps_growth_yearly": 0
        },
        "20022": {
            "year_quarter": 20022,
            "year": 2002,
            "quarter": 2,
            "eps": null,
            "eps_growth_year": null,
            "eps_4q": null,
            "eps_4q_growth_year": null,
            "roe": null,
            "roe_4q": 0,
            "gross_profit": null,
            "gross_margin": null,
            "gross_margin_4q_avg": 0,
            "net_income": null,
            "revenue": null,
            "common_shares": null,
            "book_valuer_per_share": null,
            "book_valuer_per_share_4q_avg": 0,
            "equity": null,
            "current_ratio": null,
            "debt_ratio": null,
            "inventory_turnover_ratio": null,
            "account_receivable_turnover_ratio": null,
            "reinvestment_rate": null,
            "research_to_sale_ratio": null,
            "price_fair": 0,
            "eps_avg_yearly": 0,
            "eps_latest_yearly": 0,
            "eps_growth_yearly": 0
        },
        "20023": {
            "year_quarter": 20023,
            "year": 2002,
            "quarter": 3,
            "eps": null,
            "eps_growth_year": null,
            "eps_4q": null,
            "eps_4q_growth_year": null,
            "roe": null,
            "roe_4q": 0,
            "gross_profit": null,
            "gross_margin": null,
            "gross_margin_4q_avg": 0,
            "net_income": null,
            "revenue": null,
            "common_shares": null,
            "book_valuer_per_share": null,
            "book_valuer_per_share_4q_avg": 0,
            "equity": null,
            "current_ratio": null,
            "debt_ratio": null,
            "inventory_turnover_ratio": null,
            "account_receivable_turnover_ratio": null,
            "reinvestment_rate": null,
            "research_to_sale_ratio": null,
            "price_fair": 0,
            "eps_avg_yearly": 0,
            "eps_latest_yearly": 0,
            "eps_growth_yearly": 0
        },
        "20024": {
            "year_quarter": 20024,
            "year": 2002,
            "quarter": 4,
            "eps": null,
            "eps_growth_year": null,
            "eps_4q": null,
            "eps_4q_growth_year": null,
            "roe": null,
            "roe_4q": 0,
            "gross_profit": null,
            "gross_margin": null,
            "gross_margin_4q_avg": 0,
            "net_income": null,
            "revenue": null,
            "common_shares": null,
            "book_valuer_per_share": null,
            "book_valuer_per_share_4q_avg": 0,
            "equity": null,
            "current_ratio": null,
            "debt_ratio": null,
            "inventory_turnover_ratio": null,
            "account_receivable_turnover_ratio": null,
            "reinvestment_rate": null,
            "research_to_sale_ratio": null,
            "price_fair": 0,
            "eps_avg_yearly": 0,
            "eps_latest_yearly": 0,
            "eps_growth_yearly": 0
        },
        "20031": {
            "year_quarter": 20031,
            "year": 2003,
            "quarter": 1,
            "eps": null,
            "eps_growth_year": null,
            "eps_4q": null,
            "eps_4q_growth_year": null,
            "roe": null,
            "roe_4q": 0,
            "gross_profit": null,
            "gross_margin": null,
            "gross_margin_4q_avg": 0,
            "net_income": null,
            "revenue": null,
            "common_shares": null,
            "book_valuer_per_share": null,
            "book_valuer_per_share_4q_avg": 0,
            "equity": null,
            "current_ratio": null,
            "debt_ratio": null,
            "inventory_turnover_ratio": null,
            "account_receivable_turnover_ratio": null,
            "reinvestment_rate": null,
            "research_to_sale_ratio": null,
            "price_fair": 0,
            "eps_avg_yearly": 0,
            "eps_latest_yearly": 0,
            "eps_growth_yearly": 0
        },
        "20032": {
            "year_quarter": 20032,
            "year": 2003,
            "quarter": 2,
            "eps": null,
            "eps_growth_year": null,
            "eps_4q": null,
            "eps_4q_growth_year": null,
            "roe": null,
            "roe_4q": 0,
            "gross_profit": null,
            "gross_margin": null,
            "gross_margin_4q_avg": 0,
            "net_income": null,
            "revenue": null,
            "common_shares": null,
            "book_valuer_per_share": null,
            "book_valuer_per_share_4q_avg": 0,
            "equity": null,
            "current_ratio": null,
            "debt_ratio": null,
            "inventory_turnover_ratio": null,
            "account_receivable_turnover_ratio": null,
            "reinvestment_rate": null,
            "research_to_sale_ratio": null,
            "price_fair": 0,
            "eps_avg_yearly": 0,
            "eps_latest_yearly": 0,
            "eps_growth_yearly": 0
        },
        "20033": {
            "year_quarter": 20033,
            "year": 2003,
            "quarter": 3,
            "eps": null,
            "eps_growth_year": null,
            "eps_4q": null,
            "eps_4q_growth_year": null,
            "roe": null,
            "roe_4q": 0,
            "gross_profit": null,
            "gross_margin": null,
            "gross_margin_4q_avg": 0,
            "net_income": null,
            "revenue": null,
            "common_shares": null,
            "book_valuer_per_share": null,
            "book_valuer_per_share_4q_avg": 0,
            "equity": null,
            "current_ratio": null,
            "debt_ratio": null,
            "inventory_turnover_ratio": null,
            "account_receivable_turnover_ratio": null,
            "reinvestment_rate": null,
            "research_to_sale_ratio": null,
            "price_fair": 0,
            "eps_avg_yearly": 0,
            "eps_latest_yearly": 0,
            "eps_growth_yearly": 0
        },
        "20034": {
            "year_quarter": 20034,
            "year": 2003,
            "quarter": 4,
            "eps": null,
            "eps_growth_year": null,
            "eps_4q": null,
            "eps_4q_growth_year": null,
            "roe": null,
            "roe_4q": 0,
            "gross_profit": null,
            "gross_margin": null,
            "gross_margin_4q_avg": 0,
            "net_income": null,
            "revenue": null,
            "common_shares": null,
            "book_valuer_per_share": null,
            "book_valuer_per_share_4q_avg": 0,
            "equity": null,
            "current_ratio": null,
            "debt_ratio": null,
            "inventory_turnover_ratio": null,
            "account_receivable_turnover_ratio": null,
            "reinvestment_rate": null,
            "research_to_sale_ratio": null,
            "price_fair": 0,
            "eps_avg_yearly": 0,
            "eps_latest_yearly": 0,
            "eps_growth_yearly": 0
        },
        "20041": {
            "year_quarter": 20041,
            "year": 2004,
            "quarter": 1,
            "eps": null,
            "eps_growth_year": null,
            "eps_4q": null,
            "eps_4q_growth_year": null,
            "roe": null,
            "roe_4q": 0,
            "gross_profit": null,
            "gross_margin": null,
            "gross_margin_4q_avg": 0,
            "net_income": null,
            "revenue": null,
            "common_shares": null,
            "book_valuer_per_share": null,
            "book_valuer_per_share_4q_avg": 0,
            "equity": null,
            "current_ratio": null,
            "debt_ratio": null,
            "inventory_turnover_ratio": null,
            "account_receivable_turnover_ratio": null,
            "reinvestment_rate": null,
            "research_to_sale_ratio": null,
            "price_fair": 0,
            "eps_avg_yearly": 0,
            "eps_latest_yearly": 0,
            "eps_growth_yearly": 0
        },
        "20042": {
            "year_quarter": 20042,
            "year": 2004,
            "quarter": 2,
            "eps": null,
            "eps_growth_year": null,
            "eps_4q": null,
            "eps_4q_growth_year": null,
            "roe": null,
            "roe_4q": 0,
            "gross_profit": null,
            "gross_margin": null,
            "gross_margin_4q_avg": 0,
            "net_income": null,
            "revenue": null,
            "common_shares": null,
            "book_valuer_per_share": null,
            "book_valuer_per_share_4q_avg": 0,
            "equity": null,
            "current_ratio": null,
            "debt_ratio": null,
            "inventory_turnover_ratio": null,
            "account_receivable_turnover_ratio": null,
            "reinvestment_rate": null,
            "research_to_sale_ratio": null,
            "price_fair": 0,
            "eps_avg_yearly": 0,
            "eps_latest_yearly": 0,
            "eps_growth_yearly": 0
        },
        "20043": {
            "year_quarter": 20043,
            "year": 2004,
            "quarter": 3,
            "eps": null,
            "eps_growth_year": null,
            "eps_4q": null,
            "eps_4q_growth_year": null,
            "roe": null,
            "roe_4q": 0,
            "gross_profit": null,
            "gross_margin": null,
            "gross_margin_4q_avg": 0,
            "net_income": null,
            "revenue": null,
            "common_shares": null,
            "book_valuer_per_share": null,
            "book_valuer_per_share_4q_avg": 0,
            "equity": null,
            "current_ratio": null,
            "debt_ratio": null,
            "inventory_turnover_ratio": null,
            "account_receivable_turnover_ratio": null,
            "reinvestment_rate": null,
            "research_to_sale_ratio": null,
            "price_fair": 0,
            "eps_avg_yearly": 0,
            "eps_latest_yearly": 0,
            "eps_growth_yearly": 0
        },
        "20044": {
            "year_quarter": 20044,
            "year": 2004,
            "quarter": 4,
            "eps": null,
            "eps_growth_year": null,
            "eps_4q": null,
            "eps_4q_growth_year": null,
            "roe": null,
            "roe_4q": 0,
            "gross_profit": null,
            "gross_margin": null,
            "gross_margin_4q_avg": 0,
            "net_income": null,
            "revenue": null,
            "common_shares": 1000,
            "book_valuer_per_share": 10.82,
            "book_valuer_per_share_4q_avg": 2.71,
            "equity": 1082,
            "current_ratio": 309.46,
            "debt_ratio": 30.06,
            "inventory_turnover_ratio": null,
            "account_receivable_turnover_ratio": null,
            "reinvestment_rate": null,
            "research_to_sale_ratio": null,
            "price_fair": 0,
            "eps_avg_yearly": 0,
            "eps_latest_yearly": 0,
            "eps_growth_yearly": 0
        },
        "20051": {
            "year_quarter": 20051,
            "year": 2005,
            "quarter": 1,
            "eps": null,
            "eps_growth_year": null,
            "eps_4q": null,
            "eps_4q_growth_year": null,
            "roe": null,
            "roe_4q": 0,
            "gross_profit": null,
            "gross_margin": null,
            "gross_margin_4q_avg": 0,
            "net_income": null,
            "revenue": null,
            "common_shares": null,
            "book_valuer_per_share": null,
            "book_valuer_per_share_4q_avg": 2.71,
            "equity": null,
            "current_ratio": null,
            "debt_ratio": null,
            "inventory_turnover_ratio": null,
            "account_receivable_turnover_ratio": null,
            "reinvestment_rate": null,
            "research_to_sale_ratio": null,
            "price_fair": 0,
            "eps_avg_yearly": 0,
            "eps_latest_yearly": 0,
            "eps_growth_yearly": 0
        },
        "20052": {
            "year_quarter": 20052,
            "year": 2005,
            "quarter": 2,
            "eps": null,
            "eps_growth_year": null,
            "eps_4q": null,
            "eps_4q_growth_year": null,
            "roe": null,
            "roe_4q": 0,
            "gross_profit": null,
            "gross_margin": null,
            "gross_margin_4q_avg": 0,
            "net_income": null,
            "revenue": null,
            "common_shares": null,
            "book_valuer_per_share": null,
            "book_valuer_per_share_4q_avg": 2.71,
            "equity": null,
            "current_ratio": null,
            "debt_ratio": null,
            "inventory_turnover_ratio": null,
            "account_receivable_turnover_ratio": null,
            "reinvestment_rate": null,
            "research_to_sale_ratio": null,
            "price_fair": 0,
            "eps_avg_yearly": 0,
            "eps_latest_yearly": 0,
            "eps_growth_yearly": 0
        },
        "20053": {
            "year_quarter": 20053,
            "year": 2005,
            "quarter": 3,
            "eps": null,
            "eps_growth_year": null,
            "eps_4q": null,
            "eps_4q_growth_year": null,
            "roe": null,
            "roe_4q": 0,
            "gross_profit": null,
            "gross_margin": null,
            "gross_margin_4q_avg": 0,
            "net_income": null,
            "revenue": null,
            "common_shares": null,
            "book_valuer_per_share": null,
            "book_valuer_per_share_4q_avg": 2.71,
            "equity": null,
            "current_ratio": null,
            "debt_ratio": null,
            "inventory_turnover_ratio": null,
            "account_receivable_turnover_ratio": null,
            "reinvestment_rate": null,
            "research_to_sale_ratio": null,
            "price_fair": 0,
            "eps_avg_yearly": 0,
            "eps_latest_yearly": 0,
            "eps_growth_yearly": 0
        },
        "20054": {
            "year_quarter": 20054,
            "year": 2005,
            "quarter": 4,
            "eps": null,
            "eps_growth_year": null,
            "eps_4q": null,
            "eps_4q_growth_year": null,
            "roe": null,
            "roe_4q": 0,
            "gross_profit": null,
            "gross_margin": null,
            "gross_margin_4q_avg": 0,
            "net_income": null,
            "revenue": null,
            "common_shares": 1000,
            "book_valuer_per_share": 4.4,
            "book_valuer_per_share_4q_avg": 1.1,
            "equity": 440,
            "current_ratio": 431.3,
            "debt_ratio": 22.94,
            "inventory_turnover_ratio": null,
            "account_receivable_turnover_ratio": null,
            "reinvestment_rate": null,
            "research_to_sale_ratio": null,
            "price_fair": 0,
            "eps_avg_yearly": 0,
            "eps_latest_yearly": 0,
            "eps_growth_yearly": 0
        },
        "20061": {
            "year_quarter": 20061,
            "year": 2006,
            "quarter": 1,
            "eps": null,
            "eps_growth_year": null,
            "eps_4q": null,
            "eps_4q_growth_year": null,
            "roe": null,
            "roe_4q": 0,
            "gross_profit": null,
            "gross_margin": null,
            "gross_margin_4q_avg": 0,
            "net_income": null,
            "revenue": null,
            "common_shares": null,
            "book_valuer_per_share": null,
            "book_valuer_per_share_4q_avg": 1.1,
            "equity": null,
            "current_ratio": null,
            "debt_ratio": null,
            "inventory_turnover_ratio": null,
            "account_receivable_turnover_ratio": null,
            "reinvestment_rate": null,
            "research_to_sale_ratio": null,
            "price_fair": 0,
            "eps_avg_yearly": 0,
            "eps_latest_yearly": 0,
            "eps_growth_yearly": 0
        },
        "20062": {
            "year_quarter": 20062,
            "year": 2006,
            "quarter": 2,
            "eps": null,
            "eps_growth_year": null,
            "eps_4q": null,
            "eps_4q_growth_year": null,
            "roe": null,
            "roe_4q": 0,
            "gross_profit": null,
            "gross_margin": null,
            "gross_margin_4q_avg": 0,
            "net_income": null,
            "revenue": null,
            "common_shares": null,
            "book_valuer_per_share": null,
            "book_valuer_per_share_4q_avg": 1.1,
            "equity": null,
            "current_ratio": null,
            "debt_ratio": null,
            "inventory_turnover_ratio": null,
            "account_receivable_turnover_ratio": null,
            "reinvestment_rate": null,
            "research_to_sale_ratio": null,
            "price_fair": 0,
            "eps_avg_yearly": 0,
            "eps_latest_yearly": 0,
            "eps_growth_yearly": 0
        },
        "20063": {
            "year_quarter": 20063,
            "year": 2006,
            "quarter": 3,
            "eps": null,
            "eps_growth_year": null,
            "eps_4q": null,
            "eps_4q_growth_year": null,
            "roe": null,
            "roe_4q": 0,
            "gross_profit": null,
            "gross_margin": null,
            "gross_margin_4q_avg": 0,
            "net_income": null,
            "revenue": null,
            "common_shares": null,
            "book_valuer_per_share": null,
            "book_valuer_per_share_4q_avg": 1.1,
            "equity": null,
            "current_ratio": null,
            "debt_ratio": null,
            "inventory_turnover_ratio": null,
            "account_receivable_turnover_ratio": null,
            "reinvestment_rate": null,
            "research_to_sale_ratio": null,
            "price_fair": 0,
            "eps_avg_yearly": 0,
            "eps_latest_yearly": 0,
            "eps_growth_yearly": 0
        },
        "20064": {
            "year_quarter": 20064,
            "year": 2006,
            "quarter": 4,
            "eps": null,
            "eps_growth_year": null,
            "eps_4q": null,
            "eps_4q_growth_year": null,
            "roe": null,
            "roe_4q": 0,
            "gross_profit": null,
            "gross_margin": null,
            "gross_margin_4q_avg": 0,
            "net_income": null,
            "revenue": null,
            "common_shares": 1000,
            "book_valuer_per_share": 0.85,
            "book_valuer_per_share_4q_avg": 0.21,
            "equity": 85,
            "current_ratio": 106.3,
            "debt_ratio": 94.08,
            "inventory_turnover_ratio": null,
            "account_receivable_turnover_ratio": null,
            "reinvestment_rate": null,
            "research_to_sale_ratio": null,
            "price_fair": 0,
            "eps_avg_yearly": 0,
            "eps_latest_yearly": 0,
            "eps_growth_yearly": 0
        },
        "20071": {
            "year_quarter": 20071,
            "year": 2007,
            "quarter": 1,
            "eps": null,
            "eps_growth_year": null,
            "eps_4q": null,
            "eps_4q_growth_year": null,
            "roe": null,
            "roe_4q": 0,
            "gross_profit": null,
            "gross_margin": null,
            "gross_margin_4q_avg": 0,
            "net_income": null,
            "revenue": null,
            "common_shares": null,
            "book_valuer_per_share": null,
            "book_valuer_per_share_4q_avg": 0.21,
            "equity": null,
            "current_ratio": null,
            "debt_ratio": null,
            "inventory_turnover_ratio": null,
            "account_receivable_turnover_ratio": null,
            "reinvestment_rate": null,
            "research_to_sale_ratio": null,
            "price_fair": 0,
            "eps_avg_yearly": 0,
            "eps_latest_yearly": 0,
            "eps_growth_yearly": 0
        },
        "20072": {
            "year_quarter": 20072,
            "year": 2007,
            "quarter": 2,
            "eps": null,
            "eps_growth_year": null,
            "eps_4q": null,
            "eps_4q_growth_year": null,
            "roe": null,
            "roe_4q": 0,
            "gross_profit": null,
            "gross_margin": null,
            "gross_margin_4q_avg": 0,
            "net_income": null,
            "revenue": null,
            "common_shares": null,
            "book_valuer_per_share": null,
            "book_valuer_per_share_4q_avg": 0.21,
            "equity": null,
            "current_ratio": null,
            "debt_ratio": null,
            "inventory_turnover_ratio": null,
            "account_receivable_turnover_ratio": null,
            "reinvestment_rate": null,
            "research_to_sale_ratio": null,
            "price_fair": 0,
            "eps_avg_yearly": 0,
            "eps_latest_yearly": 0,
            "eps_growth_yearly": 0
        },
        "20073": {
            "year_quarter": 20073,
            "year": 2007,
            "quarter": 3,
            "eps": null,
            "eps_growth_year": null,
            "eps_4q": null,
            "eps_4q_growth_year": null,
            "roe": null,
            "roe_4q": 0,
            "gross_profit": null,
            "gross_margin": null,
            "gross_margin_4q_avg": 0,
            "net_income": null,
            "revenue": null,
            "common_shares": null,
            "book_valuer_per_share": null,
            "book_valuer_per_share_4q_avg": 0.21,
            "equity": null,
            "current_ratio": null,
            "debt_ratio": null,
            "inventory_turnover_ratio": null,
            "account_receivable_turnover_ratio": null,
            "reinvestment_rate": null,
            "research_to_sale_ratio": null,
            "price_fair": 0,
            "eps_avg_yearly": 0,
            "eps_latest_yearly": 0,
            "eps_growth_yearly": 0
        },
        "20074": {
            "year_quarter": 20074,
            "year": 2007,
            "quarter": 4,
            "eps": null,
            "eps_growth_year": null,
            "eps_4q": null,
            "eps_4q_growth_year": null,
            "roe": null,
            "roe_4q": 0,
            "gross_profit": null,
            "gross_margin": null,
            "gross_margin_4q_avg": 0,
            "net_income": null,
            "revenue": null,
            "common_shares": 1000,
            "book_valuer_per_share": -4.72,
            "book_valuer_per_share_4q_avg": -1.18,
            "equity": -472,
            "current_ratio": 75.49,
            "debt_ratio": 132.46,
            "inventory_turnover_ratio": null,
            "account_receivable_turnover_ratio": null,
            "reinvestment_rate": null,
            "research_to_sale_ratio": null,
            "price_fair": 0,
            "eps_avg_yearly": 0,
            "eps_latest_yearly": 0,
            "eps_growth_yearly": 0
        },
        "20081": {
            "year_quarter": 20081,
            "year": 2008,
            "quarter": 1,
            "eps": null,
            "eps_growth_year": null,
            "eps_4q": null,
            "eps_4q_growth_year": null,
            "roe": null,
            "roe_4q": 0,
            "gross_profit": null,
            "gross_margin": null,
            "gross_margin_4q_avg": 0,
            "net_income": null,
            "revenue": null,
            "common_shares": null,
            "book_valuer_per_share": null,
            "book_valuer_per_share_4q_avg": -1.18,
            "equity": null,
            "current_ratio": null,
            "debt_ratio": null,
            "inventory_turnover_ratio": null,
            "account_receivable_turnover_ratio": null,
            "reinvestment_rate": null,
            "research_to_sale_ratio": null,
            "price_fair": 0,
            "eps_avg_yearly": 0,
            "eps_latest_yearly": 0,
            "eps_growth_yearly": 0
        },
        "20082": {
            "year_quarter": 20082,
            "year": 2008,
            "quarter": 2,
            "eps": null,
            "eps_growth_year": null,
            "eps_4q": null,
            "eps_4q_growth_year": null,
            "roe": null,
            "roe_4q": 0,
            "gross_profit": null,
            "gross_margin": null,
            "gross_margin_4q_avg": 0,
            "net_income": null,
            "revenue": null,
            "common_shares": null,
            "book_valuer_per_share": null,
            "book_valuer_per_share_4q_avg": -1.18,
            "equity": null,
            "current_ratio": null,
            "debt_ratio": null,
            "inventory_turnover_ratio": null,
            "account_receivable_turnover_ratio": null,
            "reinvestment_rate": null,
            "research_to_sale_ratio": null,
            "price_fair": 0,
            "eps_avg_yearly": 0,
            "eps_latest_yearly": 0,
            "eps_growth_yearly": 0
        },
        "20083": {
            "year_quarter": 20083,
            "year": 2008,
            "quarter": 3,
            "eps": null,
            "eps_growth_year": null,
            "eps_4q": null,
            "eps_4q_growth_year": null,
            "roe": null,
            "roe_4q": 0,
            "gross_profit": null,
            "gross_margin": null,
            "gross_margin_4q_avg": 0,
            "net_income": null,
            "revenue": null,
            "common_shares": null,
            "book_valuer_per_share": null,
            "book_valuer_per_share_4q_avg": -1.18,
            "equity": null,
            "current_ratio": null,
            "debt_ratio": null,
            "inventory_turnover_ratio": null,
            "account_receivable_turnover_ratio": null,
            "reinvestment_rate": null,
            "research_to_sale_ratio": null,
            "price_fair": 0,
            "eps_avg_yearly": 0,
            "eps_latest_yearly": 0,
            "eps_growth_yearly": 0
        },
        "20084": {
            "year_quarter": 20084,
            "year": 2008,
            "quarter": 4,
            "eps": null,
            "eps_growth_year": null,
            "eps_4q": null,
            "eps_4q_growth_year": null,
            "roe": null,
            "roe_4q": 0,
            "gross_profit": null,
            "gross_margin": null,
            "gross_margin_4q_avg": 0,
            "net_income": null,
            "revenue": null,
            "common_shares": 101000,
            "book_valuer_per_share": 11.78,
            "book_valuer_per_share_4q_avg": 2.95,
            "equity": 118967,
            "current_ratio": 402.04,
            "debt_ratio": 19.62,
            "inventory_turnover_ratio": null,
            "account_receivable_turnover_ratio": null,
            "reinvestment_rate": null,
            "research_to_sale_ratio": null,
            "price_fair": 0,
            "eps_avg_yearly": 0,
            "eps_latest_yearly": 0,
            "eps_growth_yearly": 0
        },
        "20091": {
            "year_quarter": 20091,
            "year": 2009,
            "quarter": 1,
            "eps": 3.37,
            "eps_growth_year": null,
            "eps_4q": null,
            "eps_4q_growth_year": null,
            "roe": 25.01,
            "roe_4q": 25.01,
            "gross_profit": 47462,
            "gross_margin": 49.99,
            "gross_margin_4q_avg": 12.5,
            "net_income": 34000,
            "revenue": 94952,
            "common_shares": 101000,
            "book_valuer_per_share": 15.15,
            "book_valuer_per_share_4q_avg": 6.73,
            "equity": 152967,
            "current_ratio": 423.35,
            "debt_ratio": 20.99,
            "inventory_turnover_ratio": 0.9,
            "account_receivable_turnover_ratio": 3.97,
            "reinvestment_rate": null,
            "research_to_sale_ratio": null,
            "price_fair": 0,
            "eps_avg_yearly": 0,
            "eps_latest_yearly": 0,
            "eps_growth_yearly": 0
        },
        "20092": {
            "year_quarter": 20092,
            "year": 2009,
            "quarter": 2,
            "eps": 4.35,
            "eps_growth_year": null,
            "eps_4q": null,
            "eps_4q_growth_year": null,
            "roe": 22.27,
            "roe_4q": 47.28,
            "gross_profit": 74104,
            "gross_margin": 51.01,
            "gross_margin_4q_avg": 25.25,
            "net_income": 43971,
            "revenue": 145265,
            "common_shares": 101000,
            "book_valuer_per_share": 23.95,
            "book_valuer_per_share_4q_avg": 12.72,
            "equity": 241884,
            "current_ratio": 398.85,
            "debt_ratio": 22.72,
            "inventory_turnover_ratio": 1.54,
            "account_receivable_turnover_ratio": 3.08,
            "reinvestment_rate": null,
            "research_to_sale_ratio": null,
            "price_fair": 609,
            "eps_avg_yearly": 17.4,
            "eps_latest_yearly": 17.4,
            "eps_growth_yearly": 116.32
        },
        "20093": {
            "year_quarter": 20093,
            "year": 2009,
            "quarter": 3,
            "eps": 3.77,
            "eps_growth_year": null,
            "eps_4q": null,
            "eps_4q_growth_year": null,
            "roe": 16.81,
            "roe_4q": 64.09,
            "gross_profit": 93718,
            "gross_margin": 49.61,
            "gross_margin_4q_avg": 37.65,
            "net_income": 57969,
            "revenue": 188895,
            "common_shares": 201000,
            "book_valuer_per_share": 22.28,
            "book_valuer_per_share_4q_avg": 18.29,
            "equity": 447837,
            "current_ratio": 396.93,
            "debt_ratio": 23.65,
            "inventory_turnover_ratio": 1.87,
            "account_receivable_turnover_ratio": 1.65,
            "reinvestment_rate": null,
            "research_to_sale_ratio": null,
            "price_fair": 568.4,
            "eps_avg_yearly": 16.24,
            "eps_latest_yearly": 15.08,
            "eps_growth_yearly": 31.49
        },
        "20094": {
            "year_quarter": 20094,
            "year": 2009,
            "quarter": 4,
            "eps": 7.53,
            "eps_growth_year": null,
            "eps_4q": 12.03,
            "eps_4q_growth_year": null,
            "roe": 21.2,
            "roe_4q": 85.29,
            "gross_profit": 176304,
            "gross_margin": 49.47,
            "gross_margin_4q_avg": 50.02,
            "net_income": 105769,
            "revenue": 356365,
            "common_shares": 201000,
            "book_valuer_per_share": 27.37,
            "book_valuer_per_share_4q_avg": 22.19,
            "equity": 550121,
            "current_ratio": 271.53,
            "debt_ratio": 34.08,
            "inventory_turnover_ratio": 2.72,
            "account_receivable_turnover_ratio": 2.67,
            "reinvestment_rate": null,
            "research_to_sale_ratio": null,
            "price_fair": 730.33,
            "eps_avg_yearly": 20.87,
            "eps_latest_yearly": 30.12,
            "eps_growth_yearly": 153.98
        },
        "20101": {
            "year_quarter": 20101,
            "year": 2010,
            "quarter": 1,
            "eps": null,
            "eps_growth_year": null,
            "eps_4q": null,
            "eps_4q_growth_year": null,
            "roe": null,
            "roe_4q": 60.28,
            "gross_profit": 234628,
            "gross_margin": null,
            "gross_margin_4q_avg": 37.52,
            "net_income": 161087,
            "revenue": 444525,
            "common_shares": 201000,
            "book_valuer_per_share": 35.38,
            "book_valuer_per_share_4q_avg": 27.25,
            "equity": 711208,
            "current_ratio": 336.35,
            "debt_ratio": 27.18,
            "inventory_turnover_ratio": null,
            "account_receivable_turnover_ratio": null,
            "reinvestment_rate": null,
            "research_to_sale_ratio": null,
            "price_fair": 730.33,
            "eps_avg_yearly": 20.87,
            "eps_latest_yearly": 30.12,
            "eps_growth_yearly": 153.98
        },
        "20102": {
            "year_quarter": 20102,
            "year": 2010,
            "quarter": 2,
            "eps": 6.74,
            "eps_growth_year": 54.98,
            "eps_4q": 12.08,
            "eps_4q_growth_year": null,
            "roe": 26.8,
            "roe_4q": 64.81,
            "gross_profit": 289854,
            "gross_margin": 54.29,
            "gross_margin_4q_avg": 38.34,
            "net_income": 206691,
            "revenue": 533865,
            "common_shares": 306587,
            "book_valuer_per_share": 27.12,
            "book_valuer_per_share_4q_avg": 28.04,
            "equity": 831322,
            "current_ratio": 325.16,
            "debt_ratio": 27.63,
            "inventory_turnover_ratio": 2.17,
            "account_receivable_turnover_ratio": 2.71,
            "reinvestment_rate": null,
            "research_to_sale_ratio": null,
            "price_fair": 730.33,
            "eps_avg_yearly": 20.87,
            "eps_latest_yearly": 30.12,
            "eps_growth_yearly": 153.98
        },
        "20103": {
            "year_quarter": 20103,
            "year": 2010,
            "quarter": 3,
            "eps": 11.77,
            "eps_growth_year": 212.09,
            "eps_4q": 21.96,
            "eps_4q_growth_year": null,
            "roe": 35.66,
            "roe_4q": 83.66,
            "gross_profit": 439169,
            "gross_margin": 56.63,
            "gross_margin_4q_avg": 40.1,
            "net_income": 360727,
            "revenue": 775490,
            "common_shares": 306587,
            "book_valuer_per_share": 38.88,
            "book_valuer_per_share_4q_avg": 32.19,
            "equity": 1192049,
            "current_ratio": 570.55,
            "debt_ratio": 15.85,
            "inventory_turnover_ratio": 2.37,
            "account_receivable_turnover_ratio": 1.61,
            "reinvestment_rate": null,
            "research_to_sale_ratio": 3.25,
            "price_fair": 959.7,
            "eps_avg_yearly": 27.42,
            "eps_latest_yearly": 47.08,
            "eps_growth_yearly": 190.11
        },
        "20104": {
            "year_quarter": 20104,
            "year": 2010,
            "quarter": 4,
            "eps": 9.94,
            "eps_growth_year": 32.07,
            "eps_4q": 26.66,
            "eps_4q_growth_year": 121.71,
            "roe": 15.48,
            "roe_4q": 77.94,
            "gross_profit": 520971,
            "gross_margin": 56.41,
            "gross_margin_4q_avg": 41.83,
            "net_income": 337559,
            "revenue": 923572,
            "common_shares": 339427,
            "book_valuer_per_share": 93.39,
            "book_valuer_per_share_4q_avg": 48.69,
            "equity": 3170016,
            "current_ratio": 1126.34,
            "debt_ratio": 8.7,
            "inventory_turnover_ratio": 2.33,
            "account_receivable_turnover_ratio": 1.52,
            "reinvestment_rate": null,
            "research_to_sale_ratio": 3.86,
            "price_fair": 1046.08,
            "eps_avg_yearly": 29.89,
            "eps_latest_yearly": 39.76,
            "eps_growth_yearly": 139.65
        },
        "20111": {
            "year_quarter": 20111,
            "year": 2011,
            "quarter": 1,
            "eps": 11.89,
            "eps_growth_year": null,
            "eps_4q": 38.63,
            "eps_4q_growth_year": null,
            "roe": 11.88,
            "roe_4q": 89.82,
            "gross_profit": 505421,
            "gross_margin": 54.35,
            "gross_margin_4q_avg": 55.42,
            "net_income": 403341,
            "revenue": 929872,
            "common_shares": 339427,
            "book_valuer_per_share": 105.36,
            "book_valuer_per_share_4q_avg": 66.19,
            "equity": 3618197,
            "current_ratio": 933.22,
            "debt_ratio": 10.33,
            "inventory_turnover_ratio": 1.82,
            "account_receivable_turnover_ratio": 1.38,
            "reinvestment_rate": null,
            "research_to_sale_ratio": 3.27,
            "price_fair": 1149.17,
            "eps_avg_yearly": 32.83,
            "eps_latest_yearly": 47.56,
            "eps_growth_yearly": 129.45
        },
        "20112": {
            "year_quarter": 20112,
            "year": 2011,
            "quarter": 2,
            "eps": 5.66,
            "eps_growth_year": -16.04,
            "eps_4q": 30.69,
            "eps_4q_growth_year": 154,
            "roe": 7.53,
            "roe_4q": 70.55,
            "gross_profit": 356354,
            "gross_margin": 52.21,
            "gross_margin_4q_avg": 54.9,
            "net_income": 249858,
            "revenue": 682565,
            "common_shares": 339427,
            "book_valuer_per_share": 87.71,
            "book_valuer_per_share_4q_avg": 81.34,
            "equity": 3021208,
            "current_ratio": 344.09,
            "debt_ratio": 27.28,
            "inventory_turnover_ratio": 1.15,
            "account_receivable_turnover_ratio": 1.17,
            "reinvestment_rate": null,
            "research_to_sale_ratio": 5.05,
            "price_fair": 1098.2,
            "eps_avg_yearly": 31.38,
            "eps_latest_yearly": 22.64,
            "eps_growth_yearly": 81.02
        },
        "20113": {
            "year_quarter": 20113,
            "year": 2011,
            "quarter": 3,
            "eps": 6.84,
            "eps_growth_year": -41.85,
            "eps_4q": 29.36,
            "eps_4q_growth_year": 33.69,
            "roe": 9.47,
            "roe_4q": 44.36,
            "gross_profit": 365695,
            "gross_margin": 39.33,
            "gross_margin_4q_avg": 50.58,
            "net_income": 300420,
            "revenue": 929742,
            "common_shares": 441255,
            "book_valuer_per_share": 74.36,
            "book_valuer_per_share_4q_avg": 90.21,
            "equity": 3323764,
            "current_ratio": 778.95,
            "debt_ratio": 11.93,
            "inventory_turnover_ratio": 1.88,
            "account_receivable_turnover_ratio": 1.46,
            "reinvestment_rate": null,
            "research_to_sale_ratio": 4.1,
            "price_fair": 1080.63,
            "eps_avg_yearly": 30.88,
            "eps_latest_yearly": 27.36,
            "eps_growth_yearly": 81.32
        },
        "20114": {
            "year_quarter": 20114,
            "year": 2011,
            "quarter": 4,
            "eps": 1.68,
            "eps_growth_year": -83.09,
            "eps_4q": 23.79,
            "eps_4q_growth_year": -10.78,
            "roe": 2.1,
            "roe_4q": 30.980000000000004,
            "gross_profit": 150912,
            "gross_margin": 29.85,
            "gross_margin_4q_avg": 43.94,
            "net_income": 68545,
            "revenue": 505505,
            "common_shares": 441255,
            "book_valuer_per_share": 73.07,
            "book_valuer_per_share_4q_avg": 85.13,
            "equity": 3204510,
            "current_ratio": 1059.68,
            "debt_ratio": 8.66,
            "inventory_turnover_ratio": 1.09,
            "account_receivable_turnover_ratio": 0.81,
            "reinvestment_rate": null,
            "research_to_sale_ratio": 7.37,
            "price_fair": 986.69,
            "eps_avg_yearly": 28.19,
            "eps_latest_yearly": 6.72,
            "eps_growth_yearly": 38.75
        },
        "20121": {
            "year_quarter": 20121,
            "year": 2012,
            "quarter": 1,
            "eps": 4.45,
            "eps_growth_year": -62.57,
            "eps_4q": 18.87,
            "eps_4q_growth_year": -51.16,
            "roe": 5.74,
            "roe_4q": 24.840000000000003,
            "gross_profit": 297642,
            "gross_margin": 32.04,
            "gross_margin_4q_avg": 38.36,
            "net_income": 189413,
            "revenue": 929012,
            "common_shares": 441255,
            "book_valuer_per_share": 77.51,
            "book_valuer_per_share_4q_avg": 78.16,
            "equity": 3393204,
            "current_ratio": 771.51,
            "debt_ratio": 11.79,
            "inventory_turnover_ratio": 1.99,
            "account_receivable_turnover_ratio": 1.34,
            "reinvestment_rate": null,
            "research_to_sale_ratio": 3.56,
            "price_fair": 950.32,
            "eps_avg_yearly": 27.15,
            "eps_latest_yearly": 17.8,
            "eps_growth_yearly": 100.83
        },
        "20122": {
            "year_quarter": 20122,
            "year": 2012,
            "quarter": 2,
            "eps": 5.23,
            "eps_growth_year": -7.67,
            "eps_4q": 18.21,
            "eps_4q_growth_year": -40.67,
            "roe": 7.21,
            "roe_4q": 24.52,
            "gross_profit": 333874,
            "gross_margin": 30.36,
            "gross_margin_4q_avg": 32.9,
            "net_income": 225294,
            "revenue": 1099701,
            "common_shares": 441255,
            "book_valuer_per_share": 64.59,
            "book_valuer_per_share_4q_avg": 72.38,
            "equity": 2856032,
            "current_ratio": 283.95,
            "debt_ratio": 31,
            "inventory_turnover_ratio": 2.24,
            "account_receivable_turnover_ratio": 1.04,
            "reinvestment_rate": null,
            "research_to_sale_ratio": 3.85,
            "price_fair": 930.49,
            "eps_avg_yearly": 26.59,
            "eps_latest_yearly": 20.92,
            "eps_growth_yearly": 98.04
        },
        "20123": {
            "year_quarter": 20123,
            "year": 2012,
            "quarter": 3,
            "eps": 2.04,
            "eps_growth_year": -70.17,
            "eps_4q": 13.34,
            "eps_4q_growth_year": -54.54,
            "roe": 3.06,
            "roe_4q": 18.11,
            "gross_profit": 192881,
            "gross_margin": 26.57,
            "gross_margin_4q_avg": 29.71,
            "net_income": 88718,
            "revenue": 725830,
            "common_shares": 441255,
            "book_valuer_per_share": 66.62,
            "book_valuer_per_share_4q_avg": 70.45,
            "equity": 2944185,
            "current_ratio": 1178.92,
            "debt_ratio": 9.12,
            "inventory_turnover_ratio": 1.46,
            "account_receivable_turnover_ratio": 0.73,
            "reinvestment_rate": null,
            "research_to_sale_ratio": 4.13,
            "price_fair": 876.75,
            "eps_avg_yearly": 25.05,
            "eps_latest_yearly": 8.16,
            "eps_growth_yearly": 69.54
        },
        "20124": {
            "year_quarter": 20124,
            "year": 2012,
            "quarter": 4,
            "eps": 2.03,
            "eps_growth_year": 20.83,
            "eps_4q": 13.71,
            "eps_4q_growth_year": -42.36,
            "roe": 2.73,
            "roe_4q": 18.740000000000002,
            "gross_profit": 187199,
            "gross_margin": 25.85,
            "gross_margin_4q_avg": 28.71,
            "net_income": 81443,
            "revenue": 724083,
            "common_shares": 441255,
            "book_valuer_per_share": 68.57,
            "book_valuer_per_share_4q_avg": 69.32,
            "equity": 3022357,
            "current_ratio": 784.38,
            "debt_ratio": 13.2,
            "inventory_turnover_ratio": 1.59,
            "account_receivable_turnover_ratio": 0.9,
            "reinvestment_rate": 16.27,
            "research_to_sale_ratio": 4.78,
            "price_fair": 831.17,
            "eps_avg_yearly": 23.75,
            "eps_latest_yearly": 8.12,
            "eps_growth_yearly": 64.04
        },
        "20131": {
            "year_quarter": 20131,
            "year": 2013,
            "quarter": 1,
            "eps": 4.25,
            "eps_growth_year": -4.49,
            "eps_4q": 13.55,
            "eps_4q_growth_year": -28.18,
            "roe": 5.89,
            "roe_4q": 18.89,
            "gross_profit": 230057,
            "gross_margin": 21.89,
            "gross_margin_4q_avg": 26.17,
            "net_income": 183318,
            "revenue": 1051097,
            "common_shares": 441255,
            "book_valuer_per_share": 72.72,
            "book_valuer_per_share_4q_avg": 68.13,
            "equity": 3201000,
            "current_ratio": 690.36,
            "debt_ratio": 14.73,
            "inventory_turnover_ratio": 2.34,
            "account_receivable_turnover_ratio": 1.11,
            "reinvestment_rate": 13.93,
            "research_to_sale_ratio": 2.94,
            "price_fair": 814.3,
            "eps_avg_yearly": 23.27,
            "eps_latest_yearly": 17,
            "eps_growth_yearly": 90.71
        },
        "20132": {
            "year_quarter": 20132,
            "year": 2013,
            "quarter": 2,
            "eps": 2.66,
            "eps_growth_year": -49.1,
            "eps_4q": 9.82,
            "eps_4q_growth_year": -46.04,
            "roe": 4.14,
            "roe_4q": 15.82,
            "gross_profit": 225899,
            "gross_margin": 20.17,
            "gross_margin_4q_avg": 23.62,
            "net_income": 132388,
            "revenue": 1120008,
            "common_shares": 441255,
            "book_valuer_per_share": 71.9,
            "book_valuer_per_share_4q_avg": 69.95,
            "equity": 3193262,
            "current_ratio": 457.8,
            "debt_ratio": 20.06,
            "inventory_turnover_ratio": 2.53,
            "account_receivable_turnover_ratio": 0.94,
            "reinvestment_rate": 16.99,
            "research_to_sale_ratio": 3.02,
            "price_fair": 797.4,
            "eps_avg_yearly": 22.78,
            "eps_latest_yearly": 10.64,
            "eps_growth_yearly": 71.71
        },
        "20133": {
            "year_quarter": 20133,
            "year": 2013,
            "quarter": 3,
            "eps": 1.52,
            "eps_growth_year": -25.52,
            "eps_4q": 9.59,
            "eps_4q_growth_year": -28.13,
            "roe": 2.32,
            "roe_4q": 15.079999999999998,
            "gross_profit": 285781,
            "gross_margin": 25.24,
            "gross_margin_4q_avg": 23.29,
            "net_income": 74983,
            "revenue": 1132350,
            "common_shares": 507443,
            "book_valuer_per_share": 63.99,
            "book_valuer_per_share_4q_avg": 69.3,
            "equity": 3268745,
            "current_ratio": 311.61,
            "debt_ratio": 23.18,
            "inventory_turnover_ratio": 2.55,
            "account_receivable_turnover_ratio": 0.9,
            "reinvestment_rate": 22.14,
            "research_to_sale_ratio": 2.11,
            "price_fair": 774.9,
            "eps_avg_yearly": 22.14,
            "eps_latest_yearly": 6.08,
            "eps_growth_yearly": 63.27
        },
        "20134": {
            "year_quarter": 20134,
            "year": 2013,
            "quarter": 4,
            "eps": 4.37,
            "eps_growth_year": 114.99,
            "eps_4q": 12.21,
            "eps_4q_growth_year": -10.96,
            "roe": 6.48,
            "roe_4q": 18.830000000000002,
            "gross_profit": 353605,
            "gross_margin": 22.86,
            "gross_margin_4q_avg": 22.54,
            "net_income": 218945,
            "revenue": 1547092,
            "common_shares": 507443,
            "book_valuer_per_share": 68.38,
            "book_valuer_per_share_4q_avg": 69.25,
            "equity": 3489063,
            "current_ratio": 273.51,
            "debt_ratio": 28,
            "inventory_turnover_ratio": 3.51,
            "account_receivable_turnover_ratio": 1.03,
            "reinvestment_rate": 31.62,
            "research_to_sale_ratio": 3.16,
            "price_fair": 743.3,
            "eps_avg_yearly": 21.24,
            "eps_latest_yearly": 17.48,
            "eps_growth_yearly": 88.35
        },
        "20141": {
            "year_quarter": 20141,
            "year": 2014,
            "quarter": 1,
            "eps": 7.05,
            "eps_growth_year": 65.88,
            "eps_4q": 15.6,
            "eps_4q_growth_year": 15.1,
            "roe": 9.69,
            "roe_4q": 22.630000000000003,
            "gross_profit": 441500,
            "gross_margin": 22.26,
            "gross_margin_4q_avg": 22.63,
            "net_income": 355067,
            "revenue": 1983294,
            "common_shares": 507443,
            "book_valuer_per_share": 75.41,
            "book_valuer_per_share_4q_avg": 69.92,
            "equity": 3843203,
            "current_ratio": 308.64,
            "debt_ratio": 28.12,
            "inventory_turnover_ratio": 3.3,
            "account_receivable_turnover_ratio": 1.11,
            "reinvestment_rate": 29.5,
            "research_to_sale_ratio": 1.72,
            "price_fair": 759.55,
            "eps_avg_yearly": 21.7,
            "eps_latest_yearly": 28.2,
            "eps_growth_yearly": 98.81
        },
        "20142": {
            "year_quarter": 20142,
            "year": 2014,
            "quarter": 2,
            "eps": 4.07,
            "eps_growth_year": 53.01,
            "eps_4q": 14.86,
            "eps_4q_growth_year": 51.25,
            "roe": 6.44,
            "roe_4q": 24.93,
            "gross_profit": 449925,
            "gross_margin": 20.16,
            "gross_margin_4q_avg": 22.63,
            "net_income": 245577,
            "revenue": 2231411,
            "common_shares": 507443,
            "book_valuer_per_share": 74.27,
            "book_valuer_per_share_4q_avg": 70.51,
            "equity": 3783368,
            "current_ratio": 239.9,
            "debt_ratio": 37.03,
            "inventory_turnover_ratio": 2.87,
            "account_receivable_turnover_ratio": 1.08,
            "reinvestment_rate": 28.08,
            "research_to_sale_ratio": 1.93,
            "price_fair": 747.69,
            "eps_avg_yearly": 21.36,
            "eps_latest_yearly": 16.28,
            "eps_growth_yearly": 82.07
        },
        "20143": {
            "year_quarter": 20143,
            "year": 2014,
            "quarter": 3,
            "eps": 6.15,
            "eps_growth_year": 304.61,
            "eps_4q": 19.74,
            "eps_4q_growth_year": 105.79,
            "roe": 9.05,
            "roe_4q": 31.66,
            "gross_profit": 513883,
            "gross_margin": 21.13,
            "gross_margin_4q_avg": 21.6,
            "net_income": 371934,
            "revenue": 2432194,
            "common_shares": 608931,
            "book_valuer_per_share": 72.6,
            "book_valuer_per_share_4q_avg": 72.67,
            "equity": 4433672,
            "current_ratio": 366.47,
            "debt_ratio": 47.68,
            "inventory_turnover_ratio": 2.16,
            "account_receivable_turnover_ratio": 1,
            "reinvestment_rate": 33.12,
            "research_to_sale_ratio": 1.74,
            "price_fair": 698.51,
            "eps_avg_yearly": 19.96,
            "eps_latest_yearly": 24.6,
            "eps_growth_yearly": 76.19
        },
        "20144": {
            "year_quarter": 20144,
            "year": 2014,
            "quarter": 4,
            "eps": 8.44,
            "eps_growth_year": 93.34,
            "eps_4q": 24.54,
            "eps_4q_growth_year": 101.03,
            "roe": 10.87,
            "roe_4q": 36.050000000000004,
            "gross_profit": 623723,
            "gross_margin": 20.57,
            "gross_margin_4q_avg": 21.03,
            "net_income": 510232,
            "revenue": 3032317,
            "common_shares": 608931,
            "book_valuer_per_share": 81.18,
            "book_valuer_per_share_4q_avg": 75.87,
            "equity": 4952068,
            "current_ratio": 373.53,
            "debt_ratio": 48.16,
            "inventory_turnover_ratio": 1.71,
            "account_receivable_turnover_ratio": 1.04,
            "reinvestment_rate": 52.37,
            "research_to_sale_ratio": 1.91,
            "price_fair": 685.39,
            "eps_avg_yearly": 19.58,
            "eps_latest_yearly": 33.76,
            "eps_growth_yearly": 89.39
        },
        "20151": {
            "year_quarter": 20151,
            "year": 2015,
            "quarter": 1,
            "eps": 5.8,
            "eps_growth_year": -17.73,
            "eps_4q": 24.47,
            "eps_4q_growth_year": 56.92,
            "roe": 6.87,
            "roe_4q": 33.23,
            "gross_profit": 681709,
            "gross_margin": 24.2,
            "gross_margin_4q_avg": 21.52,
            "net_income": 352082,
            "revenue": 2817000,
            "common_shares": 608931,
            "book_valuer_per_share": 86.97,
            "book_valuer_per_share_4q_avg": 78.76,
            "equity": 5303526,
            "current_ratio": 377.47,
            "debt_ratio": 47.74,
            "inventory_turnover_ratio": 1.23,
            "account_receivable_turnover_ratio": 0.85,
            "reinvestment_rate": 54.06,
            "research_to_sale_ratio": 1.45,
            "price_fair": 632.1,
            "eps_avg_yearly": 18.06,
            "eps_latest_yearly": 23.2,
            "eps_growth_yearly": 76.66
        },
        "20152": {
            "year_quarter": 20152,
            "year": 2015,
            "quarter": 2,
            "eps": 6.68,
            "eps_growth_year": 64.13,
            "eps_4q": 27.08,
            "eps_4q_growth_year": 82.22,
            "roe": 8.05,
            "roe_4q": 34.84,
            "gross_profit": 747220,
            "gross_margin": 21.26,
            "gross_margin_4q_avg": 21.79,
            "net_income": 406127,
            "revenue": 3515478,
            "common_shares": 608931,
            "book_valuer_per_share": 78.52,
            "book_valuer_per_share_4q_avg": 79.82,
            "equity": 4787940,
            "current_ratio": 243.76,
            "debt_ratio": 57.55,
            "inventory_turnover_ratio": 1.47,
            "account_receivable_turnover_ratio": 0.95,
            "reinvestment_rate": 49.05,
            "research_to_sale_ratio": 1.26,
            "price_fair": 641.03,
            "eps_avg_yearly": 18.32,
            "eps_latest_yearly": 26.72,
            "eps_growth_yearly": 93.55
        },
        "20153": {
            "year_quarter": 20153,
            "year": 2015,
            "quarter": 3,
            "eps": 15.25,
            "eps_growth_year": 147.97,
            "eps_4q": 36.18,
            "eps_4q_growth_year": 83.3,
            "roe": 17.62,
            "roe_4q": 43.41,
            "gross_profit": 1022436,
            "gross_margin": 22.68,
            "gross_margin_4q_avg": 22.18,
            "net_income": 927568,
            "revenue": 4507929,
            "common_shares": 608931,
            "book_valuer_per_share": 94.13,
            "book_valuer_per_share_4q_avg": 85.2,
            "equity": 5738579,
            "current_ratio": 238.11,
            "debt_ratio": 54.42,
            "inventory_turnover_ratio": 1.81,
            "account_receivable_turnover_ratio": 0.98,
            "reinvestment_rate": 44.18,
            "research_to_sale_ratio": 1.05,
            "price_fair": 714.61,
            "eps_avg_yearly": 20.42,
            "eps_latest_yearly": 61,
            "eps_growth_yearly": 120.42
        },
        "20154": {
            "year_quarter": 20154,
            "year": 2015,
            "quarter": 4,
            "eps": 11.9,
            "eps_growth_year": 40.93,
            "eps_4q": 39.6,
            "eps_4q_growth_year": 61.33,
            "roe": 11.42,
            "roe_4q": 43.96,
            "gross_profit": 1201342,
            "gross_margin": 24.22,
            "gross_margin_4q_avg": 23.09,
            "net_income": 724368,
            "revenue": 4960574,
            "common_shares": 608931,
            "book_valuer_per_share": 106.58,
            "book_valuer_per_share_4q_avg": 91.55,
            "equity": 6949763,
            "current_ratio": 223.61,
            "debt_ratio": 55.02,
            "inventory_turnover_ratio": 1.73,
            "account_receivable_turnover_ratio": 0.92,
            "reinvestment_rate": 46.71,
            "research_to_sale_ratio": 1.2,
            "price_fair": 804.04,
            "eps_avg_yearly": 22.97,
            "eps_latest_yearly": 47.6,
            "eps_growth_yearly": 133.78
        },
        "20161": {
            "year_quarter": 20161,
            "year": 2016,
            "quarter": 1,
            "eps": 10.03,
            "eps_growth_year": 72.93,
            "eps_4q": 43.82,
            "eps_4q_growth_year": 79.07,
            "roe": 8.21,
            "roe_4q": 45.3,
            "gross_profit": 1012214,
            "gross_margin": 22.22,
            "gross_margin_4q_avg": 22.6,
            "net_income": 607759,
            "revenue": 4555779,
            "common_shares": 609821,
            "book_valuer_per_share": 121.38,
            "book_valuer_per_share_4q_avg": 100.15,
            "equity": 7849925,
            "current_ratio": 250.08,
            "debt_ratio": 50.56,
            "inventory_turnover_ratio": 1.51,
            "account_receivable_turnover_ratio": 0.82,
            "reinvestment_rate": 48.88,
            "research_to_sale_ratio": 1,
            "price_fair": 852.86,
            "eps_avg_yearly": 24.37,
            "eps_latest_yearly": 40.12,
            "eps_growth_yearly": 88.63
        },
        "20162": {
            "year_quarter": 20162,
            "year": 2016,
            "quarter": 2,
            "eps": 6.96,
            "eps_growth_year": 4.19,
            "eps_4q": 44.12,
            "eps_4q_growth_year": 62.92,
            "roe": 5.64,
            "roe_4q": 42.89,
            "gross_profit": 949712,
            "gross_margin": 21.86,
            "gross_margin_4q_avg": 22.75,
            "net_income": 420479,
            "revenue": 4344946,
            "common_shares": 609890,
            "book_valuer_per_share": 108.57,
            "book_valuer_per_share_4q_avg": 107.67,
            "equity": 7067902,
            "current_ratio": 213.94,
            "debt_ratio": 65.61,
            "inventory_turnover_ratio": 1.58,
            "account_receivable_turnover_ratio": 0.79,
            "reinvestment_rate": 61.03,
            "research_to_sale_ratio": 1.15,
            "price_fair": 868,
            "eps_avg_yearly": 24.8,
            "eps_latest_yearly": 27.84,
            "eps_growth_yearly": 76.6
        },
        "20163": {
            "year_quarter": 20163,
            "year": 2016,
            "quarter": 3,
            "eps": 9.19,
            "eps_growth_year": -39.74,
            "eps_4q": 38.08,
            "eps_4q_growth_year": 5.26,
            "roe": 7.56,
            "roe_4q": 32.83,
            "gross_profit": 646375,
            "gross_margin": 20.88,
            "gross_margin_4q_avg": 22.3,
            "net_income": 554345,
            "revenue": 3096211,
            "common_shares": 609890,
            "book_valuer_per_share": 116.31,
            "book_valuer_per_share_4q_avg": 113.21,
            "equity": 7601844,
            "current_ratio": 194.97,
            "debt_ratio": 61.73,
            "inventory_turnover_ratio": 1.1,
            "account_receivable_turnover_ratio": 0.65,
            "reinvestment_rate": 68.14,
            "research_to_sale_ratio": 1.66,
            "price_fair": 930.56,
            "eps_avg_yearly": 26.59,
            "eps_latest_yearly": 36.76,
            "eps_growth_yearly": 99.86
        },
        "20164": {
            "year_quarter": 20164,
            "year": 2016,
            "quarter": 4,
            "eps": 0.23,
            "eps_growth_year": -98.04,
            "eps_4q": 26.41,
            "eps_4q_growth_year": -33.29,
            "roe": 0.13,
            "roe_4q": 21.54,
            "gross_profit": 371955,
            "gross_margin": 13.11,
            "gross_margin_4q_avg": 19.52,
            "net_income": 10081,
            "revenue": 2837472,
            "common_shares": 609890,
            "book_valuer_per_share": 114.67,
            "book_valuer_per_share_4q_avg": 115.23,
            "equity": 7607630,
            "current_ratio": 205.54,
            "debt_ratio": 58.84,
            "inventory_turnover_ratio": 1.08,
            "account_receivable_turnover_ratio": 0.77,
            "reinvestment_rate": 74.53,
            "research_to_sale_ratio": 2.16,
            "price_fair": 914.81,
            "eps_avg_yearly": 26.14,
            "eps_latest_yearly": 0.92,
            "eps_growth_yearly": 75.61
        },
        "20171": {
            "year_quarter": 20171,
            "year": 2017,
            "quarter": 1,
            "eps": 0.64,
            "eps_growth_year": -93.62,
            "eps_4q": 17.02,
            "eps_4q_growth_year": -61.16,
            "roe": 0.33,
            "roe_4q": 13.66,
            "gross_profit": 370732,
            "gross_margin": 16.68,
            "gross_margin_4q_avg": 18.13,
            "net_income": 25199,
            "revenue": 2222801,
            "common_shares": 609890,
            "book_valuer_per_share": 112.86,
            "book_valuer_per_share_4q_avg": 113.1,
            "equity": 7466641,
            "current_ratio": 205.46,
            "debt_ratio": 57.59,
            "inventory_turnover_ratio": 0.9,
            "account_receivable_turnover_ratio": 0.7,
            "reinvestment_rate": 78.43,
            "research_to_sale_ratio": 2.1,
            "price_fair": 883.23,
            "eps_avg_yearly": 25.24,
            "eps_latest_yearly": 2.56,
            "eps_growth_yearly": 92.83
        },
        "20172": {
            "year_quarter": 20172,
            "year": 2017,
            "quarter": 2,
            "eps": 1.9,
            "eps_growth_year": -72.7,
            "eps_4q": 12.05,
            "eps_4q_growth_year": -72.68,
            "roe": 1.56,
            "roe_4q": 9.58,
            "gross_profit": 302860,
            "gross_margin": 13.17,
            "gross_margin_4q_avg": 15.96,
            "net_income": 109564,
            "revenue": 2300005,
            "common_shares": 609890,
            "book_valuer_per_share": 98.79,
            "book_valuer_per_share_4q_avg": 110.66,
            "equity": 6559894,
            "current_ratio": 175.97,
            "debt_ratio": 63.21,
            "inventory_turnover_ratio": 1.02,
            "account_receivable_turnover_ratio": 0.78,
            "reinvestment_rate": 84.58,
            "research_to_sale_ratio": 2.72,
            "price_fair": 876.58,
            "eps_avg_yearly": 25.05,
            "eps_latest_yearly": 7.6,
            "eps_growth_yearly": 151.4
        },
        "20173": {
            "year_quarter": 20173,
            "year": 2017,
            "quarter": 3,
            "eps": 1.41,
            "eps_growth_year": -84.66,
            "eps_4q": 4.22,
            "eps_4q_growth_year": -88.92,
            "roe": 1.24,
            "roe_4q": 3.26,
            "gross_profit": 314157,
            "gross_margin": 12.27,
            "gross_margin_4q_avg": 13.81,
            "net_income": 80893,
            "revenue": 2561095,
            "common_shares": 609890,
            "book_valuer_per_share": 98.67,
            "book_valuer_per_share_4q_avg": 106.25,
            "equity": 6517295,
            "current_ratio": 172.67,
            "debt_ratio": 64.09,
            "inventory_turnover_ratio": 1.13,
            "account_receivable_turnover_ratio": 0.76,
            "reinvestment_rate": 84.7,
            "research_to_sale_ratio": 1.66,
            "price_fair": 875.61,
            "eps_avg_yearly": 25.02,
            "eps_latest_yearly": 5.64,
            "eps_growth_yearly": 155.67
        },
        "20174": {
            "year_quarter": 20174,
            "year": 2017,
            "quarter": 4,
            "eps": -7.46,
            "eps_growth_year": -3289.65,
            "eps_4q": -3.47,
            "eps_4q_growth_year": -113.15,
            "roe": -6.78,
            "roe_4q": -3.65,
            "gross_profit": 219482,
            "gross_margin": 8.47,
            "gross_margin_4q_avg": 12.65,
            "net_income": -448432,
            "revenue": 2592134,
            "common_shares": 609890,
            "book_valuer_per_share": 92.61,
            "book_valuer_per_share_4q_avg": 100.73,
            "equity": 6701416,
            "current_ratio": 159.36,
            "debt_ratio": 65.78,
            "inventory_turnover_ratio": 1.09,
            "account_receivable_turnover_ratio": 0.66,
            "reinvestment_rate": 95.01,
            "research_to_sale_ratio": 2.72,
            "price_fair": 893.2,
            "eps_avg_yearly": 25.52,
            "eps_latest_yearly": 5.64,
            "eps_growth_yearly": 116.05
        },
        "20181": {
            "year_quarter": 20181,
            "year": 2018,
            "quarter": 1,
            "eps": 1.8,
            "eps_growth_year": 181.25,
            "eps_4q": -2.32,
            "eps_4q_growth_year": -113.65,
            "roe": 1.54,
            "roe_4q": -2.44,
            "gross_profit": 279850,
            "gross_margin": 12.48,
            "gross_margin_4q_avg": 11.6,
            "net_income": 104780,
            "revenue": 2242912,
            "common_shares": 609890,
            "book_valuer_per_share": 95.73,
            "book_valuer_per_share_4q_avg": 96.45,
            "equity": 6886315,
            "current_ratio": 260.15,
            "debt_ratio": 66.04,
            "inventory_turnover_ratio": 0.87,
            "account_receivable_turnover_ratio": 0.58,
            "reinvestment_rate": 101.52,
            "research_to_sale_ratio": 1.4,
            "price_fair": 886.5,
            "eps_avg_yearly": 25.33,
            "eps_latest_yearly": 5.64,
            "eps_growth_yearly": 106.82
        },
        "20182": {
            "year_quarter": 20182,
            "year": 2018,
            "quarter": 2,
            "eps": 1.02,
            "eps_growth_year": -46.32,
            "eps_4q": -3.22,
            "eps_4q_growth_year": -126.75,
            "roe": 0.35,
            "roe_4q": -3.6500000000000004,
            "gross_profit": 301850,
            "gross_margin": 12.07,
            "gross_margin_4q_avg": 11.32,
            "net_income": 23500,
            "revenue": 2500170,
            "common_shares": 609890,
            "book_valuer_per_share": 93.76,
            "book_valuer_per_share_4q_avg": 95.19,
            "equity": 6663647,
            "current_ratio": 152.18,
            "debt_ratio": 65.71,
            "inventory_turnover_ratio": 1.09,
            "account_receivable_turnover_ratio": 0.66,
            "reinvestment_rate": 93.16,
            "research_to_sale_ratio": 2.78,
            "price_fair": 856,
            "eps_avg_yearly": 24.46,
            "eps_latest_yearly": 4.08,
            "eps_growth_yearly": 106.51
        },
        "20183": {
            "year_quarter": 20183,
            "year": 2018,
            "quarter": 3,
            "eps": -5.24,
            "eps_growth_year": -471.63,
            "eps_4q": -9.88,
            "eps_4q_growth_year": -334.04,
            "roe": -5.96,
            "roe_4q": -10.850000000000001,
            "gross_profit": 138381,
            "gross_margin": 7.25,
            "gross_margin_4q_avg": 10.07,
            "net_income": -383550,
            "revenue": 1909292,
            "common_shares": 609890,
            "book_valuer_per_share": 86.47,
            "book_valuer_per_share_4q_avg": 92.14,
            "equity": 6214291,
            "current_ratio": 153.81,
            "debt_ratio": 65.47,
            "inventory_turnover_ratio": 0.97,
            "account_receivable_turnover_ratio": 0.51,
            "reinvestment_rate": 98.35,
            "research_to_sale_ratio": 2.21,
            "price_fair": 855.62,
            "eps_avg_yearly": 24.45,
            "eps_latest_yearly": 4.08,
            "eps_growth_yearly": 98.98
        },
        "20184": {
            "year_quarter": 20184,
            "year": 2018,
            "quarter": 4,
            "eps": -13.41,
            "eps_growth_year": null,
            "eps_4q": -15.83,
            "eps_4q_growth_year": null,
            "roe": -17.77,
            "roe_4q": -21.84,
            "gross_profit": 130057,
            "gross_margin": 7.93,
            "gross_margin_4q_avg": 9.93,
            "net_income": -1015789,
            "revenue": 1639817,
            "common_shares": 609890,
            "book_valuer_per_share": 72.43,
            "book_valuer_per_share_4q_avg": 87.1,
            "equity": 5219954,
            "current_ratio": 142.56,
            "debt_ratio": 68.3,
            "inventory_turnover_ratio": 0.88,
            "account_receivable_turnover_ratio": 0.49,
            "reinvestment_rate": 99.97,
            "research_to_sale_ratio": 4.57,
            "price_fair": 828.45,
            "eps_avg_yearly": 23.67,
            "eps_latest_yearly": 4.08,
            "eps_growth_yearly": 94.82
        },
        "20191": {
            "year_quarter": 20191,
            "year": 2019,
            "quarter": 1,
            "eps": 3.58,
            "eps_growth_year": 98.89,
            "eps_4q": -14.05,
            "eps_4q_growth_year": null,
            "roe": 3.44,
            "roe_4q": -19.939999999999998,
            "gross_profit": 271503,
            "gross_margin": 12.83,
            "gross_margin_4q_avg": 10.02,
            "net_income": 183239,
            "revenue": 2116046,
            "common_shares": 609890,
            "book_valuer_per_share": 76.23,
            "book_valuer_per_share_4q_avg": 82.22,
            "equity": 5419904,
            "current_ratio": 151.68,
            "debt_ratio": 70.37,
            "inventory_turnover_ratio": 1.17,
            "account_receivable_turnover_ratio": 0.65,
            "reinvestment_rate": 108.6,
            "research_to_sale_ratio": 2.06,
            "price_fair": 829.95,
            "eps_avg_yearly": 23.71,
            "eps_latest_yearly": 4.08,
            "eps_growth_yearly": 114.81
        },
        "20192": {
            "year_quarter": 20192,
            "year": 2019,
            "quarter": 2,
            "eps": -0.45,
            "eps_growth_year": -144.12,
            "eps_4q": -14.87,
            "eps_4q_growth_year": null,
            "roe": -1.35,
            "roe_4q": -21.64,
            "gross_profit": 294925,
            "gross_margin": 14.06,
            "gross_margin_4q_avg": 10.52,
            "net_income": -74297,
            "revenue": 2097157,
            "common_shares": 636750,
            "book_valuer_per_share": 76.2,
            "book_valuer_per_share_4q_avg": 77.83,
            "equity": 5574905,
            "current_ratio": 177.12,
            "debt_ratio": 62.91,
            "inventory_turnover_ratio": 1.24,
            "account_receivable_turnover_ratio": 0.6,
            "reinvestment_rate": 110.86,
            "research_to_sale_ratio": 2.8,
            "price_fair": 819.42,
            "eps_avg_yearly": 23.41,
            "eps_latest_yearly": 4.08,
            "eps_growth_yearly": 120.22
        },
        "20193": {
            "year_quarter": 20193,
            "year": 2019,
            "quarter": 3,
            "eps": 1.31,
            "eps_growth_year": null,
            "eps_4q": -8.54,
            "eps_4q_growth_year": null,
            "roe": 0.34,
            "roe_4q": -15.34,
            "gross_profit": 228116,
            "gross_margin": 12.99,
            "gross_margin_4q_avg": 11.95,
            "net_income": 18931,
            "revenue": 1755951,
            "common_shares": 636750,
            "book_valuer_per_share": 76.74,
            "book_valuer_per_share_4q_avg": 75.4,
            "equity": 5517840,
            "current_ratio": 223.79,
            "debt_ratio": 57.37,
            "inventory_turnover_ratio": 1.14,
            "account_receivable_turnover_ratio": 0.55,
            "reinvestment_rate": 164.69,
            "research_to_sale_ratio": 3.06,
            "price_fair": 673.24,
            "eps_avg_yearly": 19.24,
            "eps_latest_yearly": 4.08,
            "eps_growth_yearly": 76.56
        },
        "20194": {
            "year_quarter": 20194,
            "year": 2019,
            "quarter": 4,
            "eps": -1.3,
            "eps_growth_year": null,
            "eps_4q": 3,
            "eps_4q_growth_year": null,
            "roe": -2.62,
            "roe_4q": -0.1900000000000004,
            "gross_profit": 201917,
            "gross_margin": 10.59,
            "gross_margin_4q_avg": 12.62,
            "net_income": -142329,
            "revenue": 1906772,
            "common_shares": 636750,
            "book_valuer_per_share": 75.22,
            "book_valuer_per_share_4q_avg": 76.1,
            "equity": 5359367,
            "current_ratio": 226.54,
            "debt_ratio": 56.58,
            "inventory_turnover_ratio": 1.23,
            "account_receivable_turnover_ratio": 0.7,
            "reinvestment_rate": 281.31,
            "research_to_sale_ratio": 3.57,
            "price_fair": 549.15,
            "eps_avg_yearly": 15.69,
            "eps_latest_yearly": 4.08,
            "eps_growth_yearly": 97.12
        },
        "20201": {
            "year_quarter": 20201,
            "year": 2020,
            "quarter": 1,
            "eps": -0.89,
            "eps_growth_year": -124.86,
            "eps_4q": -1.32,
            "eps_4q_growth_year": null,
            "roe": -1.61,
            "roe_4q": -5.24,
            "gross_profit": 212509,
            "gross_margin": 11.31,
            "gross_margin_4q_avg": 12.24,
            "net_income": -84916,
            "revenue": 1878654,
            "common_shares": 636750,
            "book_valuer_per_share": 72.52,
            "book_valuer_per_share_4q_avg": 75.17,
            "equity": 5160308,
            "current_ratio": 133.54,
            "debt_ratio": 59.31,
            "inventory_turnover_ratio": 1.07,
            "account_receivable_turnover_ratio": 0.73,
            "reinvestment_rate": null,
            "research_to_sale_ratio": 3.08,
            "price_fair": 427,
            "eps_avg_yearly": 12.2,
            "eps_latest_yearly": 4.08,
            "eps_growth_yearly": 119.97
        },
        "20202": {
            "year_quarter": 20202,
            "year": 2020,
            "quarter": 2,
            "eps": -0.89,
            "eps_growth_year": null,
            "eps_4q": -1.77,
            "eps_4q_growth_year": null,
            "roe": -2.6,
            "roe_4q": -6.49,
            "gross_profit": 181627,
            "gross_margin": 10.15,
            "gross_margin_4q_avg": 11.26,
            "net_income": -130650,
            "revenue": 1789327,
            "common_shares": 636750,
            "book_valuer_per_share": 69.64,
            "book_valuer_per_share_4q_avg": 73.53,
            "equity": 4902730,
            "current_ratio": 127.18,
            "debt_ratio": 60.36,
            "inventory_turnover_ratio": 1.04,
            "account_receivable_turnover_ratio": 0.72,
            "reinvestment_rate": null,
            "research_to_sale_ratio": 4.17,
            "price_fair": 335.77,
            "eps_avg_yearly": 9.59,
            "eps_latest_yearly": 4.08,
            "eps_growth_yearly": 160.37
        },
        "20203": {
            "year_quarter": 20203,
            "year": 2020,
            "quarter": 3,
            "eps": 4.02,
            "eps_growth_year": 206.87,
            "eps_4q": 0.94,
            "eps_4q_growth_year": null,
            "roe": 4.6,
            "roe_4q": -2.2300000000000004,
            "gross_profit": 447397,
            "gross_margin": 16.45,
            "gross_margin_4q_avg": 12.13,
            "net_income": 231179,
            "revenue": 2719232,
            "common_shares": 636750,
            "book_valuer_per_share": 73.86,
            "book_valuer_per_share_4q_avg": 72.81,
            "equity": 5146828,
            "current_ratio": 133.81,
            "debt_ratio": 58.14,
            "inventory_turnover_ratio": 1.48,
            "account_receivable_turnover_ratio": 1.12,
            "reinvestment_rate": null,
            "research_to_sale_ratio": 2.26,
            "price_fair": 145.6,
            "eps_avg_yearly": 4.16,
            "eps_latest_yearly": 4.08,
            "eps_growth_yearly": 166.81
        },
        "20204": {
            "year_quarter": 20204,
            "year": 2020,
            "quarter": 4,
            "eps": 0.91,
            "eps_growth_year": null,
            "eps_4q": 3.07,
            "eps_4q_growth_year": 2.39,
            "roe": 0.96,
            "roe_4q": 1.3499999999999994,
            "gross_profit": 213102,
            "gross_margin": 8.71,
            "gross_margin_4q_avg": 11.66,
            "net_income": 52511,
            "revenue": 2447622,
            "common_shares": 658830,
            "book_valuer_per_share": 81.32,
            "book_valuer_per_share_4q_avg": 74.34,
            "equity": 5790656,
            "current_ratio": 136.17,
            "debt_ratio": 56.13,
            "inventory_turnover_ratio": 1.27,
            "account_receivable_turnover_ratio": 0.99,
            "reinvestment_rate": null,
            "research_to_sale_ratio": 2.73,
            "price_fair": 164.64,
            "eps_avg_yearly": 4.7,
            "eps_latest_yearly": 3.64,
            "eps_growth_yearly": 182.92
        },
        "20211": {
            "year_quarter": 20211,
            "year": 2021,
            "quarter": 1,
            "eps": 0.67,
            "eps_growth_year": null,
            "eps_4q": 4.61,
            "eps_4q_growth_year": null,
            "roe": 0.37,
            "roe_4q": 3.3299999999999996,
            "gross_profit": 257178,
            "gross_margin": 12.26,
            "gross_margin_4q_avg": 11.89,
            "net_income": 22034,
            "revenue": 2098068,
            "common_shares": 658830,
            "book_valuer_per_share": 83.9,
            "book_valuer_per_share_4q_avg": 77.18,
            "equity": 6125251,
            "current_ratio": 164.94,
            "debt_ratio": 51,
            "inventory_turnover_ratio": 1.13,
            "account_receivable_turnover_ratio": 0.9,
            "reinvestment_rate": null,
            "research_to_sale_ratio": 3.01,
            "price_fair": 138.12,
            "eps_avg_yearly": 4.73,
            "eps_latest_yearly": 2.68,
            "eps_growth_yearly": 19.21
        },
        "20212": {
            "year_quarter": 20212,
            "year": 2021,
            "quarter": 2,
            "eps": -1.47,
            "eps_growth_year": null,
            "eps_4q": 3.46,
            "eps_4q_growth_year": null,
            "roe": -1.68,
            "roe_4q": 4.25,
            "gross_profit": 158865,
            "gross_margin": 8.44,
            "gross_margin_4q_avg": 11.47,
            "net_income": -112874,
            "revenue": 1881871,
            "common_shares": 758834,
            "book_valuer_per_share": 88.52,
            "book_valuer_per_share_4q_avg": 81.9,
            "equity": 7293811,
            "current_ratio": 201.16,
            "debt_ratio": 44.86,
            "inventory_turnover_ratio": 1.17,
            "account_receivable_turnover_ratio": 0.9,
            "reinvestment_rate": null,
            "research_to_sale_ratio": 3.42,
            "price_fair": 12.03,
            "eps_avg_yearly": 4.01,
            "eps_latest_yearly": 2.68,
            "eps_growth_yearly": -172.86
        },
        "20213": {
            "year_quarter": 20213,
            "year": 2021,
            "quarter": 3,
            "eps": -1.58,
            "eps_growth_year": -139.3,
            "eps_4q": -1.48,
            "eps_4q_growth_year": -257.45,
            "roe": -1.58,
            "roe_4q": -1.9299999999999997,
            "gross_profit": 116551,
            "gross_margin": 7.06,
            "gross_margin_4q_avg": 9.12,
            "net_income": -113825,
            "revenue": 1651668,
            "common_shares": 758834,
            "book_valuer_per_share": 86.14,
            "book_valuer_per_share_4q_avg": 84.97,
            "equity": 7120544,
            "current_ratio": 189.93,
            "debt_ratio": 43.56,
            "inventory_turnover_ratio": 1.1,
            "account_receivable_turnover_ratio": 0.85,
            "reinvestment_rate": null,
            "research_to_sale_ratio": 5.03,
            "price_fair": 10.4,
            "eps_avg_yearly": 3.47,
            "eps_latest_yearly": 2.68,
            "eps_growth_yearly": -196.09
        },
        "20214": {
            "year_quarter": 20214,
            "year": 2021,
            "quarter": 4,
            "eps": -2.7,
            "eps_growth_year": -395.8,
            "eps_4q": -4.95,
            "eps_4q_growth_year": -260.94,
            "roe": -3.41,
            "roe_4q": -6.3,
            "gross_profit": 44229,
            "gross_margin": 2.21,
            "gross_margin_4q_avg": 7.49,
            "net_income": -241213,
            "revenue": 2000845,
            "common_shares": 758834,
            "book_valuer_per_share": 84.46,
            "book_valuer_per_share_4q_avg": 85.76,
            "equity": 7010579,
            "current_ratio": 200.84,
            "debt_ratio": 43.44,
            "inventory_turnover_ratio": 1.54,
            "account_receivable_turnover_ratio": 1.26,
            "reinvestment_rate": null,
            "research_to_sale_ratio": 4.29,
            "price_fair": 10.4,
            "eps_avg_yearly": 3.47,
            "eps_latest_yearly": 2.68,
            "eps_growth_yearly": -196.09
        },
        "20221": {
            "year_quarter": 20221,
            "year": 2022,
            "quarter": 1,
            "eps": 0.66,
            "eps_growth_year": -1.49,
            "eps_4q": -4.86,
            "eps_4q_growth_year": -205.52,
            "roe": 0.69,
            "roe_4q": -5.98,
            "gross_profit": 151870,
            "gross_margin": 9.83,
            "gross_margin_4q_avg": 6.89,
            "net_income": 49572,
            "revenue": 1545151,
            "common_shares": 758834,
            "book_valuer_per_share": 85.77,
            "book_valuer_per_share_4q_avg": 86.22,
            "equity": 7355840,
            "current_ratio": 179.5,
            "debt_ratio": 44.43,
            "inventory_turnover_ratio": 1.08,
            "account_receivable_turnover_ratio": 1.08,
            "reinvestment_rate": null,
            "research_to_sale_ratio": 3.96,
            "price_fair": 10.4,
            "eps_avg_yearly": 3.47,
            "eps_latest_yearly": 2.68,
            "eps_growth_yearly": -196.09
        },
        "20222": {
            "year_quarter": 20222,
            "year": 2022,
            "quarter": 2,
            "eps": -0.88,
            "eps_growth_year": null,
            "eps_4q": -4.48,
            "eps_4q_growth_year": -229.57,
            "roe": -0.79,
            "roe_4q": -5.09,
            "gross_profit": 207127,
            "gross_margin": 12.32,
            "gross_margin_4q_avg": 7.86,
            "net_income": -57006,
            "revenue": 1680590,
            "common_shares": 758834,
            "book_valuer_per_share": 82.7,
            "book_valuer_per_share_4q_avg": 84.77,
            "equity": 7134354,
            "current_ratio": 183.1,
            "debt_ratio": 42.89,
            "inventory_turnover_ratio": 1.2,
            "account_receivable_turnover_ratio": 1.01,
            "reinvestment_rate": null,
            "research_to_sale_ratio": 5.68,
            "price_fair": 9.48,
            "eps_avg_yearly": 3.16,
            "eps_latest_yearly": 2.68,
            "eps_growth_yearly": -207.47
        },
        "20223": {
            "year_quarter": 20223,
            "year": 2022,
            "quarter": 3,
            "eps": -2,
            "eps_growth_year": null,
            "eps_4q": -4.12,
            "eps_4q_growth_year": null,
            "roe": -2,
            "roe_4q": -5.51,
            "gross_profit": 118676,
            "gross_margin": 8.46,
            "gross_margin_4q_avg": 8.21,
            "net_income": -159821,
            "revenue": 1402314,
            "common_shares": 918834,
            "book_valuer_per_share": 86.65,
            "book_valuer_per_share_4q_avg": 84.9,
            "equity": 8833338,
            "current_ratio": 249.09,
            "debt_ratio": 31.68,
            "inventory_turnover_ratio": 1.21,
            "account_receivable_turnover_ratio": 0.83,
            "reinvestment_rate": null,
            "research_to_sale_ratio": 5.48,
            "price_fair": 9.48,
            "eps_avg_yearly": 3.16,
            "eps_latest_yearly": 2.68,
            "eps_growth_yearly": -207.47
        },
        "20224": {
            "year_quarter": 20224,
            "year": 2022,
            "quarter": 4,
            "eps": -3.49,
            "eps_growth_year": null,
            "eps_4q": -5.39,
            "eps_4q_growth_year": null,
            "roe": -4.66,
            "roe_4q": -6.76,
            "gross_profit": 15739,
            "gross_margin": 1.53,
            "gross_margin_4q_avg": 8.04,
            "net_income": -404776,
            "revenue": 1026790,
            "common_shares": 918834,
            "book_valuer_per_share": 82.58,
            "book_valuer_per_share_4q_avg": 84.43,
            "equity": 8531551,
            "current_ratio": 257.21,
            "debt_ratio": 30.14,
            "inventory_turnover_ratio": 1.01,
            "account_receivable_turnover_ratio": 0.82,
            "reinvestment_rate": null,
            "research_to_sale_ratio": 7.02,
            "price_fair": 9.48,
            "eps_avg_yearly": 3.16,
            "eps_latest_yearly": 2.68,
            "eps_growth_yearly": -207.47
        },
        "20231": {
            "year_quarter": 20231,
            "year": 2023,
            "quarter": 1,
            "eps": -1.93,
            "eps_growth_year": -392.42,
            "eps_4q": -7.86,
            "eps_4q_growth_year": null,
            "roe": -3.31,
            "roe_4q": -10.760000000000002,
            "gross_profit": -76678,
            "gross_margin": -9.88,
            "gross_margin_4q_avg": 3.11,
            "net_income": -277688,
            "revenue": 776018,
            "common_shares": 918834,
            "book_valuer_per_share": 80.7,
            "book_valuer_per_share_4q_avg": 83.16,
            "equity": 8265409,
            "current_ratio": 306.74,
            "debt_ratio": 26.17,
            "inventory_turnover_ratio": 0.84,
            "account_receivable_turnover_ratio": 0.98,
            "reinvestment_rate": null,
            "research_to_sale_ratio": 7.82,
            "price_fair": 9.48,
            "eps_avg_yearly": 3.16,
            "eps_latest_yearly": 2.68,
            "eps_growth_yearly": -207.47
        },
        "20232": {
            "year_quarter": 20232,
            "year": 2023,
            "quarter": 2,
            "eps": -1.89,
            "eps_growth_year": null,
            "eps_4q": -9.02,
            "eps_4q_growth_year": null,
            "roe": -3.39,
            "roe_4q": -13.36,
            "gross_profit": -50835,
            "gross_margin": -9.13,
            "gross_margin_4q_avg": -2.26,
            "net_income": -278696,
            "revenue": 556951,
            "common_shares": 918834,
            "book_valuer_per_share": 78.03,
            "book_valuer_per_share_4q_avg": 81.99,
            "equity": 8193040,
            "current_ratio": 355.27,
            "debt_ratio": 26.36,
            "inventory_turnover_ratio": 0.67,
            "account_receivable_turnover_ratio": 0.9,
            "reinvestment_rate": null,
            "research_to_sale_ratio": 14.27,
            "price_fair": 9.48,
            "eps_avg_yearly": 3.16,
            "eps_latest_yearly": 2.68,
            "eps_growth_yearly": -207.47
        }
    },
    "months": {
        "2009-10": {
            "month": "2009-10",
            "price": "226.14",
            "revenue": 102176
        },
        "2009-11": {
            "month": "2009-11",
            "price": "282.90",
            "revenue": 105587
        },
        "2009-12": {
            "month": "2009-12",
            "price": "415.75",
            "revenue": 148602
        },
        "2010-01": {
            "month": "2010-01",
            "price": "465.00",
            "revenue": 153507
        },
        "2010-02": {
            "month": "2010-02",
            "price": "420.09",
            "revenue": 135701
        },
        "2010-03": {
            "month": "2010-03",
            "price": "574.18",
            "revenue": 155317
        },
        "2010-04": {
            "month": "2010-04",
            "price": "714.44",
            "revenue": 157134
        },
        "2010-05": {
            "month": "2010-05",
            "price": "700.69",
            "revenue": 170360
        },
        "2010-06": {
            "month": "2010-06",
            "price": "500.10",
            "revenue": 206371
        },
        "2010-07": {
            "month": "2010-07",
            "price": "515.85",
            "revenue": 246416
        },
        "2010-08": {
            "month": "2010-08",
            "price": "652.32",
            "revenue": 257025
        },
        "2010-09": {
            "month": "2010-09",
            "price": "680.91",
            "revenue": 272049
        },
        "2010-10": {
            "month": "2010-10",
            "price": "646.97",
            "revenue": 291078
        },
        "2010-11": {
            "month": "2010-11",
            "price": "712.56",
            "revenue": 316661
        },
        "2010-12": {
            "month": "2010-12",
            "price": "804.04",
            "revenue": 315833
        },
        "2011-01": {
            "month": "2011-01",
            "price": "771.55",
            "revenue": 333779
        },
        "2011-02": {
            "month": "2011-02",
            "price": "835.36",
            "revenue": 265971
        },
        "2011-03": {
            "month": "2011-03",
            "price": "793.78",
            "revenue": 338587
        },
        "2011-04": {
            "month": "2011-04",
            "price": "784.74",
            "revenue": 304944
        },
        "2011-05": {
            "month": "2011-05",
            "price": "650.95",
            "revenue": 169617
        },
        "2011-06": {
            "month": "2011-06",
            "price": "566.19",
            "revenue": 200816
        },
        "2011-07": {
            "month": "2011-07",
            "price": "585.90",
            "revenue": 303295
        },
        "2011-08": {
            "month": "2011-08",
            "price": "465.65",
            "revenue": 344651
        },
        "2011-09": {
            "month": "2011-09",
            "price": "374.24",
            "revenue": 280516
        },
        "2011-10": {
            "month": "2011-10",
            "price": "322.90",
            "revenue": 186343
        },
        "2011-11": {
            "month": "2011-11",
            "price": "257.61",
            "revenue": 144990
        },
        "2011-12": {
            "month": "2011-12",
            "price": "222.45",
            "revenue": 181875
        },
        "2012-01": {
            "month": "2012-01",
            "price": "278.17",
            "revenue": 268335
        },
        "2012-02": {
            "month": "2012-02",
            "price": "353.92",
            "revenue": 294150
        },
        "2012-03": {
            "month": "2012-03",
            "price": "330.46",
            "revenue": 357956
        },
        "2012-04": {
            "month": "2012-04",
            "price": "292.60",
            "revenue": 366252
        },
        "2012-05": {
            "month": "2012-05",
            "price": "322.77",
            "revenue": 386606
        },
        "2012-06": {
            "month": "2012-06",
            "price": "336.98",
            "revenue": 361021
        },
        "2012-07": {
            "month": "2012-07",
            "price": "280.27",
            "revenue": 307979
        },
        "2012-08": {
            "month": "2012-08",
            "price": "246.52",
            "revenue": 233859
        },
        "2012-09": {
            "month": "2012-09",
            "price": "261.52",
            "revenue": 182428
        },
        "2012-10": {
            "month": "2012-10",
            "price": "231.57",
            "revenue": 257849
        },
        "2012-11": {
            "month": "2012-11",
            "price": "224.43",
            "revenue": 276066
        },
        "2012-12": {
            "month": "2012-12",
            "price": "240.52",
            "revenue": 181541
        },
        "2013-01": {
            "month": "2013-01",
            "price": "287.09",
            "revenue": 387251
        },
        "2013-02": {
            "month": "2013-02",
            "price": "296.04",
            "revenue": 318287
        },
        "2013-03": {
            "month": "2013-03",
            "price": "278.21",
            "revenue": 346275
        },
        "2013-04": {
            "month": "2013-04",
            "price": "234.10",
            "revenue": 397057
        },
        "2013-05": {
            "month": "2013-05",
            "price": "265.14",
            "revenue": 394451
        },
        "2013-06": {
            "month": "2013-06",
            "price": "242.89",
            "revenue": 327586
        },
        "2013-07": {
            "month": "2013-07",
            "price": "237.04",
            "revenue": 356877
        },
        "2013-08": {
            "month": "2013-08",
            "price": "230.98",
            "revenue": 367218
        },
        "2013-09": {
            "month": "2013-09",
            "price": "241.10",
            "revenue": 407737
        },
        "2013-10": {
            "month": "2013-10",
            "price": "297.75",
            "revenue": 449269
        },
        "2013-11": {
            "month": "2013-11",
            "price": "318.24",
            "revenue": 513720
        },
        "2013-12": {
            "month": "2013-12",
            "price": "383.43",
            "revenue": 582546
        },
        "2014-01": {
            "month": "2014-01",
            "price": "514.39",
            "revenue": 749669
        },
        "2014-02": {
            "month": "2014-02",
            "price": "606.12",
            "revenue": 615231
        },
        "2014-03": {
            "month": "2014-03",
            "price": "723.10",
            "revenue": 627019
        },
        "2014-04": {
            "month": "2014-04",
            "price": "697.00",
            "revenue": 708876
        },
        "2014-05": {
            "month": "2014-05",
            "price": "723.24",
            "revenue": 745570
        },
        "2014-06": {
            "month": "2014-06",
            "price": "697.25",
            "revenue": 778796
        },
        "2014-07": {
            "month": "2014-07",
            "price": "617.36",
            "revenue": 824691
        },
        "2014-08": {
            "month": "2014-08",
            "price": "489.81",
            "revenue": 761748
        },
        "2014-09": {
            "month": "2014-09",
            "price": "552.38",
            "revenue": 861846
        },
        "2014-10": {
            "month": "2014-10",
            "price": "523.75",
            "revenue": 999099
        },
        "2014-11": {
            "month": "2014-11",
            "price": "503.35",
            "revenue": 1002811
        },
        "2014-12": {
            "month": "2014-12",
            "price": "467.33",
            "revenue": 1058817
        },
        "2015-01": {
            "month": "2015-01",
            "price": "478.30",
            "revenue": 1057482
        },
        "2015-02": {
            "month": "2015-02",
            "price": "489.27",
            "revenue": 800039
        },
        "2015-03": {
            "month": "2015-03",
            "price": "505.25",
            "revenue": 965127
        },
        "2015-04": {
            "month": "2015-04",
            "price": "522.95",
            "revenue": 1090160
        },
        "2015-05": {
            "month": "2015-05",
            "price": "542.00",
            "revenue": 1136067
        },
        "2015-06": {
            "month": "2015-06",
            "price": "556.71",
            "revenue": 1303789
        },
        "2015-07": {
            "month": "2015-07",
            "price": "549.32",
            "revenue": 1451377
        },
        "2015-08": {
            "month": "2015-08",
            "price": "484.69",
            "revenue": 1481103
        },
        "2015-09": {
            "month": "2015-09",
            "price": "497.35",
            "revenue": 1588666
        },
        "2015-10": {
            "month": "2015-10",
            "price": "590.81",
            "revenue": 1607643
        },
        "2015-11": {
            "month": "2015-11",
            "price": "628.71",
            "revenue": 1643183
        },
        "2015-12": {
            "month": "2015-12",
            "price": "716.39",
            "revenue": 1723129
        },
        "2016-01": {
            "month": "2016-01",
            "price": "654.90",
            "revenue": 1750462
        },
        "2016-02": {
            "month": "2016-02",
            "price": "652.77",
            "revenue": 1232899
        },
        "2016-03": {
            "month": "2016-03",
            "price": "594.57",
            "revenue": 1570814
        },
        "2016-04": {
            "month": "2016-04",
            "price": "535.16",
            "revenue": 1509623
        },
        "2016-05": {
            "month": "2016-05",
            "price": "533.90",
            "revenue": 1356867
        },
        "2016-06": {
            "month": "2016-06",
            "price": "486.95",
            "revenue": 1471263
        },
        "2016-07": {
            "month": "2016-07",
            "price": "484.10",
            "revenue": 1335450
        },
        "2016-08": {
            "month": "2016-08",
            "price": "416.78",
            "revenue": 954574
        },
        "2016-09": {
            "month": "2016-09",
            "price": "374.34",
            "revenue": 827001
        },
        "2016-10": {
            "month": "2016-10",
            "price": "403.68",
            "revenue": 866943
        },
        "2016-11": {
            "month": "2016-11",
            "price": "359.66",
            "revenue": 1067266
        },
        "2016-12": {
            "month": "2016-12",
            "price": "363.45",
            "revenue": 934892
        },
        "2017-01": {
            "month": "2017-01",
            "price": "353.22",
            "revenue": 852146
        },
        "2017-02": {
            "month": "2017-02",
            "price": "359.39",
            "revenue": 599555
        },
        "2017-03": {
            "month": "2017-03",
            "price": "336.43",
            "revenue": 795893
        },
        "2017-04": {
            "month": "2017-04",
            "price": "261.81",
            "revenue": 668468
        },
        "2017-05": {
            "month": "2017-05",
            "price": "257.78",
            "revenue": 866177
        },
        "2017-06": {
            "month": "2017-06",
            "price": "284.17",
            "revenue": 735073
        },
        "2017-07": {
            "month": "2017-07",
            "price": "274.40",
            "revenue": 785188
        },
        "2017-08": {
            "month": "2017-08",
            "price": "243.98",
            "revenue": 765165
        },
        "2017-09": {
            "month": "2017-09",
            "price": "244.34",
            "revenue": 1002058
        },
        "2017-10": {
            "month": "2017-10",
            "price": "269.97",
            "revenue": 837043
        },
        "2017-11": {
            "month": "2017-11",
            "price": "281.39",
            "revenue": 855524
        },
        "2017-12": {
            "month": "2017-12",
            "price": "256.79",
            "revenue": 862182
        },
        "2018-01": {
            "month": "2018-01",
            "price": "247.84",
            "revenue": 918679
        },
        "2018-02": {
            "month": "2018-02",
            "price": "208.96",
            "revenue": 577735
        },
        "2018-03": {
            "month": "2018-03",
            "price": "202.67",
            "revenue": 760507
        },
        "2018-04": {
            "month": "2018-04",
            "price": "176.83",
            "revenue": 860996
        },
        "2018-05": {
            "month": "2018-05",
            "price": "178.68",
            "revenue": 986929
        },
        "2018-06": {
            "month": "2018-06",
            "price": "171.40",
            "revenue": 643827
        },
        "2018-07": {
            "month": "2018-07",
            "price": "157.18",
            "revenue": 656681
        },
        "2018-08": {
            "month": "2018-08",
            "price": "139.37",
            "revenue": 628641
        },
        "2018-09": {
            "month": "2018-09",
            "price": "131.32",
            "revenue": 614607
        },
        "2018-10": {
            "month": "2018-10",
            "price": "101.92",
            "revenue": 516929
        },
        "2018-11": {
            "month": "2018-11",
            "price": "91.94",
            "revenue": 518325
        },
        "2018-12": {
            "month": "2018-12",
            "price": "91.01",
            "revenue": 609575
        },
        "2019-01": {
            "month": "2019-01",
            "price": "83.21",
            "revenue": 859291
        },
        "2019-02": {
            "month": "2019-02",
            "price": "91.18",
            "revenue": 447656
        },
        "2019-03": {
            "month": "2019-03",
            "price": "89.40",
            "revenue": 810701
        },
        "2019-04": {
            "month": "2019-04",
            "price": "81.74",
            "revenue": 677288
        },
        "2019-05": {
            "month": "2019-05",
            "price": "102.96",
            "revenue": 765182
        },
        "2019-06": {
            "month": "2019-06",
            "price": "113.39",
            "revenue": 657940
        },
        "2019-07": {
            "month": "2019-07",
            "price": "118.50",
            "revenue": 628976
        },
        "2019-08": {
            "month": "2019-08",
            "price": "122.95",
            "revenue": 543667
        },
        "2019-09": {
            "month": "2019-09",
            "price": "112.42",
            "revenue": 601181
        },
        "2019-10": {
            "month": "2019-10",
            "price": "112.98",
            "revenue": 602216
        },
        "2019-11": {
            "month": "2019-11",
            "price": "113.55",
            "revenue": 629887
        },
        "2019-12": {
            "month": "2019-12",
            "price": "116.09",
            "revenue": 665586
        },
        "2020-01": {
            "month": "2020-01",
            "price": "136.50",
            "revenue": 682092
        },
        "2020-02": {
            "month": "2020-02",
            "price": "129.03",
            "revenue": 597332
        },
        "2020-03": {
            "month": "2020-03",
            "price": "95.82",
            "revenue": 596743
        },
        "2020-04": {
            "month": "2020-04",
            "price": "87.77",
            "revenue": 522336
        },
        "2020-05": {
            "month": "2020-05",
            "price": "91.20",
            "revenue": 542049
        },
        "2020-06": {
            "month": "2020-06",
            "price": "90.26",
            "revenue": 719480
        },
        "2020-07": {
            "month": "2020-07",
            "price": "104.23",
            "revenue": 767606
        },
        "2020-08": {
            "month": "2020-08",
            "price": "108.69",
            "revenue": 736340
        },
        "2020-09": {
            "month": "2020-09",
            "price": "129.50",
            "revenue": 1217750
        },
        "2020-10": {
            "month": "2020-10",
            "price": "170.61",
            "revenue": 814595
        },
        "2020-11": {
            "month": "2020-11",
            "price": "191.12",
            "revenue": 789352
        },
        "2020-12": {
            "month": "2020-12",
            "price": "199.30",
            "revenue": 845645
        },
        "2021-01": {
            "month": "2021-01",
            "price": "211.38",
            "revenue": 836248
        },
        "2021-02": {
            "month": "2021-02",
            "price": "181.65",
            "revenue": 598500
        },
        "2021-03": {
            "month": "2021-03",
            "price": "193.23",
            "revenue": 660486
        },
        "2021-04": {
            "month": "2021-04",
            "price": "190.29",
            "revenue": 662185
        },
        "2021-05": {
            "month": "2021-05",
            "price": "150.48",
            "revenue": 598795
        },
        "2021-06": {
            "month": "2021-06",
            "price": "171.38",
            "revenue": 621323
        },
        "2021-07": {
            "month": "2021-07",
            "price": "199.05",
            "revenue": 646407
        },
        "2021-08": {
            "month": "2021-08",
            "price": "189.16",
            "revenue": 553959
        },
        "2021-09": {
            "month": "2021-09",
            "price": "175.70",
            "revenue": 453973
        },
        "2021-10": {
            "month": "2021-10",
            "price": "185.55",
            "revenue": 681361
        },
        "2021-11": {
            "month": "2021-11",
            "price": "189.07",
            "revenue": 612922
        },
        "2021-12": {
            "month": "2021-12",
            "price": "190.57",
            "revenue": 707227
        },
        "2022-01": {
            "month": "2022-01",
            "price": "195.25",
            "revenue": 549379
        },
        "2022-02": {
            "month": "2022-02",
            "price": "177.27",
            "revenue": 494533
        },
        "2022-03": {
            "month": "2022-03",
            "price": "180.30",
            "revenue": 501211
        },
        "2022-04": {
            "month": "2022-04",
            "price": "166.82",
            "revenue": 516415
        },
        "2022-05": {
            "month": "2022-05",
            "price": "142.24",
            "revenue": 509408
        },
        "2022-06": {
            "month": "2022-06",
            "price": "147.60",
            "revenue": 651481
        },
        "2022-07": {
            "month": "2022-07",
            "price": "144.12",
            "revenue": 525134
        },
        "2022-08": {
            "month": "2022-08",
            "price": "148.98",
            "revenue": 401571
        },
        "2022-09": {
            "month": "2022-09",
            "price": "127.10",
            "revenue": 477042
        },
        "2022-10": {
            "month": "2022-10",
            "price": "103.68",
            "revenue": 440836
        },
        "2022-11": {
            "month": "2022-11",
            "price": "105.80",
            "revenue": 449358
        },
        "2022-12": {
            "month": "2022-12",
            "price": "108.23",
            "revenue": 387798
        },
        "2023-01": {
            "month": "2023-01",
            "price": "101.78",
            "revenue": 300611
        },
        "2023-02": {
            "month": "2023-02",
            "price": "109.58",
            "revenue": 228498
        },
        "2023-03": {
            "month": "2023-03",
            "price": "111.89",
            "revenue": 242473
        },
        "2023-04": {
            "month": "2023-04",
            "price": "112.21",
            "revenue": 223225
        },
        "2023-05": {
            "month": "2023-05",
            "price": "102.46",
            "revenue": 159714
        },
        "2023-06": {
            "month": "2023-06",
            "price": "100.74",
            "revenue": 180766
        },
        "2023-07": {
            "month": "2023-07",
            "price": "89.15",
            "revenue": 223871
        },
        "2023-08": {
            "month": "2023-08",
            "price": "81.18",
            "revenue": 176405
        }
    }
}
