{
    "summary": {
        "stock_name": "營邦",
        "stock_id": "3693",
        "category": "電腦及週邊設備",
        "main_business": "產業用電腦及伺服器用機箱類<br>存儲平台類<br>系統平台類",
        "website_url": "http://www.aicipc.com",
        "ceo": "梁順營",
        "pe_ratio": 14,
        "report_year_from": 2009,
        "report_year_to": 2023,
        "age": 14,
        "eps_negative_percentage": 18,
        "eps_growth_avg": {
            "last_all": 12.93,
            "last_2y": 81.09,
            "last_4y": 81.09,
            "last_8y": 12.93,
            "last_12y": null,
            "last_16y": null,
            "last_20y": null,
            "at_2006_last_3y": null,
            "at_2007_last_3y": null,
            "at_2008_last_3y": null,
            "at_2009_last_3y": null,
            "at_2010_last_3y": null,
            "at_2011_last_3y": null,
            "at_2012_last_3y": null,
            "at_2013_last_3y": null,
            "at_2014_last_3y": null,
            "at_2015_last_3y": null,
            "at_2016_last_3y": null,
            "at_2017_last_3y": -38.19,
            "at_2018_last_3y": -56.05,
            "at_2019_last_3y": -80.61,
            "at_2020_last_3y": 0,
            "at_2021_last_3y": 71.63,
            "at_2022_last_3y": 81.09,
            "at_2023_last_3y": 81.09,
            "at_2006_last_all": null,
            "at_2007_last_all": null,
            "at_2008_last_all": null,
            "at_2009_last_all": null,
            "at_2010_last_all": null,
            "at_2011_last_all": null,
            "at_2012_last_all": null,
            "at_2013_last_all": null,
            "at_2014_last_all": null,
            "at_2015_last_all": 4.22,
            "at_2016_last_all": -17.59,
            "at_2017_last_all": -38.19,
            "at_2018_last_all": -38.19,
            "at_2019_last_all": -38.19,
            "at_2020_last_all": -10.55,
            "at_2021_last_all": -1.59,
            "at_2022_last_all": 12.93,
            "at_2023_last_all": 12.93
        },
        "latest_eps": 15.16,
        "latest_price": 214,
        "latest_roe": 29.29,
        "latest_gross_margin": 29.81,
        "latest_equity": 2266416,
        "latest_revenue": 1490325,
        "latest_gross_profit": 444291,
        "latest_net_income": 144478,
        "latest_debt_ratio": 56.69,
        "latest_current_ratio": 155.09,
        "latest_account_receivable_turnover_ratio": 1.39,
        "latest_inventory_turnover_ratio": 0.45,
        "latest_reinvestment_rate": 2.85,
        "latest_research_to_sale_ratio": 4.56
    },
    "eps_dividends": {
        "2001": {
            "cash": 0,
            "stock": 0,
            "eps": 0
        },
        "2002": {
            "cash": 0,
            "stock": 0,
            "eps": 0
        },
        "2003": {
            "cash": 0,
            "stock": 0,
            "eps": 0
        },
        "2004": {
            "cash": 0,
            "stock": 0,
            "eps": 0
        },
        "2005": {
            "cash": 0,
            "stock": 0,
            "eps": 0
        },
        "2006": {
            "cash": 0,
            "stock": 0,
            "eps": 0
        },
        "2007": {
            "cash": 0,
            "stock": 0,
            "eps": 0
        },
        "2008": {
            "cash": 0,
            "stock": 0,
            "eps": 0
        },
        "2009": {
            "cash": 0,
            "stock": 0,
            "eps": 0
        },
        "2010": {
            "cash": 0.35,
            "stock": 0.15,
            "eps": 0
        },
        "2011": {
            "cash": 0.6,
            "stock": 0,
            "eps": 0
        },
        "2012": {
            "cash": 1,
            "stock": 0,
            "eps": 0
        },
        "2013": {
            "cash": 1.5,
            "stock": 0,
            "eps": 8.26
        },
        "2014": {
            "cash": 4.2,
            "stock": 0,
            "eps": 9.53
        },
        "2015": {
            "cash": 5.7,
            "stock": 0,
            "eps": 8.87
        },
        "2016": {
            "cash": 5.3,
            "stock": 0,
            "eps": 3.44
        },
        "2017": {
            "cash": 3,
            "stock": 0,
            "eps": -3.7
        },
        "2018": {
            "cash": 0,
            "stock": 0,
            "eps": -0.21
        },
        "2019": {
            "cash": 0,
            "stock": 0,
            "eps": 0.64
        },
        "2020": {
            "cash": 0,
            "stock": 0,
            "eps": 2.15
        },
        "2021": {
            "cash": 0.7,
            "stock": 0,
            "eps": 3.08
        },
        "2022": {
            "cash": 1.5,
            "stock": 0,
            "eps": 11.83
        },
        "2023": {
            "cash": 6,
            "stock": 0,
            "eps": 3.75
        }
    },
    "dividends": {
        "2010-04-07": {
            "cash": 0.35,
            "stock": 0.15
        },
        "2011-03-29": {
            "cash": 0.6,
            "stock": 0
        },
        "2012-06-14": {
            "cash": 1,
            "stock": 0
        },
        "2013-06-26": {
            "cash": 1.5,
            "stock": 0
        },
        "2014-09-22": {
            "cash": 4.2,
            "stock": 0
        },
        "2015-09-22": {
            "cash": 5.7,
            "stock": 0
        },
        "2016-09-23": {
            "cash": 5.3,
            "stock": 0
        },
        "2017-09-22": {
            "cash": 3,
            "stock": 0
        },
        "2021-10-15": {
            "cash": 0.7,
            "stock": 0
        },
        "2022-09-23": {
            "cash": 1.5,
            "stock": 0
        },
        "2023-03-23": {
            "cash": 6,
            "stock": 0
        }
    },
    "prices": {
        "200101": "無",
        "200102": "無",
        "200103": "無",
        "200104": "無",
        "200105": "無",
        "200106": "無",
        "200107": "無",
        "200108": "無",
        "200109": "無",
        "200110": "無",
        "200111": "無",
        "200112": "無",
        "200201": "無",
        "200202": "無",
        "200203": "無",
        "200204": "無",
        "200205": "無",
        "200206": "無",
        "200207": "無",
        "200208": "無",
        "200209": "無",
        "200210": "無",
        "200211": "無",
        "200212": "無",
        "200301": "無",
        "200302": "無",
        "200303": "無",
        "200304": "無",
        "200305": "無",
        "200306": "無",
        "200307": "無",
        "200308": "無",
        "200309": "無",
        "200310": "無",
        "200311": "無",
        "200312": "無",
        "200401": "無",
        "200402": "無",
        "200403": "無",
        "200404": "無",
        "200405": "無",
        "200406": "無",
        "200407": "無",
        "200408": "無",
        "200409": "無",
        "200410": "無",
        "200411": "無",
        "200412": "無",
        "200501": "無",
        "200502": "無",
        "200503": "無",
        "200504": "無",
        "200505": "無",
        "200506": "無",
        "200507": "無",
        "200508": "無",
        "200509": "無",
        "200510": "無",
        "200511": "無",
        "200512": "無",
        "200601": "無",
        "200602": "無",
        "200603": "無",
        "200604": "無",
        "200605": "無",
        "200606": "無",
        "200607": "無",
        "200608": "無",
        "200609": "無",
        "200610": "無",
        "200611": "無",
        "200612": "無",
        "200701": "無",
        "200702": "無",
        "200703": "無",
        "200704": "無",
        "200705": "無",
        "200706": "無",
        "200707": "無",
        "200708": "無",
        "200709": "無",
        "200710": "無",
        "200711": "無",
        "200712": "無",
        "200801": "無",
        "200802": "無",
        "200803": "無",
        "200804": "無",
        "200805": "無",
        "200806": "無",
        "200807": "無",
        "200808": "無",
        "200809": "無",
        "200810": "無",
        "200811": "無",
        "200812": "無",
        "200901": "無",
        "200902": "無",
        "200903": "無",
        "200904": "無",
        "200905": "無",
        "200906": "無",
        "200907": "無",
        "200908": "無",
        "200909": "無",
        "200910": "無",
        "200911": "無",
        "200912": "無",
        "201001": "無",
        "201002": "無",
        "201003": "無",
        "201004": "無",
        "201005": "25.36",
        "201006": "23.43",
        "201007": "21.19",
        "201008": "22.98",
        "201009": "18.49",
        "201010": "15.78",
        "201011": "18.17",
        "201012": "16.95",
        "201101": "18.06",
        "201102": "18.77",
        "201103": "20.18",
        "201104": "25.45",
        "201105": "32.16",
        "201106": "28.17",
        "201107": "22.63",
        "201108": "21.00",
        "201109": "22.24",
        "201110": "22.10",
        "201111": "20.50",
        "201112": "20.63",
        "201201": "22.30",
        "201202": "25.31",
        "201203": "25.83",
        "201204": "25.93",
        "201205": "24.40",
        "201206": "23.00",
        "201207": "21.62",
        "201208": "22.86",
        "201209": "23.21",
        "201210": "23.11",
        "201211": "23.95",
        "201212": "27.46",
        "201301": "30.46",
        "201302": "32.80",
        "201303": "35.63",
        "201304": "49.09",
        "201305": "58.98",
        "201306": "79.00",
        "201307": "97.56",
        "201308": "111.86",
        "201309": "111.04",
        "201310": "135.11",
        "201311": "136.00",
        "201312": "168.91",
        "201401": "192.28",
        "201402": "188.47",
        "201403": "200.14",
        "201404": "202.45",
        "201405": "177.43",
        "201406": "192.38",
        "201407": "179.70",
        "201408": "183.76",
        "201409": "171.64",
        "201410": "153.14",
        "201411": "132.68",
        "201412": "122.00",
        "201501": "140.60",
        "201502": "147.35",
        "201503": "163.68",
        "201504": "184.52",
        "201505": "156.58",
        "201506": "128.67",
        "201507": "119.61",
        "201508": "101.12",
        "201509": "96.67",
        "201510": "99.18",
        "201511": "117.14",
        "201512": "116.11",
        "201601": "97.70",
        "201602": "94.44",
        "201603": "95.00",
        "201604": "83.35",
        "201605": "72.49",
        "201606": "90.23",
        "201607": "86.29",
        "201608": "75.80",
        "201609": "71.86",
        "201610": "67.50",
        "201611": "61.33",
        "201612": "64.51",
        "201701": "65.99",
        "201702": "65.21",
        "201703": "71.08",
        "201704": "68.17",
        "201705": "64.16",
        "201706": "59.31",
        "201707": "57.37",
        "201708": "56.66",
        "201709": "54.49",
        "201710": "47.44",
        "201711": "43.10",
        "201712": "40.88",
        "201801": "42.99",
        "201802": "39.12",
        "201803": "36.05",
        "201804": "33.03",
        "201805": "31.46",
        "201806": "44.60",
        "201807": "45.58",
        "201808": "44.14",
        "201809": "39.14",
        "201810": "34.13",
        "201811": "31.78",
        "201812": "32.09",
        "201901": "33.81",
        "201902": "37.99",
        "201903": "48.51",
        "201904": "48.17",
        "201905": "40.61",
        "201906": "40.64",
        "201907": "42.58",
        "201908": "43.30",
        "201909": "42.13",
        "201910": "40.38",
        "201911": "36.79",
        "201912": "38.80",
        "202001": "40.85",
        "202002": "38.74",
        "202003": "30.39",
        "202004": "30.55",
        "202005": "47.80",
        "202006": "74.55",
        "202007": "67.54",
        "202008": "62.50",
        "202009": "56.29",
        "202010": "49.28",
        "202011": "49.35",
        "202012": "50.82",
        "202101": "46.09",
        "202102": "42.90",
        "202103": "45.29",
        "202104": "52.73",
        "202105": "42.05",
        "202106": "40.35",
        "202107": "44.26",
        "202108": "40.90",
        "202109": "42.27",
        "202110": "51.28",
        "202111": "51.71",
        "202112": "51.63",
        "202201": "56.82",
        "202202": "54.67",
        "202203": "52.26",
        "202204": "54.94",
        "202205": "46.51",
        "202206": "49.09",
        "202207": "52.24",
        "202208": "61.85",
        "202209": "69.34",
        "202210": "62.62",
        "202211": "72.14",
        "202212": "103.58",
        "202301": "115.76",
        "202302": "128.42",
        "202303": "122.00",
        "202304": "175.65",
        "202305": "192.79"
    },
    "quarters": {
        "20011": {
            "year_quarter": 20011,
            "year": 2001,
            "quarter": 1,
            "eps": null,
            "eps_growth_year": null,
            "eps_4q": null,
            "eps_4q_growth_year": null,
            "roe": null,
            "roe_4q": 0,
            "gross_profit": null,
            "gross_margin": null,
            "gross_margin_4q_avg": 0,
            "net_income": null,
            "revenue": null,
            "common_shares": null,
            "book_valuer_per_share": null,
            "book_valuer_per_share_4q_avg": 0,
            "equity": null,
            "current_ratio": null,
            "debt_ratio": null,
            "inventory_turnover_ratio": null,
            "account_receivable_turnover_ratio": null,
            "reinvestment_rate": null,
            "research_to_sale_ratio": null,
            "price_fair": 0,
            "eps_avg_yearly": 0,
            "eps_latest_yearly": 0,
            "eps_growth_yearly": 0
        },
        "20012": {
            "year_quarter": 20012,
            "year": 2001,
            "quarter": 2,
            "eps": null,
            "eps_growth_year": null,
            "eps_4q": null,
            "eps_4q_growth_year": null,
            "roe": null,
            "roe_4q": 0,
            "gross_profit": null,
            "gross_margin": null,
            "gross_margin_4q_avg": 0,
            "net_income": null,
            "revenue": null,
            "common_shares": null,
            "book_valuer_per_share": null,
            "book_valuer_per_share_4q_avg": 0,
            "equity": null,
            "current_ratio": null,
            "debt_ratio": null,
            "inventory_turnover_ratio": null,
            "account_receivable_turnover_ratio": null,
            "reinvestment_rate": null,
            "research_to_sale_ratio": null,
            "price_fair": 0,
            "eps_avg_yearly": 0,
            "eps_latest_yearly": 0,
            "eps_growth_yearly": 0
        },
        "20013": {
            "year_quarter": 20013,
            "year": 2001,
            "quarter": 3,
            "eps": null,
            "eps_growth_year": null,
            "eps_4q": null,
            "eps_4q_growth_year": null,
            "roe": null,
            "roe_4q": 0,
            "gross_profit": null,
            "gross_margin": null,
            "gross_margin_4q_avg": 0,
            "net_income": null,
            "revenue": null,
            "common_shares": null,
            "book_valuer_per_share": null,
            "book_valuer_per_share_4q_avg": 0,
            "equity": null,
            "current_ratio": null,
            "debt_ratio": null,
            "inventory_turnover_ratio": null,
            "account_receivable_turnover_ratio": null,
            "reinvestment_rate": null,
            "research_to_sale_ratio": null,
            "price_fair": 0,
            "eps_avg_yearly": 0,
            "eps_latest_yearly": 0,
            "eps_growth_yearly": 0
        },
        "20014": {
            "year_quarter": 20014,
            "year": 2001,
            "quarter": 4,
            "eps": null,
            "eps_growth_year": null,
            "eps_4q": null,
            "eps_4q_growth_year": null,
            "roe": null,
            "roe_4q": 0,
            "gross_profit": null,
            "gross_margin": null,
            "gross_margin_4q_avg": 0,
            "net_income": null,
            "revenue": null,
            "common_shares": null,
            "book_valuer_per_share": null,
            "book_valuer_per_share_4q_avg": 0,
            "equity": null,
            "current_ratio": null,
            "debt_ratio": null,
            "inventory_turnover_ratio": null,
            "account_receivable_turnover_ratio": null,
            "reinvestment_rate": null,
            "research_to_sale_ratio": null,
            "price_fair": 0,
            "eps_avg_yearly": 0,
            "eps_latest_yearly": 0,
            "eps_growth_yearly": 0
        },
        "20021": {
            "year_quarter": 20021,
            "year": 2002,
            "quarter": 1,
            "eps": null,
            "eps_growth_year": null,
            "eps_4q": null,
            "eps_4q_growth_year": null,
            "roe": null,
            "roe_4q": 0,
            "gross_profit": null,
            "gross_margin": null,
            "gross_margin_4q_avg": 0,
            "net_income": null,
            "revenue": null,
            "common_shares": null,
            "book_valuer_per_share": null,
            "book_valuer_per_share_4q_avg": 0,
            "equity": null,
            "current_ratio": null,
            "debt_ratio": null,
            "inventory_turnover_ratio": null,
            "account_receivable_turnover_ratio": null,
            "reinvestment_rate": null,
            "research_to_sale_ratio": null,
            "price_fair": 0,
            "eps_avg_yearly": 0,
            "eps_latest_yearly": 0,
            "eps_growth_yearly": 0
        },
        "20022": {
            "year_quarter": 20022,
            "year": 2002,
            "quarter": 2,
            "eps": null,
            "eps_growth_year": null,
            "eps_4q": null,
            "eps_4q_growth_year": null,
            "roe": null,
            "roe_4q": 0,
            "gross_profit": null,
            "gross_margin": null,
            "gross_margin_4q_avg": 0,
            "net_income": null,
            "revenue": null,
            "common_shares": null,
            "book_valuer_per_share": null,
            "book_valuer_per_share_4q_avg": 0,
            "equity": null,
            "current_ratio": null,
            "debt_ratio": null,
            "inventory_turnover_ratio": null,
            "account_receivable_turnover_ratio": null,
            "reinvestment_rate": null,
            "research_to_sale_ratio": null,
            "price_fair": 0,
            "eps_avg_yearly": 0,
            "eps_latest_yearly": 0,
            "eps_growth_yearly": 0
        },
        "20023": {
            "year_quarter": 20023,
            "year": 2002,
            "quarter": 3,
            "eps": null,
            "eps_growth_year": null,
            "eps_4q": null,
            "eps_4q_growth_year": null,
            "roe": null,
            "roe_4q": 0,
            "gross_profit": null,
            "gross_margin": null,
            "gross_margin_4q_avg": 0,
            "net_income": null,
            "revenue": null,
            "common_shares": null,
            "book_valuer_per_share": null,
            "book_valuer_per_share_4q_avg": 0,
            "equity": null,
            "current_ratio": null,
            "debt_ratio": null,
            "inventory_turnover_ratio": null,
            "account_receivable_turnover_ratio": null,
            "reinvestment_rate": null,
            "research_to_sale_ratio": null,
            "price_fair": 0,
            "eps_avg_yearly": 0,
            "eps_latest_yearly": 0,
            "eps_growth_yearly": 0
        },
        "20024": {
            "year_quarter": 20024,
            "year": 2002,
            "quarter": 4,
            "eps": null,
            "eps_growth_year": null,
            "eps_4q": null,
            "eps_4q_growth_year": null,
            "roe": null,
            "roe_4q": 0,
            "gross_profit": null,
            "gross_margin": null,
            "gross_margin_4q_avg": 0,
            "net_income": null,
            "revenue": null,
            "common_shares": null,
            "book_valuer_per_share": null,
            "book_valuer_per_share_4q_avg": 0,
            "equity": null,
            "current_ratio": null,
            "debt_ratio": null,
            "inventory_turnover_ratio": null,
            "account_receivable_turnover_ratio": null,
            "reinvestment_rate": null,
            "research_to_sale_ratio": null,
            "price_fair": 0,
            "eps_avg_yearly": 0,
            "eps_latest_yearly": 0,
            "eps_growth_yearly": 0
        },
        "20031": {
            "year_quarter": 20031,
            "year": 2003,
            "quarter": 1,
            "eps": null,
            "eps_growth_year": null,
            "eps_4q": null,
            "eps_4q_growth_year": null,
            "roe": null,
            "roe_4q": 0,
            "gross_profit": null,
            "gross_margin": null,
            "gross_margin_4q_avg": 0,
            "net_income": null,
            "revenue": null,
            "common_shares": null,
            "book_valuer_per_share": null,
            "book_valuer_per_share_4q_avg": 0,
            "equity": null,
            "current_ratio": null,
            "debt_ratio": null,
            "inventory_turnover_ratio": null,
            "account_receivable_turnover_ratio": null,
            "reinvestment_rate": null,
            "research_to_sale_ratio": null,
            "price_fair": 0,
            "eps_avg_yearly": 0,
            "eps_latest_yearly": 0,
            "eps_growth_yearly": 0
        },
        "20032": {
            "year_quarter": 20032,
            "year": 2003,
            "quarter": 2,
            "eps": null,
            "eps_growth_year": null,
            "eps_4q": null,
            "eps_4q_growth_year": null,
            "roe": null,
            "roe_4q": 0,
            "gross_profit": null,
            "gross_margin": null,
            "gross_margin_4q_avg": 0,
            "net_income": null,
            "revenue": null,
            "common_shares": null,
            "book_valuer_per_share": null,
            "book_valuer_per_share_4q_avg": 0,
            "equity": null,
            "current_ratio": null,
            "debt_ratio": null,
            "inventory_turnover_ratio": null,
            "account_receivable_turnover_ratio": null,
            "reinvestment_rate": null,
            "research_to_sale_ratio": null,
            "price_fair": 0,
            "eps_avg_yearly": 0,
            "eps_latest_yearly": 0,
            "eps_growth_yearly": 0
        },
        "20033": {
            "year_quarter": 20033,
            "year": 2003,
            "quarter": 3,
            "eps": null,
            "eps_growth_year": null,
            "eps_4q": null,
            "eps_4q_growth_year": null,
            "roe": null,
            "roe_4q": 0,
            "gross_profit": null,
            "gross_margin": null,
            "gross_margin_4q_avg": 0,
            "net_income": null,
            "revenue": null,
            "common_shares": null,
            "book_valuer_per_share": null,
            "book_valuer_per_share_4q_avg": 0,
            "equity": null,
            "current_ratio": null,
            "debt_ratio": null,
            "inventory_turnover_ratio": null,
            "account_receivable_turnover_ratio": null,
            "reinvestment_rate": null,
            "research_to_sale_ratio": null,
            "price_fair": 0,
            "eps_avg_yearly": 0,
            "eps_latest_yearly": 0,
            "eps_growth_yearly": 0
        },
        "20034": {
            "year_quarter": 20034,
            "year": 2003,
            "quarter": 4,
            "eps": null,
            "eps_growth_year": null,
            "eps_4q": null,
            "eps_4q_growth_year": null,
            "roe": null,
            "roe_4q": 0,
            "gross_profit": null,
            "gross_margin": null,
            "gross_margin_4q_avg": 0,
            "net_income": null,
            "revenue": null,
            "common_shares": null,
            "book_valuer_per_share": null,
            "book_valuer_per_share_4q_avg": 0,
            "equity": null,
            "current_ratio": null,
            "debt_ratio": null,
            "inventory_turnover_ratio": null,
            "account_receivable_turnover_ratio": null,
            "reinvestment_rate": null,
            "research_to_sale_ratio": null,
            "price_fair": 0,
            "eps_avg_yearly": 0,
            "eps_latest_yearly": 0,
            "eps_growth_yearly": 0
        },
        "20041": {
            "year_quarter": 20041,
            "year": 2004,
            "quarter": 1,
            "eps": null,
            "eps_growth_year": null,
            "eps_4q": null,
            "eps_4q_growth_year": null,
            "roe": null,
            "roe_4q": 0,
            "gross_profit": null,
            "gross_margin": null,
            "gross_margin_4q_avg": 0,
            "net_income": null,
            "revenue": null,
            "common_shares": null,
            "book_valuer_per_share": null,
            "book_valuer_per_share_4q_avg": 0,
            "equity": null,
            "current_ratio": null,
            "debt_ratio": null,
            "inventory_turnover_ratio": null,
            "account_receivable_turnover_ratio": null,
            "reinvestment_rate": null,
            "research_to_sale_ratio": null,
            "price_fair": 0,
            "eps_avg_yearly": 0,
            "eps_latest_yearly": 0,
            "eps_growth_yearly": 0
        },
        "20042": {
            "year_quarter": 20042,
            "year": 2004,
            "quarter": 2,
            "eps": null,
            "eps_growth_year": null,
            "eps_4q": null,
            "eps_4q_growth_year": null,
            "roe": null,
            "roe_4q": 0,
            "gross_profit": null,
            "gross_margin": null,
            "gross_margin_4q_avg": 0,
            "net_income": null,
            "revenue": null,
            "common_shares": null,
            "book_valuer_per_share": null,
            "book_valuer_per_share_4q_avg": 0,
            "equity": null,
            "current_ratio": null,
            "debt_ratio": null,
            "inventory_turnover_ratio": null,
            "account_receivable_turnover_ratio": null,
            "reinvestment_rate": null,
            "research_to_sale_ratio": null,
            "price_fair": 0,
            "eps_avg_yearly": 0,
            "eps_latest_yearly": 0,
            "eps_growth_yearly": 0
        },
        "20043": {
            "year_quarter": 20043,
            "year": 2004,
            "quarter": 3,
            "eps": null,
            "eps_growth_year": null,
            "eps_4q": null,
            "eps_4q_growth_year": null,
            "roe": null,
            "roe_4q": 0,
            "gross_profit": null,
            "gross_margin": null,
            "gross_margin_4q_avg": 0,
            "net_income": null,
            "revenue": null,
            "common_shares": null,
            "book_valuer_per_share": null,
            "book_valuer_per_share_4q_avg": 0,
            "equity": null,
            "current_ratio": null,
            "debt_ratio": null,
            "inventory_turnover_ratio": null,
            "account_receivable_turnover_ratio": null,
            "reinvestment_rate": null,
            "research_to_sale_ratio": null,
            "price_fair": 0,
            "eps_avg_yearly": 0,
            "eps_latest_yearly": 0,
            "eps_growth_yearly": 0
        },
        "20044": {
            "year_quarter": 20044,
            "year": 2004,
            "quarter": 4,
            "eps": null,
            "eps_growth_year": null,
            "eps_4q": null,
            "eps_4q_growth_year": null,
            "roe": null,
            "roe_4q": 0,
            "gross_profit": null,
            "gross_margin": null,
            "gross_margin_4q_avg": 0,
            "net_income": null,
            "revenue": null,
            "common_shares": 100000,
            "book_valuer_per_share": 12.17,
            "book_valuer_per_share_4q_avg": 3.04,
            "equity": 121660,
            "current_ratio": 90.63,
            "debt_ratio": 82.28,
            "inventory_turnover_ratio": null,
            "account_receivable_turnover_ratio": null,
            "reinvestment_rate": null,
            "research_to_sale_ratio": null,
            "price_fair": 0,
            "eps_avg_yearly": 0,
            "eps_latest_yearly": 0,
            "eps_growth_yearly": 0
        },
        "20051": {
            "year_quarter": 20051,
            "year": 2005,
            "quarter": 1,
            "eps": null,
            "eps_growth_year": null,
            "eps_4q": null,
            "eps_4q_growth_year": null,
            "roe": null,
            "roe_4q": 0,
            "gross_profit": null,
            "gross_margin": null,
            "gross_margin_4q_avg": 0,
            "net_income": null,
            "revenue": null,
            "common_shares": null,
            "book_valuer_per_share": null,
            "book_valuer_per_share_4q_avg": 3.04,
            "equity": null,
            "current_ratio": null,
            "debt_ratio": null,
            "inventory_turnover_ratio": null,
            "account_receivable_turnover_ratio": null,
            "reinvestment_rate": null,
            "research_to_sale_ratio": null,
            "price_fair": 0,
            "eps_avg_yearly": 0,
            "eps_latest_yearly": 0,
            "eps_growth_yearly": 0
        },
        "20052": {
            "year_quarter": 20052,
            "year": 2005,
            "quarter": 2,
            "eps": null,
            "eps_growth_year": null,
            "eps_4q": null,
            "eps_4q_growth_year": null,
            "roe": null,
            "roe_4q": 0,
            "gross_profit": null,
            "gross_margin": null,
            "gross_margin_4q_avg": 0,
            "net_income": null,
            "revenue": null,
            "common_shares": null,
            "book_valuer_per_share": null,
            "book_valuer_per_share_4q_avg": 3.04,
            "equity": null,
            "current_ratio": null,
            "debt_ratio": null,
            "inventory_turnover_ratio": null,
            "account_receivable_turnover_ratio": null,
            "reinvestment_rate": null,
            "research_to_sale_ratio": null,
            "price_fair": 0,
            "eps_avg_yearly": 0,
            "eps_latest_yearly": 0,
            "eps_growth_yearly": 0
        },
        "20053": {
            "year_quarter": 20053,
            "year": 2005,
            "quarter": 3,
            "eps": null,
            "eps_growth_year": null,
            "eps_4q": null,
            "eps_4q_growth_year": null,
            "roe": null,
            "roe_4q": 0,
            "gross_profit": null,
            "gross_margin": null,
            "gross_margin_4q_avg": 0,
            "net_income": null,
            "revenue": null,
            "common_shares": null,
            "book_valuer_per_share": null,
            "book_valuer_per_share_4q_avg": 3.04,
            "equity": null,
            "current_ratio": null,
            "debt_ratio": null,
            "inventory_turnover_ratio": null,
            "account_receivable_turnover_ratio": null,
            "reinvestment_rate": null,
            "research_to_sale_ratio": null,
            "price_fair": 0,
            "eps_avg_yearly": 0,
            "eps_latest_yearly": 0,
            "eps_growth_yearly": 0
        },
        "20054": {
            "year_quarter": 20054,
            "year": 2005,
            "quarter": 4,
            "eps": null,
            "eps_growth_year": null,
            "eps_4q": null,
            "eps_4q_growth_year": null,
            "roe": null,
            "roe_4q": 0,
            "gross_profit": null,
            "gross_margin": null,
            "gross_margin_4q_avg": 0,
            "net_income": null,
            "revenue": null,
            "common_shares": 100000,
            "book_valuer_per_share": 12.5,
            "book_valuer_per_share_4q_avg": 3.13,
            "equity": 124971,
            "current_ratio": 89.99,
            "debt_ratio": 82.29,
            "inventory_turnover_ratio": null,
            "account_receivable_turnover_ratio": null,
            "reinvestment_rate": null,
            "research_to_sale_ratio": null,
            "price_fair": 0,
            "eps_avg_yearly": 0,
            "eps_latest_yearly": 0,
            "eps_growth_yearly": 0
        },
        "20061": {
            "year_quarter": 20061,
            "year": 2006,
            "quarter": 1,
            "eps": null,
            "eps_growth_year": null,
            "eps_4q": null,
            "eps_4q_growth_year": null,
            "roe": null,
            "roe_4q": 0,
            "gross_profit": null,
            "gross_margin": null,
            "gross_margin_4q_avg": 0,
            "net_income": null,
            "revenue": null,
            "common_shares": null,
            "book_valuer_per_share": null,
            "book_valuer_per_share_4q_avg": 3.13,
            "equity": null,
            "current_ratio": null,
            "debt_ratio": null,
            "inventory_turnover_ratio": null,
            "account_receivable_turnover_ratio": null,
            "reinvestment_rate": null,
            "research_to_sale_ratio": null,
            "price_fair": 0,
            "eps_avg_yearly": 0,
            "eps_latest_yearly": 0,
            "eps_growth_yearly": 0
        },
        "20062": {
            "year_quarter": 20062,
            "year": 2006,
            "quarter": 2,
            "eps": null,
            "eps_growth_year": null,
            "eps_4q": null,
            "eps_4q_growth_year": null,
            "roe": null,
            "roe_4q": 0,
            "gross_profit": null,
            "gross_margin": null,
            "gross_margin_4q_avg": 0,
            "net_income": null,
            "revenue": null,
            "common_shares": null,
            "book_valuer_per_share": null,
            "book_valuer_per_share_4q_avg": 3.13,
            "equity": null,
            "current_ratio": null,
            "debt_ratio": null,
            "inventory_turnover_ratio": null,
            "account_receivable_turnover_ratio": null,
            "reinvestment_rate": null,
            "research_to_sale_ratio": null,
            "price_fair": 0,
            "eps_avg_yearly": 0,
            "eps_latest_yearly": 0,
            "eps_growth_yearly": 0
        },
        "20063": {
            "year_quarter": 20063,
            "year": 2006,
            "quarter": 3,
            "eps": null,
            "eps_growth_year": null,
            "eps_4q": null,
            "eps_4q_growth_year": null,
            "roe": null,
            "roe_4q": 0,
            "gross_profit": null,
            "gross_margin": null,
            "gross_margin_4q_avg": 0,
            "net_income": null,
            "revenue": null,
            "common_shares": null,
            "book_valuer_per_share": null,
            "book_valuer_per_share_4q_avg": 3.13,
            "equity": null,
            "current_ratio": null,
            "debt_ratio": null,
            "inventory_turnover_ratio": null,
            "account_receivable_turnover_ratio": null,
            "reinvestment_rate": null,
            "research_to_sale_ratio": null,
            "price_fair": 0,
            "eps_avg_yearly": 0,
            "eps_latest_yearly": 0,
            "eps_growth_yearly": 0
        },
        "20064": {
            "year_quarter": 20064,
            "year": 2006,
            "quarter": 4,
            "eps": null,
            "eps_growth_year": null,
            "eps_4q": null,
            "eps_4q_growth_year": null,
            "roe": null,
            "roe_4q": 0,
            "gross_profit": null,
            "gross_margin": null,
            "gross_margin_4q_avg": 0,
            "net_income": null,
            "revenue": null,
            "common_shares": 100000,
            "book_valuer_per_share": 11.49,
            "book_valuer_per_share_4q_avg": 2.87,
            "equity": 114852,
            "current_ratio": 55.06,
            "debt_ratio": 75.21,
            "inventory_turnover_ratio": null,
            "account_receivable_turnover_ratio": null,
            "reinvestment_rate": null,
            "research_to_sale_ratio": null,
            "price_fair": 0,
            "eps_avg_yearly": 0,
            "eps_latest_yearly": 0,
            "eps_growth_yearly": 0
        },
        "20071": {
            "year_quarter": 20071,
            "year": 2007,
            "quarter": 1,
            "eps": null,
            "eps_growth_year": null,
            "eps_4q": null,
            "eps_4q_growth_year": null,
            "roe": null,
            "roe_4q": 0,
            "gross_profit": null,
            "gross_margin": null,
            "gross_margin_4q_avg": 0,
            "net_income": null,
            "revenue": null,
            "common_shares": null,
            "book_valuer_per_share": null,
            "book_valuer_per_share_4q_avg": 2.87,
            "equity": null,
            "current_ratio": null,
            "debt_ratio": null,
            "inventory_turnover_ratio": null,
            "account_receivable_turnover_ratio": null,
            "reinvestment_rate": null,
            "research_to_sale_ratio": null,
            "price_fair": 0,
            "eps_avg_yearly": 0,
            "eps_latest_yearly": 0,
            "eps_growth_yearly": 0
        },
        "20072": {
            "year_quarter": 20072,
            "year": 2007,
            "quarter": 2,
            "eps": null,
            "eps_growth_year": null,
            "eps_4q": null,
            "eps_4q_growth_year": null,
            "roe": null,
            "roe_4q": 0,
            "gross_profit": null,
            "gross_margin": null,
            "gross_margin_4q_avg": 0,
            "net_income": null,
            "revenue": null,
            "common_shares": null,
            "book_valuer_per_share": null,
            "book_valuer_per_share_4q_avg": 2.87,
            "equity": null,
            "current_ratio": null,
            "debt_ratio": null,
            "inventory_turnover_ratio": null,
            "account_receivable_turnover_ratio": null,
            "reinvestment_rate": null,
            "research_to_sale_ratio": null,
            "price_fair": 0,
            "eps_avg_yearly": 0,
            "eps_latest_yearly": 0,
            "eps_growth_yearly": 0
        },
        "20073": {
            "year_quarter": 20073,
            "year": 2007,
            "quarter": 3,
            "eps": null,
            "eps_growth_year": null,
            "eps_4q": null,
            "eps_4q_growth_year": null,
            "roe": null,
            "roe_4q": 0,
            "gross_profit": null,
            "gross_margin": null,
            "gross_margin_4q_avg": 0,
            "net_income": null,
            "revenue": null,
            "common_shares": null,
            "book_valuer_per_share": null,
            "book_valuer_per_share_4q_avg": 2.87,
            "equity": null,
            "current_ratio": null,
            "debt_ratio": null,
            "inventory_turnover_ratio": null,
            "account_receivable_turnover_ratio": null,
            "reinvestment_rate": null,
            "research_to_sale_ratio": null,
            "price_fair": 0,
            "eps_avg_yearly": 0,
            "eps_latest_yearly": 0,
            "eps_growth_yearly": 0
        },
        "20074": {
            "year_quarter": 20074,
            "year": 2007,
            "quarter": 4,
            "eps": null,
            "eps_growth_year": null,
            "eps_4q": null,
            "eps_4q_growth_year": null,
            "roe": null,
            "roe_4q": 0,
            "gross_profit": null,
            "gross_margin": null,
            "gross_margin_4q_avg": 0,
            "net_income": null,
            "revenue": null,
            "common_shares": 100000,
            "book_valuer_per_share": 28.49,
            "book_valuer_per_share_4q_avg": 7.12,
            "equity": 284904,
            "current_ratio": 102.65,
            "debt_ratio": 69.92,
            "inventory_turnover_ratio": null,
            "account_receivable_turnover_ratio": null,
            "reinvestment_rate": null,
            "research_to_sale_ratio": null,
            "price_fair": 0,
            "eps_avg_yearly": 0,
            "eps_latest_yearly": 0,
            "eps_growth_yearly": 0
        },
        "20081": {
            "year_quarter": 20081,
            "year": 2008,
            "quarter": 1,
            "eps": null,
            "eps_growth_year": null,
            "eps_4q": null,
            "eps_4q_growth_year": null,
            "roe": null,
            "roe_4q": 0,
            "gross_profit": null,
            "gross_margin": null,
            "gross_margin_4q_avg": 0,
            "net_income": null,
            "revenue": null,
            "common_shares": null,
            "book_valuer_per_share": null,
            "book_valuer_per_share_4q_avg": 7.12,
            "equity": null,
            "current_ratio": null,
            "debt_ratio": null,
            "inventory_turnover_ratio": null,
            "account_receivable_turnover_ratio": null,
            "reinvestment_rate": null,
            "research_to_sale_ratio": null,
            "price_fair": 0,
            "eps_avg_yearly": 0,
            "eps_latest_yearly": 0,
            "eps_growth_yearly": 0
        },
        "20082": {
            "year_quarter": 20082,
            "year": 2008,
            "quarter": 2,
            "eps": null,
            "eps_growth_year": null,
            "eps_4q": null,
            "eps_4q_growth_year": null,
            "roe": null,
            "roe_4q": 0,
            "gross_profit": null,
            "gross_margin": null,
            "gross_margin_4q_avg": 0,
            "net_income": null,
            "revenue": null,
            "common_shares": null,
            "book_valuer_per_share": null,
            "book_valuer_per_share_4q_avg": 7.12,
            "equity": null,
            "current_ratio": null,
            "debt_ratio": null,
            "inventory_turnover_ratio": null,
            "account_receivable_turnover_ratio": null,
            "reinvestment_rate": null,
            "research_to_sale_ratio": null,
            "price_fair": 0,
            "eps_avg_yearly": 0,
            "eps_latest_yearly": 0,
            "eps_growth_yearly": 0
        },
        "20083": {
            "year_quarter": 20083,
            "year": 2008,
            "quarter": 3,
            "eps": null,
            "eps_growth_year": null,
            "eps_4q": null,
            "eps_4q_growth_year": null,
            "roe": null,
            "roe_4q": 0,
            "gross_profit": null,
            "gross_margin": null,
            "gross_margin_4q_avg": 0,
            "net_income": null,
            "revenue": null,
            "common_shares": null,
            "book_valuer_per_share": null,
            "book_valuer_per_share_4q_avg": 7.12,
            "equity": null,
            "current_ratio": null,
            "debt_ratio": null,
            "inventory_turnover_ratio": null,
            "account_receivable_turnover_ratio": null,
            "reinvestment_rate": null,
            "research_to_sale_ratio": null,
            "price_fair": 0,
            "eps_avg_yearly": 0,
            "eps_latest_yearly": 0,
            "eps_growth_yearly": 0
        },
        "20084": {
            "year_quarter": 20084,
            "year": 2008,
            "quarter": 4,
            "eps": null,
            "eps_growth_year": null,
            "eps_4q": null,
            "eps_4q_growth_year": null,
            "roe": null,
            "roe_4q": 0,
            "gross_profit": null,
            "gross_margin": null,
            "gross_margin_4q_avg": 0,
            "net_income": null,
            "revenue": null,
            "common_shares": 299227,
            "book_valuer_per_share": 20.07,
            "book_valuer_per_share_4q_avg": 5.02,
            "equity": 600598,
            "current_ratio": 171.69,
            "debt_ratio": 43.04,
            "inventory_turnover_ratio": null,
            "account_receivable_turnover_ratio": null,
            "reinvestment_rate": null,
            "research_to_sale_ratio": null,
            "price_fair": 0,
            "eps_avg_yearly": 0,
            "eps_latest_yearly": 0,
            "eps_growth_yearly": 0
        },
        "20091": {
            "year_quarter": 20091,
            "year": 2009,
            "quarter": 1,
            "eps": null,
            "eps_growth_year": null,
            "eps_4q": null,
            "eps_4q_growth_year": null,
            "roe": null,
            "roe_4q": 0,
            "gross_profit": null,
            "gross_margin": null,
            "gross_margin_4q_avg": 0,
            "net_income": null,
            "revenue": null,
            "common_shares": null,
            "book_valuer_per_share": null,
            "book_valuer_per_share_4q_avg": 5.02,
            "equity": null,
            "current_ratio": null,
            "debt_ratio": null,
            "inventory_turnover_ratio": null,
            "account_receivable_turnover_ratio": null,
            "reinvestment_rate": null,
            "research_to_sale_ratio": null,
            "price_fair": 0,
            "eps_avg_yearly": 0,
            "eps_latest_yearly": 0,
            "eps_growth_yearly": 0
        },
        "20092": {
            "year_quarter": 20092,
            "year": 2009,
            "quarter": 2,
            "eps": null,
            "eps_growth_year": null,
            "eps_4q": null,
            "eps_4q_growth_year": null,
            "roe": null,
            "roe_4q": 0,
            "gross_profit": null,
            "gross_margin": null,
            "gross_margin_4q_avg": 0,
            "net_income": null,
            "revenue": null,
            "common_shares": 299227,
            "book_valuer_per_share": null,
            "book_valuer_per_share_4q_avg": 5.02,
            "equity": 588943,
            "current_ratio": null,
            "debt_ratio": null,
            "inventory_turnover_ratio": null,
            "account_receivable_turnover_ratio": null,
            "reinvestment_rate": null,
            "research_to_sale_ratio": null,
            "price_fair": 0,
            "eps_avg_yearly": 0,
            "eps_latest_yearly": 0,
            "eps_growth_yearly": 0
        },
        "20093": {
            "year_quarter": 20093,
            "year": 2009,
            "quarter": 3,
            "eps": null,
            "eps_growth_year": null,
            "eps_4q": null,
            "eps_4q_growth_year": null,
            "roe": null,
            "roe_4q": 0,
            "gross_profit": null,
            "gross_margin": null,
            "gross_margin_4q_avg": 0,
            "net_income": null,
            "revenue": null,
            "common_shares": null,
            "book_valuer_per_share": null,
            "book_valuer_per_share_4q_avg": 5.02,
            "equity": null,
            "current_ratio": null,
            "debt_ratio": null,
            "inventory_turnover_ratio": null,
            "account_receivable_turnover_ratio": null,
            "reinvestment_rate": null,
            "research_to_sale_ratio": null,
            "price_fair": 0,
            "eps_avg_yearly": 0,
            "eps_latest_yearly": 0,
            "eps_growth_yearly": 0
        },
        "20094": {
            "year_quarter": 20094,
            "year": 2009,
            "quarter": 4,
            "eps": null,
            "eps_growth_year": null,
            "eps_4q": null,
            "eps_4q_growth_year": null,
            "roe": null,
            "roe_4q": 0,
            "gross_profit": null,
            "gross_margin": null,
            "gross_margin_4q_avg": 0,
            "net_income": null,
            "revenue": null,
            "common_shares": 333150,
            "book_valuer_per_share": 18.03,
            "book_valuer_per_share_4q_avg": 4.51,
            "equity": 600702,
            "current_ratio": 160.11,
            "debt_ratio": 47.63,
            "inventory_turnover_ratio": null,
            "account_receivable_turnover_ratio": null,
            "reinvestment_rate": null,
            "research_to_sale_ratio": null,
            "price_fair": 0,
            "eps_avg_yearly": 0,
            "eps_latest_yearly": 0,
            "eps_growth_yearly": 0
        },
        "20101": {
            "year_quarter": 20101,
            "year": 2010,
            "quarter": 1,
            "eps": null,
            "eps_growth_year": null,
            "eps_4q": null,
            "eps_4q_growth_year": null,
            "roe": null,
            "roe_4q": 0,
            "gross_profit": null,
            "gross_margin": null,
            "gross_margin_4q_avg": 0,
            "net_income": null,
            "revenue": null,
            "common_shares": null,
            "book_valuer_per_share": null,
            "book_valuer_per_share_4q_avg": 4.51,
            "equity": null,
            "current_ratio": null,
            "debt_ratio": null,
            "inventory_turnover_ratio": null,
            "account_receivable_turnover_ratio": null,
            "reinvestment_rate": null,
            "research_to_sale_ratio": null,
            "price_fair": 0,
            "eps_avg_yearly": 0,
            "eps_latest_yearly": 0,
            "eps_growth_yearly": 0
        },
        "20102": {
            "year_quarter": 20102,
            "year": 2010,
            "quarter": 2,
            "eps": null,
            "eps_growth_year": null,
            "eps_4q": null,
            "eps_4q_growth_year": null,
            "roe": null,
            "roe_4q": 0,
            "gross_profit": null,
            "gross_margin": null,
            "gross_margin_4q_avg": 0,
            "net_income": null,
            "revenue": null,
            "common_shares": 333150,
            "book_valuer_per_share": 18.18,
            "book_valuer_per_share_4q_avg": 9.05,
            "equity": 596190,
            "current_ratio": 168.23,
            "debt_ratio": 44.19,
            "inventory_turnover_ratio": null,
            "account_receivable_turnover_ratio": null,
            "reinvestment_rate": null,
            "research_to_sale_ratio": null,
            "price_fair": 0,
            "eps_avg_yearly": 0,
            "eps_latest_yearly": 0,
            "eps_growth_yearly": 0
        },
        "20103": {
            "year_quarter": 20103,
            "year": 2010,
            "quarter": 3,
            "eps": null,
            "eps_growth_year": null,
            "eps_4q": null,
            "eps_4q_growth_year": null,
            "roe": null,
            "roe_4q": 0,
            "gross_profit": null,
            "gross_margin": null,
            "gross_margin_4q_avg": 0,
            "net_income": null,
            "revenue": null,
            "common_shares": null,
            "book_valuer_per_share": null,
            "book_valuer_per_share_4q_avg": 9.05,
            "equity": null,
            "current_ratio": null,
            "debt_ratio": null,
            "inventory_turnover_ratio": null,
            "account_receivable_turnover_ratio": null,
            "reinvestment_rate": null,
            "research_to_sale_ratio": null,
            "price_fair": 0,
            "eps_avg_yearly": 0,
            "eps_latest_yearly": 0,
            "eps_growth_yearly": 0
        },
        "20104": {
            "year_quarter": 20104,
            "year": 2010,
            "quarter": 4,
            "eps": null,
            "eps_growth_year": null,
            "eps_4q": null,
            "eps_4q_growth_year": null,
            "roe": null,
            "roe_4q": 0,
            "gross_profit": null,
            "gross_margin": null,
            "gross_margin_4q_avg": 0,
            "net_income": null,
            "revenue": null,
            "common_shares": 337997,
            "book_valuer_per_share": 18.18,
            "book_valuer_per_share_4q_avg": 9.09,
            "equity": 600622,
            "current_ratio": 151.25,
            "debt_ratio": 52.4,
            "inventory_turnover_ratio": null,
            "account_receivable_turnover_ratio": null,
            "reinvestment_rate": null,
            "research_to_sale_ratio": null,
            "price_fair": 0,
            "eps_avg_yearly": 0,
            "eps_latest_yearly": 0,
            "eps_growth_yearly": 0
        },
        "20111": {
            "year_quarter": 20111,
            "year": 2011,
            "quarter": 1,
            "eps": null,
            "eps_growth_year": null,
            "eps_4q": null,
            "eps_4q_growth_year": null,
            "roe": null,
            "roe_4q": 0,
            "gross_profit": null,
            "gross_margin": null,
            "gross_margin_4q_avg": 0,
            "net_income": null,
            "revenue": null,
            "common_shares": null,
            "book_valuer_per_share": null,
            "book_valuer_per_share_4q_avg": 9.09,
            "equity": null,
            "current_ratio": null,
            "debt_ratio": null,
            "inventory_turnover_ratio": null,
            "account_receivable_turnover_ratio": null,
            "reinvestment_rate": null,
            "research_to_sale_ratio": null,
            "price_fair": 0,
            "eps_avg_yearly": 0,
            "eps_latest_yearly": 0,
            "eps_growth_yearly": 0
        },
        "20112": {
            "year_quarter": 20112,
            "year": 2011,
            "quarter": 2,
            "eps": null,
            "eps_growth_year": null,
            "eps_4q": null,
            "eps_4q_growth_year": null,
            "roe": null,
            "roe_4q": 0,
            "gross_profit": null,
            "gross_margin": null,
            "gross_margin_4q_avg": 0,
            "net_income": null,
            "revenue": null,
            "common_shares": 337997,
            "book_valuer_per_share": 18.97,
            "book_valuer_per_share_4q_avg": 9.29,
            "equity": 626840,
            "current_ratio": 157.15,
            "debt_ratio": 50.44,
            "inventory_turnover_ratio": null,
            "account_receivable_turnover_ratio": null,
            "reinvestment_rate": null,
            "research_to_sale_ratio": null,
            "price_fair": 0,
            "eps_avg_yearly": 0,
            "eps_latest_yearly": 0,
            "eps_growth_yearly": 0
        },
        "20113": {
            "year_quarter": 20113,
            "year": 2011,
            "quarter": 3,
            "eps": null,
            "eps_growth_year": null,
            "eps_4q": null,
            "eps_4q_growth_year": null,
            "roe": null,
            "roe_4q": 0,
            "gross_profit": null,
            "gross_margin": null,
            "gross_margin_4q_avg": 0,
            "net_income": null,
            "revenue": null,
            "common_shares": null,
            "book_valuer_per_share": null,
            "book_valuer_per_share_4q_avg": 9.29,
            "equity": null,
            "current_ratio": null,
            "debt_ratio": null,
            "inventory_turnover_ratio": null,
            "account_receivable_turnover_ratio": null,
            "reinvestment_rate": null,
            "research_to_sale_ratio": null,
            "price_fair": 0,
            "eps_avg_yearly": 0,
            "eps_latest_yearly": 0,
            "eps_growth_yearly": 0
        },
        "20114": {
            "year_quarter": 20114,
            "year": 2011,
            "quarter": 4,
            "eps": null,
            "eps_growth_year": null,
            "eps_4q": null,
            "eps_4q_growth_year": null,
            "roe": null,
            "roe_4q": 0,
            "gross_profit": null,
            "gross_margin": null,
            "gross_margin_4q_avg": 0,
            "net_income": null,
            "revenue": null,
            "common_shares": 337997,
            "book_valuer_per_share": 20.54,
            "book_valuer_per_share_4q_avg": 9.88,
            "equity": 693474,
            "current_ratio": 137.81,
            "debt_ratio": 51.47,
            "inventory_turnover_ratio": null,
            "account_receivable_turnover_ratio": null,
            "reinvestment_rate": null,
            "research_to_sale_ratio": null,
            "price_fair": 0,
            "eps_avg_yearly": 0,
            "eps_latest_yearly": 0,
            "eps_growth_yearly": 0
        },
        "20121": {
            "year_quarter": 20121,
            "year": 2012,
            "quarter": 1,
            "eps": null,
            "eps_growth_year": null,
            "eps_4q": null,
            "eps_4q_growth_year": null,
            "roe": null,
            "roe_4q": 0,
            "gross_profit": 148709,
            "gross_margin": null,
            "gross_margin_4q_avg": 0,
            "net_income": 30154,
            "revenue": 458390,
            "common_shares": 337997,
            "book_valuer_per_share": null,
            "book_valuer_per_share_4q_avg": 9.88,
            "equity": 717691,
            "current_ratio": null,
            "debt_ratio": null,
            "inventory_turnover_ratio": null,
            "account_receivable_turnover_ratio": null,
            "reinvestment_rate": null,
            "research_to_sale_ratio": null,
            "price_fair": 0,
            "eps_avg_yearly": 0,
            "eps_latest_yearly": 0,
            "eps_growth_yearly": 0
        },
        "20122": {
            "year_quarter": 20122,
            "year": 2012,
            "quarter": 2,
            "eps": null,
            "eps_growth_year": null,
            "eps_4q": null,
            "eps_4q_growth_year": null,
            "roe": null,
            "roe_4q": 0,
            "gross_profit": 114626,
            "gross_margin": null,
            "gross_margin_4q_avg": 0,
            "net_income": 13356,
            "revenue": 447547,
            "common_shares": 337557,
            "book_valuer_per_share": 20.76,
            "book_valuer_per_share_4q_avg": 10.33,
            "equity": 700683,
            "current_ratio": 138.33,
            "debt_ratio": 51.21,
            "inventory_turnover_ratio": null,
            "account_receivable_turnover_ratio": null,
            "reinvestment_rate": null,
            "research_to_sale_ratio": null,
            "price_fair": 0,
            "eps_avg_yearly": 0,
            "eps_latest_yearly": 0,
            "eps_growth_yearly": 0
        },
        "20123": {
            "year_quarter": 20123,
            "year": 2012,
            "quarter": 3,
            "eps": null,
            "eps_growth_year": null,
            "eps_4q": null,
            "eps_4q_growth_year": null,
            "roe": null,
            "roe_4q": 0,
            "gross_profit": 172113,
            "gross_margin": null,
            "gross_margin_4q_avg": 0,
            "net_income": 46656,
            "revenue": 567406,
            "common_shares": 337557,
            "book_valuer_per_share": null,
            "book_valuer_per_share_4q_avg": 10.33,
            "equity": 742398,
            "current_ratio": null,
            "debt_ratio": null,
            "inventory_turnover_ratio": null,
            "account_receivable_turnover_ratio": null,
            "reinvestment_rate": null,
            "research_to_sale_ratio": null,
            "price_fair": 0,
            "eps_avg_yearly": 0,
            "eps_latest_yearly": 0,
            "eps_growth_yearly": 0
        },
        "20124": {
            "year_quarter": 20124,
            "year": 2012,
            "quarter": 4,
            "eps": null,
            "eps_growth_year": null,
            "eps_4q": null,
            "eps_4q_growth_year": null,
            "roe": null,
            "roe_4q": 0,
            "gross_profit": 204736,
            "gross_margin": null,
            "gross_margin_4q_avg": 0,
            "net_income": 59448,
            "revenue": 605698,
            "common_shares": 337557,
            "book_valuer_per_share": 23.8,
            "book_valuer_per_share_4q_avg": 11.14,
            "equity": 803503,
            "current_ratio": 155.97,
            "debt_ratio": 48.14,
            "inventory_turnover_ratio": null,
            "account_receivable_turnover_ratio": null,
            "reinvestment_rate": null,
            "research_to_sale_ratio": null,
            "price_fair": 0,
            "eps_avg_yearly": 0,
            "eps_latest_yearly": 0,
            "eps_growth_yearly": 0
        },
        "20131": {
            "year_quarter": 20131,
            "year": 2013,
            "quarter": 1,
            "eps": 2.17,
            "eps_growth_year": null,
            "eps_4q": 2.17,
            "eps_4q_growth_year": null,
            "roe": 8.71,
            "roe_4q": 8.71,
            "gross_profit": 183883,
            "gross_margin": 32.71,
            "gross_margin_4q_avg": 8.18,
            "net_income": 73201,
            "revenue": 562194,
            "common_shares": 337557,
            "book_valuer_per_share": 26,
            "book_valuer_per_share_4q_avg": 17.64,
            "equity": 877798,
            "current_ratio": 157.24,
            "debt_ratio": 48.19,
            "inventory_turnover_ratio": 0.95,
            "account_receivable_turnover_ratio": 1.06,
            "reinvestment_rate": null,
            "research_to_sale_ratio": 4.96,
            "price_fair": 0,
            "eps_avg_yearly": 0,
            "eps_latest_yearly": 0,
            "eps_growth_yearly": 0
        },
        "20132": {
            "year_quarter": 20132,
            "year": 2013,
            "quarter": 2,
            "eps": 2.17,
            "eps_growth_year": null,
            "eps_4q": 4.34,
            "eps_4q_growth_year": null,
            "roe": 8.24,
            "roe_4q": 16.950000000000003,
            "gross_profit": 209787,
            "gross_margin": 29.03,
            "gross_margin_4q_avg": 15.44,
            "net_income": 73296,
            "revenue": 722550,
            "common_shares": 337557,
            "book_valuer_per_share": 26.73,
            "book_valuer_per_share_4q_avg": 19.13,
            "equity": 902201,
            "current_ratio": 156.16,
            "debt_ratio": 49.46,
            "inventory_turnover_ratio": 1.27,
            "account_receivable_turnover_ratio": 1.97,
            "reinvestment_rate": null,
            "research_to_sale_ratio": 5.07,
            "price_fair": 86.8,
            "eps_avg_yearly": 8.68,
            "eps_latest_yearly": 8.68,
            "eps_growth_yearly": 0
        },
        "20133": {
            "year_quarter": 20133,
            "year": 2013,
            "quarter": 3,
            "eps": 2.08,
            "eps_growth_year": null,
            "eps_4q": 6.42,
            "eps_4q_growth_year": null,
            "roe": 7.49,
            "roe_4q": 24.44,
            "gross_profit": 194002,
            "gross_margin": 30.21,
            "gross_margin_4q_avg": 22.99,
            "net_income": 70140,
            "revenue": 642218,
            "common_shares": 337557,
            "book_valuer_per_share": 28.76,
            "book_valuer_per_share_4q_avg": 26.32,
            "equity": 970963,
            "current_ratio": 186.68,
            "debt_ratio": 40.72,
            "inventory_turnover_ratio": 1.18,
            "account_receivable_turnover_ratio": 1.79,
            "reinvestment_rate": null,
            "research_to_sale_ratio": 5.21,
            "price_fair": 25.5,
            "eps_avg_yearly": 8.5,
            "eps_latest_yearly": 8.32,
            "eps_growth_yearly": -8.29
        },
        "20134": {
            "year_quarter": 20134,
            "year": 2013,
            "quarter": 4,
            "eps": 1.84,
            "eps_growth_year": null,
            "eps_4q": 7.51,
            "eps_4q_growth_year": null,
            "roe": 5.74,
            "roe_4q": 30.18,
            "gross_profit": 210360,
            "gross_margin": 28.74,
            "gross_margin_4q_avg": 30.17,
            "net_income": 70512,
            "revenue": 731915,
            "common_shares": 382567,
            "book_valuer_per_share": 38.82,
            "book_valuer_per_share_4q_avg": 30.08,
            "equity": 1485040,
            "current_ratio": 273.58,
            "debt_ratio": 30.36,
            "inventory_turnover_ratio": 1.43,
            "account_receivable_turnover_ratio": 1.9,
            "reinvestment_rate": null,
            "research_to_sale_ratio": 5.98,
            "price_fair": 24.36,
            "eps_avg_yearly": 8.12,
            "eps_latest_yearly": 7.36,
            "eps_growth_yearly": -20.91
        },
        "20141": {
            "year_quarter": 20141,
            "year": 2014,
            "quarter": 1,
            "eps": 2.78,
            "eps_growth_year": 28.11,
            "eps_4q": 8.37,
            "eps_4q_growth_year": 285.95,
            "roe": 6.9,
            "roe_4q": 28.370000000000005,
            "gross_profit": 240994,
            "gross_margin": 30.92,
            "gross_margin_4q_avg": 29.73,
            "net_income": 106242,
            "revenue": 779440,
            "common_shares": 382567,
            "book_valuer_per_share": 41.71,
            "book_valuer_per_share_4q_avg": 34.01,
            "equity": 1595667,
            "current_ratio": 253.92,
            "debt_ratio": 32.3,
            "inventory_turnover_ratio": 1.41,
            "account_receivable_turnover_ratio": 1.71,
            "reinvestment_rate": null,
            "research_to_sale_ratio": 4.97,
            "price_fair": 310.45,
            "eps_avg_yearly": 8.87,
            "eps_latest_yearly": 11.12,
            "eps_growth_yearly": 35.4
        },
        "20142": {
            "year_quarter": 20142,
            "year": 2014,
            "quarter": 2,
            "eps": 1.56,
            "eps_growth_year": -28.11,
            "eps_4q": 8.01,
            "eps_4q_growth_year": 84.59,
            "roe": 3.86,
            "roe_4q": 23.990000000000002,
            "gross_profit": 223669,
            "gross_margin": 31.46,
            "gross_margin_4q_avg": 30.33,
            "net_income": 59584,
            "revenue": 711054,
            "common_shares": 382567,
            "book_valuer_per_share": 38.95,
            "book_valuer_per_share_4q_avg": 37.06,
            "equity": 1490068,
            "current_ratio": 211.55,
            "debt_ratio": 38.11,
            "inventory_turnover_ratio": 1.07,
            "account_receivable_turnover_ratio": 1.64,
            "reinvestment_rate": null,
            "research_to_sale_ratio": 6.63,
            "price_fair": 25.03,
            "eps_avg_yearly": 8.34,
            "eps_latest_yearly": 6.24,
            "eps_growth_yearly": -6.79
        },
        "20143": {
            "year_quarter": 20143,
            "year": 2014,
            "quarter": 3,
            "eps": 2.62,
            "eps_growth_year": 25.96,
            "eps_4q": 8.8,
            "eps_4q_growth_year": 37.14,
            "roe": 6.52,
            "roe_4q": 23.020000000000003,
            "gross_profit": 240955,
            "gross_margin": 18.93,
            "gross_margin_4q_avg": 27.51,
            "net_income": 100368,
            "revenue": 1273085,
            "common_shares": 382567,
            "book_valuer_per_share": 41.58,
            "book_valuer_per_share_4q_avg": 40.27,
            "equity": 1590532,
            "current_ratio": 240.8,
            "debt_ratio": 33.61,
            "inventory_turnover_ratio": 2.1,
            "account_receivable_turnover_ratio": 2.08,
            "reinvestment_rate": null,
            "research_to_sale_ratio": 3.29,
            "price_fair": 304.5,
            "eps_avg_yearly": 8.7,
            "eps_latest_yearly": 10.48,
            "eps_growth_yearly": 39.64
        },
        "20144": {
            "year_quarter": 20144,
            "year": 2014,
            "quarter": 4,
            "eps": 2.57,
            "eps_growth_year": 39.6,
            "eps_4q": 9.53,
            "eps_4q_growth_year": 26.98,
            "roe": 5.99,
            "roe_4q": 23.270000000000003,
            "gross_profit": 244954,
            "gross_margin": 31.18,
            "gross_margin_4q_avg": 28.12,
            "net_income": 98433,
            "revenue": 785728,
            "common_shares": 382567,
            "book_valuer_per_share": 44.33,
            "book_valuer_per_share_4q_avg": 41.64,
            "equity": 1695785,
            "current_ratio": 190.39,
            "debt_ratio": 43.82,
            "inventory_turnover_ratio": 0.73,
            "account_receivable_turnover_ratio": 1.2,
            "reinvestment_rate": null,
            "research_to_sale_ratio": 6.92,
            "price_fair": 312.4,
            "eps_avg_yearly": 8.93,
            "eps_latest_yearly": 10.28,
            "eps_growth_yearly": 32.89
        },
        "20151": {
            "year_quarter": 20151,
            "year": 2015,
            "quarter": 1,
            "eps": 2.9,
            "eps_growth_year": 4.32,
            "eps_4q": 9.66,
            "eps_4q_growth_year": 15.37,
            "roe": 6.36,
            "roe_4q": 22.73,
            "gross_profit": 279676,
            "gross_margin": 14.24,
            "gross_margin_4q_avg": 23.95,
            "net_income": 111011,
            "revenue": 1963410,
            "common_shares": 382567,
            "book_valuer_per_share": 46.94,
            "book_valuer_per_share_4q_avg": 42.95,
            "equity": 1795820,
            "current_ratio": 197.2,
            "debt_ratio": 42.13,
            "inventory_turnover_ratio": 1.82,
            "account_receivable_turnover_ratio": 3.4,
            "reinvestment_rate": null,
            "research_to_sale_ratio": 2.37,
            "price_fair": 324.1,
            "eps_avg_yearly": 9.26,
            "eps_latest_yearly": 11.6,
            "eps_growth_yearly": 35.2
        },
        "20152": {
            "year_quarter": 20152,
            "year": 2015,
            "quarter": 2,
            "eps": 1.34,
            "eps_growth_year": -14.1,
            "eps_4q": 9.44,
            "eps_4q_growth_year": 17.79,
            "roe": 2.99,
            "roe_4q": 21.86,
            "gross_profit": 234644,
            "gross_margin": 22.96,
            "gross_margin_4q_avg": 21.83,
            "net_income": 51198,
            "revenue": 1022026,
            "common_shares": 382567,
            "book_valuer_per_share": 42.54,
            "book_valuer_per_share_4q_avg": 43.85,
            "equity": 1627412,
            "current_ratio": 191.36,
            "debt_ratio": 42.13,
            "inventory_turnover_ratio": 0.9,
            "account_receivable_turnover_ratio": 1.84,
            "reinvestment_rate": null,
            "research_to_sale_ratio": 5.3,
            "price_fair": 153.4,
            "eps_avg_yearly": 8.83,
            "eps_latest_yearly": 5.36,
            "eps_growth_yearly": 7.38
        },
        "20153": {
            "year_quarter": 20153,
            "year": 2015,
            "quarter": 3,
            "eps": 3.35,
            "eps_growth_year": 27.86,
            "eps_4q": 10.09,
            "eps_4q_growth_year": 14.62,
            "roe": 7.43,
            "roe_4q": 22.770000000000003,
            "gross_profit": 256330,
            "gross_margin": 21.81,
            "gross_margin_4q_avg": 22.55,
            "net_income": 128109,
            "revenue": 1175240,
            "common_shares": 385357,
            "book_valuer_per_share": 47.2,
            "book_valuer_per_share_4q_avg": 45.25,
            "equity": 1818726,
            "current_ratio": 319.35,
            "debt_ratio": 41.12,
            "inventory_turnover_ratio": 1.14,
            "account_receivable_turnover_ratio": 2.41,
            "reinvestment_rate": null,
            "research_to_sale_ratio": 4.39,
            "price_fair": 324.94,
            "eps_avg_yearly": 9.28,
            "eps_latest_yearly": 13.4,
            "eps_growth_yearly": 66.64
        },
        "20154": {
            "year_quarter": 20154,
            "year": 2015,
            "quarter": 4,
            "eps": 1.28,
            "eps_growth_year": -50.29,
            "eps_4q": 8.81,
            "eps_4q_growth_year": -7.54,
            "roe": 2.68,
            "roe_4q": 19.46,
            "gross_profit": 201386,
            "gross_margin": 23.49,
            "gross_margin_4q_avg": 20.63,
            "net_income": 49290,
            "revenue": 857496,
            "common_shares": 385357,
            "book_valuer_per_share": 48.43,
            "book_valuer_per_share_4q_avg": 46.28,
            "equity": 1866170,
            "current_ratio": 365.84,
            "debt_ratio": 38.24,
            "inventory_turnover_ratio": 0.99,
            "account_receivable_turnover_ratio": 1.59,
            "reinvestment_rate": 3.78,
            "research_to_sale_ratio": 6.62,
            "price_fair": 311.69,
            "eps_avg_yearly": 8.91,
            "eps_latest_yearly": 5.12,
            "eps_growth_yearly": 38.11
        },
        "20161": {
            "year_quarter": 20161,
            "year": 2016,
            "quarter": 1,
            "eps": 0.25,
            "eps_growth_year": -91.38,
            "eps_4q": 6.18,
            "eps_4q_growth_year": -35.98,
            "roe": 0.51,
            "roe_4q": 13.610000000000001,
            "gross_profit": 179693,
            "gross_margin": 31.75,
            "gross_margin_4q_avg": 25,
            "net_income": 9597,
            "revenue": 565972,
            "common_shares": 385357,
            "book_valuer_per_share": 48.72,
            "book_valuer_per_share_4q_avg": 46.72,
            "equity": 1877571,
            "current_ratio": 324.69,
            "debt_ratio": 40.41,
            "inventory_turnover_ratio": 0.54,
            "account_receivable_turnover_ratio": 1.3,
            "reinvestment_rate": 16.8,
            "research_to_sale_ratio": 7.45,
            "price_fair": 149.39,
            "eps_avg_yearly": 8.25,
            "eps_latest_yearly": 1,
            "eps_growth_yearly": 8.11
        },
        "20162": {
            "year_quarter": 20162,
            "year": 2016,
            "quarter": 2,
            "eps": 0.25,
            "eps_growth_year": -81.34,
            "eps_4q": 5.1,
            "eps_4q_growth_year": -45.92,
            "roe": 0.54,
            "roe_4q": 11.16,
            "gross_profit": 177203,
            "gross_margin": 17.49,
            "gross_margin_4q_avg": 23.64,
            "net_income": 9664,
            "revenue": 1013280,
            "common_shares": 385357,
            "book_valuer_per_share": 43.79,
            "book_valuer_per_share_4q_avg": 47.04,
            "equity": 1687323,
            "current_ratio": 277.75,
            "debt_ratio": 44.83,
            "inventory_turnover_ratio": 1.1,
            "account_receivable_turnover_ratio": 2.26,
            "reinvestment_rate": 3.13,
            "research_to_sale_ratio": 5.6,
            "price_fair": 134.49,
            "eps_avg_yearly": 7.69,
            "eps_latest_yearly": 1,
            "eps_growth_yearly": 7.49
        },
        "20163": {
            "year_quarter": 20163,
            "year": 2016,
            "quarter": 3,
            "eps": 1.09,
            "eps_growth_year": -67.46,
            "eps_4q": 2.87,
            "eps_4q_growth_year": -71.58,
            "roe": 2.46,
            "roe_4q": 6.1899999999999995,
            "gross_profit": 249623,
            "gross_margin": 30.42,
            "gross_margin_4q_avg": 25.79,
            "net_income": 41939,
            "revenue": 820645,
            "common_shares": 385357,
            "book_valuer_per_share": 44.8,
            "book_valuer_per_share_4q_avg": 46.44,
            "equity": 1726398,
            "current_ratio": 178.78,
            "debt_ratio": 44.76,
            "inventory_turnover_ratio": 0.73,
            "account_receivable_turnover_ratio": 1.66,
            "reinvestment_rate": 17.14,
            "research_to_sale_ratio": 6.99,
            "price_fair": 260.8,
            "eps_avg_yearly": 7.45,
            "eps_latest_yearly": 4.36,
            "eps_growth_yearly": 102.96
        },
        "20164": {
            "year_quarter": 20164,
            "year": 2016,
            "quarter": 4,
            "eps": 1.85,
            "eps_growth_year": 45.02,
            "eps_4q": 3.44,
            "eps_4q_growth_year": -60.93,
            "roe": 4.05,
            "roe_4q": 7.56,
            "gross_profit": 230023,
            "gross_margin": 23.03,
            "gross_margin_4q_avg": 25.67,
            "net_income": 71480,
            "revenue": 998722,
            "common_shares": 385357,
            "book_valuer_per_share": 46.79,
            "book_valuer_per_share_4q_avg": 46.03,
            "equity": 1803219,
            "current_ratio": 202.89,
            "debt_ratio": 39.31,
            "inventory_turnover_ratio": 1.04,
            "account_receivable_turnover_ratio": 2.33,
            "reinvestment_rate": 1.87,
            "research_to_sale_ratio": 8.27,
            "price_fair": 260.68,
            "eps_avg_yearly": 7.45,
            "eps_latest_yearly": 7.4,
            "eps_growth_yearly": 114.69
        },
        "20171": {
            "year_quarter": 20171,
            "year": 2017,
            "quarter": 1,
            "eps": -1,
            "eps_growth_year": -500,
            "eps_4q": 2.2,
            "eps_4q_growth_year": -64.42,
            "roe": -2.16,
            "roe_4q": 4.89,
            "gross_profit": 170312,
            "gross_margin": 27.35,
            "gross_margin_4q_avg": 24.57,
            "net_income": -38330,
            "revenue": 622752,
            "common_shares": 385357,
            "book_valuer_per_share": 45.49,
            "book_valuer_per_share_4q_avg": 45.22,
            "equity": 1753045,
            "current_ratio": 208.15,
            "debt_ratio": 37.72,
            "inventory_turnover_ratio": 0.76,
            "account_receivable_turnover_ratio": 1.49,
            "reinvestment_rate": 16.89,
            "research_to_sale_ratio": 9.01,
            "price_fair": 260.68,
            "eps_avg_yearly": 7.45,
            "eps_latest_yearly": 7.4,
            "eps_growth_yearly": 114.69
        },
        "20172": {
            "year_quarter": 20172,
            "year": 2017,
            "quarter": 2,
            "eps": -1.35,
            "eps_growth_year": -640,
            "eps_4q": 0.6,
            "eps_4q_growth_year": -88.17,
            "roe": -3.1,
            "roe_4q": 1.25,
            "gross_profit": 114619,
            "gross_margin": 22.35,
            "gross_margin_4q_avg": 25.79,
            "net_income": -51829,
            "revenue": 512794,
            "common_shares": 385357,
            "book_valuer_per_share": 41.23,
            "book_valuer_per_share_4q_avg": 44.58,
            "equity": 1588849,
            "current_ratio": 177.36,
            "debt_ratio": 44.02,
            "inventory_turnover_ratio": 0.66,
            "account_receivable_turnover_ratio": 1.27,
            "reinvestment_rate": 19.15,
            "research_to_sale_ratio": 14.36,
            "price_fair": 257.6,
            "eps_avg_yearly": 7.36,
            "eps_latest_yearly": 7.4,
            "eps_growth_yearly": 122.88
        },
        "20173": {
            "year_quarter": 20173,
            "year": 2017,
            "quarter": 3,
            "eps": -0.72,
            "eps_growth_year": -166.06,
            "eps_4q": -1.2,
            "eps_4q_growth_year": -141.86,
            "roe": -1.75,
            "roe_4q": -2.96,
            "gross_profit": 126135,
            "gross_margin": 16.76,
            "gross_margin_4q_avg": 22.37,
            "net_income": -27545,
            "revenue": 752537,
            "common_shares": 385177,
            "book_valuer_per_share": 40.49,
            "book_valuer_per_share_4q_avg": 43.5,
            "equity": 1559531,
            "current_ratio": 178.65,
            "debt_ratio": 41.98,
            "inventory_turnover_ratio": 1.02,
            "account_receivable_turnover_ratio": 1.9,
            "reinvestment_rate": 24.19,
            "research_to_sale_ratio": 10.4,
            "price_fair": 255.02,
            "eps_avg_yearly": 7.29,
            "eps_latest_yearly": 7.4,
            "eps_growth_yearly": 133.61
        },
        "20174": {
            "year_quarter": 20174,
            "year": 2017,
            "quarter": 4,
            "eps": -0.63,
            "eps_growth_year": -133.9,
            "eps_4q": -3.69,
            "eps_4q_growth_year": -207.04,
            "roe": -1.57,
            "roe_4q": -8.58,
            "gross_profit": 152095,
            "gross_margin": 20.83,
            "gross_margin_4q_avg": 21.82,
            "net_income": -24216,
            "revenue": 730267,
            "common_shares": 385087,
            "book_valuer_per_share": 39.7,
            "book_valuer_per_share_4q_avg": 41.73,
            "equity": 1528867,
            "current_ratio": 171.07,
            "debt_ratio": 44.09,
            "inventory_turnover_ratio": 0.95,
            "account_receivable_turnover_ratio": 1.71,
            "reinvestment_rate": 29.73,
            "research_to_sale_ratio": 10.26,
            "price_fair": 254.8,
            "eps_avg_yearly": 7.28,
            "eps_latest_yearly": 7.4,
            "eps_growth_yearly": 148.58
        },
        "20181": {
            "year_quarter": 20181,
            "year": 2018,
            "quarter": 1,
            "eps": -0.41,
            "eps_growth_year": null,
            "eps_4q": -3.1,
            "eps_4q_growth_year": -240.89,
            "roe": -1.04,
            "roe_4q": -7.460000000000001,
            "gross_profit": 141871,
            "gross_margin": 23.5,
            "gross_margin_4q_avg": 20.86,
            "net_income": -15737,
            "revenue": 603639,
            "common_shares": 385087,
            "book_valuer_per_share": 39.22,
            "book_valuer_per_share_4q_avg": 40.16,
            "equity": 1510122,
            "current_ratio": 170.96,
            "debt_ratio": 43.68,
            "inventory_turnover_ratio": 0.76,
            "account_receivable_turnover_ratio": 1.39,
            "reinvestment_rate": 27.2,
            "research_to_sale_ratio": 8.84,
            "price_fair": 242.58,
            "eps_avg_yearly": 6.93,
            "eps_latest_yearly": 7.4,
            "eps_growth_yearly": 143.52
        },
        "20182": {
            "year_quarter": 20182,
            "year": 2018,
            "quarter": 2,
            "eps": 0.63,
            "eps_growth_year": null,
            "eps_4q": -1.12,
            "eps_4q_growth_year": -285.74,
            "roe": 1.59,
            "roe_4q": -2.77,
            "gross_profit": 129278,
            "gross_margin": 19.31,
            "gross_margin_4q_avg": 20.1,
            "net_income": 24326,
            "revenue": 669398,
            "common_shares": 385087,
            "book_valuer_per_share": 40.06,
            "book_valuer_per_share_4q_avg": 39.87,
            "equity": 1542488,
            "current_ratio": 181.68,
            "debt_ratio": 40.61,
            "inventory_turnover_ratio": 0.84,
            "account_receivable_turnover_ratio": 1.68,
            "reinvestment_rate": 23.33,
            "research_to_sale_ratio": 8.96,
            "price_fair": 245,
            "eps_avg_yearly": 7,
            "eps_latest_yearly": 7.4,
            "eps_growth_yearly": 175.42
        },
        "20183": {
            "year_quarter": 20183,
            "year": 2018,
            "quarter": 3,
            "eps": 0.08,
            "eps_growth_year": null,
            "eps_4q": -0.33,
            "eps_4q_growth_year": null,
            "roe": 0.19,
            "roe_4q": -0.8300000000000001,
            "gross_profit": 156938,
            "gross_margin": 20.76,
            "gross_margin_4q_avg": 21.1,
            "net_income": 2892,
            "revenue": 756002,
            "common_shares": 384907,
            "book_valuer_per_share": 40.1,
            "book_valuer_per_share_4q_avg": 39.77,
            "equity": 1543318,
            "current_ratio": 190.95,
            "debt_ratio": 37.96,
            "inventory_turnover_ratio": 0.9,
            "account_receivable_turnover_ratio": 1.72,
            "reinvestment_rate": 21.09,
            "research_to_sale_ratio": 6.56,
            "price_fair": 209.44,
            "eps_avg_yearly": 5.98,
            "eps_latest_yearly": 0.32,
            "eps_growth_yearly": 113.32
        },
        "20184": {
            "year_quarter": 20184,
            "year": 2018,
            "quarter": 4,
            "eps": -0.51,
            "eps_growth_year": null,
            "eps_4q": -0.21,
            "eps_4q_growth_year": null,
            "roe": -1.28,
            "roe_4q": -0.54,
            "gross_profit": 132652,
            "gross_margin": 15.82,
            "gross_margin_4q_avg": 19.85,
            "net_income": -19583,
            "revenue": 838511,
            "common_shares": 384907,
            "book_valuer_per_share": 39.55,
            "book_valuer_per_share_4q_avg": 39.73,
            "equity": 1522405,
            "current_ratio": 167.12,
            "debt_ratio": 44.16,
            "inventory_turnover_ratio": 0.96,
            "account_receivable_turnover_ratio": 1.86,
            "reinvestment_rate": 31.54,
            "research_to_sale_ratio": 7.67,
            "price_fair": 192.73,
            "eps_avg_yearly": 5.51,
            "eps_latest_yearly": 0.32,
            "eps_growth_yearly": 126.76
        },
        "20191": {
            "year_quarter": 20191,
            "year": 2019,
            "quarter": 1,
            "eps": 0.3,
            "eps_growth_year": null,
            "eps_4q": 0.5,
            "eps_4q_growth_year": null,
            "roe": 0.75,
            "roe_4q": 1.25,
            "gross_profit": 147229,
            "gross_margin": 13.28,
            "gross_margin_4q_avg": 17.29,
            "net_income": 11482,
            "revenue": 1108929,
            "common_shares": 384907,
            "book_valuer_per_share": 39.87,
            "book_valuer_per_share_4q_avg": 39.9,
            "equity": 1534658,
            "current_ratio": 177.54,
            "debt_ratio": 43.18,
            "inventory_turnover_ratio": 1.28,
            "account_receivable_turnover_ratio": 2.29,
            "reinvestment_rate": 30.57,
            "research_to_sale_ratio": 4.24,
            "price_fair": 166.08,
            "eps_avg_yearly": 4.75,
            "eps_latest_yearly": 0.32,
            "eps_growth_yearly": 136.19
        },
        "20192": {
            "year_quarter": 20192,
            "year": 2019,
            "quarter": 2,
            "eps": -0.29,
            "eps_growth_year": -146.03,
            "eps_4q": -0.43,
            "eps_4q_growth_year": null,
            "roe": -0.73,
            "roe_4q": -1.07,
            "gross_profit": 134102,
            "gross_margin": 20.92,
            "gross_margin_4q_avg": 17.7,
            "net_income": -11203,
            "revenue": 641031,
            "common_shares": 384907,
            "book_valuer_per_share": 39.61,
            "book_valuer_per_share_4q_avg": 39.78,
            "equity": 1524703,
            "current_ratio": 173.28,
            "debt_ratio": 44.39,
            "inventory_turnover_ratio": 0.67,
            "account_receivable_turnover_ratio": 1.23,
            "reinvestment_rate": 30.51,
            "research_to_sale_ratio": 8.76,
            "price_fair": 163,
            "eps_avg_yearly": 4.66,
            "eps_latest_yearly": 0.32,
            "eps_growth_yearly": 186.38
        },
        "20193": {
            "year_quarter": 20193,
            "year": 2019,
            "quarter": 3,
            "eps": 0.16,
            "eps_growth_year": 100,
            "eps_4q": -0.34,
            "eps_4q_growth_year": null,
            "roe": 0.4,
            "roe_4q": -0.86,
            "gross_profit": 157053,
            "gross_margin": 16.47,
            "gross_margin_4q_avg": 16.62,
            "net_income": 6114,
            "revenue": 953709,
            "common_shares": 384907,
            "book_valuer_per_share": 39.76,
            "book_valuer_per_share_4q_avg": 39.7,
            "equity": 1530214,
            "current_ratio": 184.75,
            "debt_ratio": 41.05,
            "inventory_turnover_ratio": 1.05,
            "account_receivable_turnover_ratio": 1.87,
            "reinvestment_rate": 24.31,
            "research_to_sale_ratio": 5.28,
            "price_fair": 112,
            "eps_avg_yearly": 3.2,
            "eps_latest_yearly": 0.32,
            "eps_growth_yearly": 117.44
        },
        "20194": {
            "year_quarter": 20194,
            "year": 2019,
            "quarter": 4,
            "eps": 0.47,
            "eps_growth_year": null,
            "eps_4q": 0.64,
            "eps_4q_growth_year": null,
            "roe": 1.19,
            "roe_4q": 1.6099999999999999,
            "gross_profit": 226674,
            "gross_margin": 21.33,
            "gross_margin_4q_avg": 18,
            "net_income": 18217,
            "revenue": 1062897,
            "common_shares": 384907,
            "book_valuer_per_share": 39.94,
            "book_valuer_per_share_4q_avg": 39.8,
            "equity": 1537183,
            "current_ratio": 176.63,
            "debt_ratio": 43.39,
            "inventory_turnover_ratio": 1.22,
            "account_receivable_turnover_ratio": 2.26,
            "reinvestment_rate": 182.7,
            "research_to_sale_ratio": 7.27,
            "price_fair": 93.1,
            "eps_avg_yearly": 2.66,
            "eps_latest_yearly": 1.88,
            "eps_growth_yearly": 287.8
        },
        "20201": {
            "year_quarter": 20201,
            "year": 2020,
            "quarter": 1,
            "eps": 1.58,
            "eps_growth_year": 426.67,
            "eps_4q": 1.92,
            "eps_4q_growth_year": 286.23,
            "roe": 3.87,
            "roe_4q": 4.73,
            "gross_profit": 225313,
            "gross_margin": 27.59,
            "gross_margin_4q_avg": 21.58,
            "net_income": 60708,
            "revenue": 816635,
            "common_shares": 384907,
            "book_valuer_per_share": 41.54,
            "book_valuer_per_share_4q_avg": 40.21,
            "equity": 1598809,
            "current_ratio": 181.71,
            "debt_ratio": 42.14,
            "inventory_turnover_ratio": 0.84,
            "account_receivable_turnover_ratio": 1.76,
            "reinvestment_rate": 47.96,
            "research_to_sale_ratio": 7.2,
            "price_fair": 124.13,
            "eps_avg_yearly": 3.55,
            "eps_latest_yearly": 6.32,
            "eps_growth_yearly": 498.9
        },
        "20202": {
            "year_quarter": 20202,
            "year": 2020,
            "quarter": 2,
            "eps": 0.1,
            "eps_growth_year": null,
            "eps_4q": 2.31,
            "eps_4q_growth_year": null,
            "roe": 0.24,
            "roe_4q": 5.700000000000001,
            "gross_profit": 175691,
            "gross_margin": 23.67,
            "gross_margin_4q_avg": 22.27,
            "net_income": 3843,
            "revenue": 742102,
            "common_shares": 384907,
            "book_valuer_per_share": 41.61,
            "book_valuer_per_share_4q_avg": 40.71,
            "equity": 1601603,
            "current_ratio": 178.92,
            "debt_ratio": 42.66,
            "inventory_turnover_ratio": 0.76,
            "account_receivable_turnover_ratio": 1.52,
            "reinvestment_rate": 52.52,
            "research_to_sale_ratio": 9.19,
            "price_fair": 120.63,
            "eps_avg_yearly": 3.45,
            "eps_latest_yearly": 0.4,
            "eps_growth_yearly": 436.45
        },
        "20203": {
            "year_quarter": 20203,
            "year": 2020,
            "quarter": 3,
            "eps": 0.48,
            "eps_growth_year": 200,
            "eps_4q": 2.63,
            "eps_4q_growth_year": null,
            "roe": 1.14,
            "roe_4q": 6.4399999999999995,
            "gross_profit": 176584,
            "gross_margin": 23.07,
            "gross_margin_4q_avg": 23.92,
            "net_income": 18351,
            "revenue": 765412,
            "common_shares": 384907,
            "book_valuer_per_share": 42.01,
            "book_valuer_per_share_4q_avg": 41.28,
            "equity": 1616934,
            "current_ratio": 169.04,
            "debt_ratio": 44.26,
            "inventory_turnover_ratio": 0.74,
            "account_receivable_turnover_ratio": 1.51,
            "reinvestment_rate": 121.26,
            "research_to_sale_ratio": 7.31,
            "price_fair": 106.4,
            "eps_avg_yearly": 3.04,
            "eps_latest_yearly": 1.92,
            "eps_growth_yearly": 465.78
        },
        "20204": {
            "year_quarter": 20204,
            "year": 2020,
            "quarter": 4,
            "eps": -0.01,
            "eps_growth_year": -102.86,
            "eps_4q": 2.14,
            "eps_4q_growth_year": 234.75,
            "roe": -0.03,
            "roe_4q": 5.22,
            "gross_profit": 162336,
            "gross_margin": 24.32,
            "gross_margin_4q_avg": 24.66,
            "net_income": -521,
            "revenue": 667366,
            "common_shares": 384907,
            "book_valuer_per_share": 41.84,
            "book_valuer_per_share_4q_avg": 41.75,
            "equity": 1610595,
            "current_ratio": 167.66,
            "debt_ratio": 44.56,
            "inventory_turnover_ratio": 0.57,
            "account_receivable_turnover_ratio": 1.38,
            "reinvestment_rate": null,
            "research_to_sale_ratio": 10.19,
            "price_fair": 75.88,
            "eps_avg_yearly": 2.17,
            "eps_latest_yearly": 1.92,
            "eps_growth_yearly": 503.16
        },
        "20211": {
            "year_quarter": 20211,
            "year": 2021,
            "quarter": 1,
            "eps": 0.56,
            "eps_growth_year": -64.56,
            "eps_4q": 1.12,
            "eps_4q_growth_year": -41.59,
            "roe": 1.32,
            "roe_4q": 2.67,
            "gross_profit": 157634,
            "gross_margin": 21.3,
            "gross_margin_4q_avg": 23.09,
            "net_income": 21457,
            "revenue": 740064,
            "common_shares": 384907,
            "book_valuer_per_share": 42.42,
            "book_valuer_per_share_4q_avg": 41.97,
            "equity": 1632585,
            "current_ratio": 181.01,
            "debt_ratio": 41.15,
            "inventory_turnover_ratio": 0.61,
            "account_receivable_turnover_ratio": 1.52,
            "reinvestment_rate": 397.7,
            "research_to_sale_ratio": 7.92,
            "price_fair": 75.88,
            "eps_avg_yearly": 2.17,
            "eps_latest_yearly": 1.92,
            "eps_growth_yearly": 503.16
        },
        "20212": {
            "year_quarter": 20212,
            "year": 2021,
            "quarter": 2,
            "eps": 0.69,
            "eps_growth_year": 590,
            "eps_4q": 1.72,
            "eps_4q_growth_year": -25.73,
            "roe": 1.63,
            "roe_4q": 4.0600000000000005,
            "gross_profit": 191955,
            "gross_margin": 22.12,
            "gross_margin_4q_avg": 22.7,
            "net_income": 26729,
            "revenue": 867931,
            "common_shares": 384907,
            "book_valuer_per_share": 42.97,
            "book_valuer_per_share_4q_avg": 42.31,
            "equity": 1654113,
            "current_ratio": 173.36,
            "debt_ratio": 43.61,
            "inventory_turnover_ratio": 0.7,
            "account_receivable_turnover_ratio": 1.33,
            "reinvestment_rate": 107.66,
            "research_to_sale_ratio": 7.09,
            "price_fair": 79.33,
            "eps_avg_yearly": 2.27,
            "eps_latest_yearly": 2.76,
            "eps_growth_yearly": 434.77
        },
        "20213": {
            "year_quarter": 20213,
            "year": 2021,
            "quarter": 3,
            "eps": 0.41,
            "eps_growth_year": -14.58,
            "eps_4q": 1.64,
            "eps_4q_growth_year": -37.39,
            "roe": 0.95,
            "roe_4q": 3.8700000000000006,
            "gross_profit": 193778,
            "gross_margin": 19.2,
            "gross_margin_4q_avg": 21.74,
            "net_income": 15648,
            "revenue": 1009099,
            "common_shares": 384907,
            "book_valuer_per_share": 42.67,
            "book_valuer_per_share_4q_avg": 42.48,
            "equity": 1642532,
            "current_ratio": 166.69,
            "debt_ratio": 46.03,
            "inventory_turnover_ratio": 0.79,
            "account_receivable_turnover_ratio": 1.39,
            "reinvestment_rate": 52.95,
            "research_to_sale_ratio": 6.03,
            "price_fair": 76.2,
            "eps_avg_yearly": 2.18,
            "eps_latest_yearly": 1.64,
            "eps_growth_yearly": 349.48
        },
        "20214": {
            "year_quarter": 20214,
            "year": 2021,
            "quarter": 4,
            "eps": 1.42,
            "eps_growth_year": null,
            "eps_4q": 3.08,
            "eps_4q_growth_year": 43.76,
            "roe": 3.27,
            "roe_4q": 7.17,
            "gross_profit": 218454,
            "gross_margin": 26.05,
            "gross_margin_4q_avg": 22.17,
            "net_income": 54599,
            "revenue": 838504,
            "common_shares": 384907,
            "book_valuer_per_share": 44.01,
            "book_valuer_per_share_4q_avg": 43.02,
            "equity": 1694116,
            "current_ratio": 167.32,
            "debt_ratio": 46.34,
            "inventory_turnover_ratio": 0.53,
            "account_receivable_turnover_ratio": 1.24,
            "reinvestment_rate": 33.16,
            "research_to_sale_ratio": 7.08,
            "price_fair": 91.53,
            "eps_avg_yearly": 2.62,
            "eps_latest_yearly": 5.68,
            "eps_growth_yearly": 428.96
        },
        "20221": {
            "year_quarter": 20221,
            "year": 2022,
            "quarter": 1,
            "eps": 0.42,
            "eps_growth_year": -25,
            "eps_4q": 2.94,
            "eps_4q_growth_year": 162.53,
            "roe": 0.95,
            "roe_4q": 6.8,
            "gross_profit": 168904,
            "gross_margin": 22.89,
            "gross_margin_4q_avg": 22.57,
            "net_income": 16252,
            "revenue": 737857,
            "common_shares": 384907,
            "book_valuer_per_share": 44.67,
            "book_valuer_per_share_4q_avg": 43.58,
            "equity": 1719340,
            "current_ratio": 154.95,
            "debt_ratio": 52.19,
            "inventory_turnover_ratio": 0.4,
            "account_receivable_turnover_ratio": 1.2,
            "reinvestment_rate": 23.09,
            "research_to_sale_ratio": 8.41,
            "price_fair": 87.89,
            "eps_avg_yearly": 2.51,
            "eps_latest_yearly": 1.68,
            "eps_growth_yearly": 350
        },
        "20222": {
            "year_quarter": 20222,
            "year": 2022,
            "quarter": 2,
            "eps": 2.74,
            "eps_growth_year": 297.1,
            "eps_4q": 4.99,
            "eps_4q_growth_year": 191.01,
            "roe": 6.04,
            "roe_4q": 11.209999999999999,
            "gross_profit": 318827,
            "gross_margin": 23.8,
            "gross_margin_4q_avg": 22.99,
            "net_income": 105615,
            "revenue": 1339641,
            "common_shares": 384907,
            "book_valuer_per_share": 46.19,
            "book_valuer_per_share_4q_avg": 44.39,
            "equity": 1777908,
            "current_ratio": 136.81,
            "debt_ratio": 61.99,
            "inventory_turnover_ratio": 0.55,
            "account_receivable_turnover_ratio": 1.69,
            "reinvestment_rate": 18.45,
            "research_to_sale_ratio": 5.2,
            "price_fair": 117.46,
            "eps_avg_yearly": 3.36,
            "eps_latest_yearly": 10.96,
            "eps_growth_yearly": 535.95
        },
        "20223": {
            "year_quarter": 20223,
            "year": 2022,
            "quarter": 3,
            "eps": 3.59,
            "eps_growth_year": 775.61,
            "eps_4q": 8.17,
            "eps_4q_growth_year": 396.68,
            "roe": 7.43,
            "roe_4q": 17.689999999999998,
            "gross_profit": 395856,
            "gross_margin": 25.95,
            "gross_margin_4q_avg": 24.67,
            "net_income": 137996,
            "revenue": 1525370,
            "common_shares": 384907,
            "book_valuer_per_share": 50.37,
            "book_valuer_per_share_4q_avg": 46.31,
            "equity": 1938741,
            "current_ratio": 139.04,
            "debt_ratio": 62.37,
            "inventory_turnover_ratio": 0.48,
            "account_receivable_turnover_ratio": 1.48,
            "reinvestment_rate": 17.48,
            "research_to_sale_ratio": 4.72,
            "price_fair": 166.6,
            "eps_avg_yearly": 4.76,
            "eps_latest_yearly": 14.36,
            "eps_growth_yearly": 583.28
        },
        "20224": {
            "year_quarter": 20224,
            "year": 2022,
            "quarter": 4,
            "eps": 5.08,
            "eps_growth_year": 258.11,
            "eps_4q": 11.83,
            "eps_4q_growth_year": 284.51,
            "roe": 9.62,
            "roe_4q": 24.039999999999996,
            "gross_profit": 599282,
            "gross_margin": 31.48,
            "gross_margin_4q_avg": 26.03,
            "net_income": 195527,
            "revenue": 1903475,
            "common_shares": 384907,
            "book_valuer_per_share": 55.19,
            "book_valuer_per_share_4q_avg": 49.11,
            "equity": 2124470,
            "current_ratio": 149.37,
            "debt_ratio": 58.45,
            "inventory_turnover_ratio": 0.53,
            "account_receivable_turnover_ratio": 1.7,
            "reinvestment_rate": 4.46,
            "research_to_sale_ratio": 3.74,
            "price_fair": 216.11,
            "eps_avg_yearly": 6.17,
            "eps_latest_yearly": 20.32,
            "eps_growth_yearly": 545.35
        },
        "20231": {
            "year_quarter": 20231,
            "year": 2023,
            "quarter": 1,
            "eps": 3.75,
            "eps_growth_year": 792.86,
            "eps_4q": 15.16,
            "eps_4q_growth_year": 415.43,
            "roe": 6.58,
            "roe_4q": 29.669999999999998,
            "gross_profit": 444291,
            "gross_margin": 29.81,
            "gross_margin_4q_avg": 27.76,
            "net_income": 144478,
            "revenue": 1490325,
            "common_shares": 384907,
            "book_valuer_per_share": 58.88,
            "book_valuer_per_share_4q_avg": 52.66,
            "equity": 2266416,
            "current_ratio": 155.09,
            "debt_ratio": 56.69,
            "inventory_turnover_ratio": 0.45,
            "account_receivable_turnover_ratio": 1.39,
            "reinvestment_rate": 2.85,
            "research_to_sale_ratio": 4.56,
            "price_fair": 241.85,
            "eps_avg_yearly": 6.91,
            "eps_latest_yearly": 15,
            "eps_growth_yearly": 491.18
        }
    },
    "months": {
        "2010-05": {
            "month": "2010-05",
            "price": "25.36",
            "revenue": 72468
        },
        "2010-06": {
            "month": "2010-06",
            "price": "23.43",
            "revenue": 99730
        },
        "2010-07": {
            "month": "2010-07",
            "price": "21.19",
            "revenue": 90599
        },
        "2010-08": {
            "month": "2010-08",
            "price": "22.98",
            "revenue": 106464
        },
        "2010-09": {
            "month": "2010-09",
            "price": "18.49",
            "revenue": 106091
        },
        "2010-10": {
            "month": "2010-10",
            "price": "15.78",
            "revenue": 119266
        },
        "2010-11": {
            "month": "2010-11",
            "price": "18.17",
            "revenue": 169444
        },
        "2010-12": {
            "month": "2010-12",
            "price": "16.95",
            "revenue": 179830
        },
        "2011-01": {
            "month": "2011-01",
            "price": "18.06",
            "revenue": 134350
        },
        "2011-02": {
            "month": "2011-02",
            "price": "18.77",
            "revenue": 101190
        },
        "2011-03": {
            "month": "2011-03",
            "price": "20.18",
            "revenue": 127998
        },
        "2011-04": {
            "month": "2011-04",
            "price": "25.45",
            "revenue": 127364
        },
        "2011-05": {
            "month": "2011-05",
            "price": "32.16",
            "revenue": 142698
        },
        "2011-06": {
            "month": "2011-06",
            "price": "28.17",
            "revenue": 100450
        },
        "2011-07": {
            "month": "2011-07",
            "price": "22.63",
            "revenue": 110771
        },
        "2011-08": {
            "month": "2011-08",
            "price": "21.00",
            "revenue": 131563
        },
        "2011-09": {
            "month": "2011-09",
            "price": "22.24",
            "revenue": 162134
        },
        "2011-10": {
            "month": "2011-10",
            "price": "22.10",
            "revenue": 127700
        },
        "2011-11": {
            "month": "2011-11",
            "price": "20.50",
            "revenue": 149128
        },
        "2011-12": {
            "month": "2011-12",
            "price": "20.63",
            "revenue": 149868
        },
        "2012-01": {
            "month": "2012-01",
            "price": "22.30",
            "revenue": 111926
        },
        "2012-02": {
            "month": "2012-02",
            "price": "25.31",
            "revenue": 144014
        },
        "2012-03": {
            "month": "2012-03",
            "price": "25.83",
            "revenue": 170856
        },
        "2012-04": {
            "month": "2012-04",
            "price": "25.93",
            "revenue": 127604
        },
        "2012-05": {
            "month": "2012-05",
            "price": "24.40",
            "revenue": 107198
        },
        "2012-06": {
            "month": "2012-06",
            "price": "23.00",
            "revenue": 125573
        },
        "2012-07": {
            "month": "2012-07",
            "price": "21.62",
            "revenue": 132161
        },
        "2012-08": {
            "month": "2012-08",
            "price": "22.86",
            "revenue": 160560
        },
        "2012-09": {
            "month": "2012-09",
            "price": "23.21",
            "revenue": 208258
        },
        "2012-10": {
            "month": "2012-10",
            "price": "23.11",
            "revenue": 203108
        },
        "2012-11": {
            "month": "2012-11",
            "price": "23.95",
            "revenue": 102076
        },
        "2012-12": {
            "month": "2012-12",
            "price": "27.46",
            "revenue": 166569
        },
        "2013-01": {
            "month": "2013-01",
            "price": "30.46",
            "revenue": 164359
        },
        "2013-02": {
            "month": "2013-02",
            "price": "32.80",
            "revenue": 167543
        },
        "2013-03": {
            "month": "2013-03",
            "price": "35.63",
            "revenue": 232117
        },
        "2013-04": {
            "month": "2013-04",
            "price": "49.09",
            "revenue": 220430
        },
        "2013-05": {
            "month": "2013-05",
            "price": "58.98",
            "revenue": 227848
        },
        "2013-06": {
            "month": "2013-06",
            "price": "79.00",
            "revenue": 276854
        },
        "2013-07": {
            "month": "2013-07",
            "price": "97.56",
            "revenue": 263501
        },
        "2013-08": {
            "month": "2013-08",
            "price": "111.86",
            "revenue": 180021
        },
        "2013-09": {
            "month": "2013-09",
            "price": "111.04",
            "revenue": 195178
        },
        "2013-10": {
            "month": "2013-10",
            "price": "135.11",
            "revenue": 234640
        },
        "2013-11": {
            "month": "2013-11",
            "price": "136.00",
            "revenue": 244933
        },
        "2013-12": {
            "month": "2013-12",
            "price": "168.91",
            "revenue": 253361
        },
        "2014-01": {
            "month": "2014-01",
            "price": "192.28",
            "revenue": 285259
        },
        "2014-02": {
            "month": "2014-02",
            "price": "188.47",
            "revenue": 175163
        },
        "2014-03": {
            "month": "2014-03",
            "price": "200.14",
            "revenue": 319534
        },
        "2014-04": {
            "month": "2014-04",
            "price": "202.45",
            "revenue": 208522
        },
        "2014-05": {
            "month": "2014-05",
            "price": "177.43",
            "revenue": 227483
        },
        "2014-06": {
            "month": "2014-06",
            "price": "192.38",
            "revenue": 275199
        },
        "2014-07": {
            "month": "2014-07",
            "price": "179.70",
            "revenue": 391437
        },
        "2014-08": {
            "month": "2014-08",
            "price": "183.76",
            "revenue": 405376
        },
        "2014-09": {
            "month": "2014-09",
            "price": "171.64",
            "revenue": 474372
        },
        "2014-10": {
            "month": "2014-10",
            "price": "153.14",
            "revenue": 225619
        },
        "2014-11": {
            "month": "2014-11",
            "price": "132.68",
            "revenue": 245928
        },
        "2014-12": {
            "month": "2014-12",
            "price": "122.00",
            "revenue": 315695
        },
        "2015-01": {
            "month": "2015-01",
            "price": "140.60",
            "revenue": 650828
        },
        "2015-02": {
            "month": "2015-02",
            "price": "147.35",
            "revenue": 623526
        },
        "2015-03": {
            "month": "2015-03",
            "price": "163.68",
            "revenue": 688880
        },
        "2015-04": {
            "month": "2015-04",
            "price": "184.52",
            "revenue": 559475
        },
        "2015-05": {
            "month": "2015-05",
            "price": "156.58",
            "revenue": 183014
        },
        "2015-06": {
            "month": "2015-06",
            "price": "128.67",
            "revenue": 279512
        },
        "2015-07": {
            "month": "2015-07",
            "price": "119.61",
            "revenue": 442477
        },
        "2015-08": {
            "month": "2015-08",
            "price": "101.12",
            "revenue": 434291
        },
        "2015-09": {
            "month": "2015-09",
            "price": "96.67",
            "revenue": 298870
        },
        "2015-10": {
            "month": "2015-10",
            "price": "99.18",
            "revenue": 361858
        },
        "2015-11": {
            "month": "2015-11",
            "price": "117.14",
            "revenue": 211212
        },
        "2015-12": {
            "month": "2015-12",
            "price": "116.11",
            "revenue": 284353
        },
        "2016-01": {
            "month": "2016-01",
            "price": "97.70",
            "revenue": 226035
        },
        "2016-02": {
            "month": "2016-02",
            "price": "94.44",
            "revenue": 180087
        },
        "2016-03": {
            "month": "2016-03",
            "price": "95.00",
            "revenue": 160589
        },
        "2016-04": {
            "month": "2016-04",
            "price": "83.35",
            "revenue": 207128
        },
        "2016-05": {
            "month": "2016-05",
            "price": "72.49",
            "revenue": 424215
        },
        "2016-06": {
            "month": "2016-06",
            "price": "90.23",
            "revenue": 381322
        },
        "2016-07": {
            "month": "2016-07",
            "price": "86.29",
            "revenue": 244817
        },
        "2016-08": {
            "month": "2016-08",
            "price": "75.80",
            "revenue": 231301
        },
        "2016-09": {
            "month": "2016-09",
            "price": "71.86",
            "revenue": 344636
        },
        "2016-10": {
            "month": "2016-10",
            "price": "67.50",
            "revenue": 395757
        },
        "2016-11": {
            "month": "2016-11",
            "price": "61.33",
            "revenue": 308941
        },
        "2016-12": {
            "month": "2016-12",
            "price": "64.51",
            "revenue": 293217
        },
        "2017-01": {
            "month": "2017-01",
            "price": "65.99",
            "revenue": 171333
        },
        "2017-02": {
            "month": "2017-02",
            "price": "65.21",
            "revenue": 227460
        },
        "2017-03": {
            "month": "2017-03",
            "price": "71.08",
            "revenue": 224047
        },
        "2017-04": {
            "month": "2017-04",
            "price": "68.17",
            "revenue": 151546
        },
        "2017-05": {
            "month": "2017-05",
            "price": "64.16",
            "revenue": 131653
        },
        "2017-06": {
            "month": "2017-06",
            "price": "59.31",
            "revenue": 229397
        },
        "2017-07": {
            "month": "2017-07",
            "price": "57.37",
            "revenue": 292445
        },
        "2017-08": {
            "month": "2017-08",
            "price": "56.66",
            "revenue": 277041
        },
        "2017-09": {
            "month": "2017-09",
            "price": "54.49",
            "revenue": 183662
        },
        "2017-10": {
            "month": "2017-10",
            "price": "47.44",
            "revenue": 194551
        },
        "2017-11": {
            "month": "2017-11",
            "price": "43.10",
            "revenue": 227847
        },
        "2017-12": {
            "month": "2017-12",
            "price": "40.88",
            "revenue": 309166
        },
        "2018-01": {
            "month": "2018-01",
            "price": "42.99",
            "revenue": 206334
        },
        "2018-02": {
            "month": "2018-02",
            "price": "39.12",
            "revenue": 146640
        },
        "2018-03": {
            "month": "2018-03",
            "price": "36.05",
            "revenue": 249913
        },
        "2018-04": {
            "month": "2018-04",
            "price": "33.03",
            "revenue": 188046
        },
        "2018-05": {
            "month": "2018-05",
            "price": "31.46",
            "revenue": 249952
        },
        "2018-06": {
            "month": "2018-06",
            "price": "44.60",
            "revenue": 232221
        },
        "2018-07": {
            "month": "2018-07",
            "price": "45.58",
            "revenue": 276537
        },
        "2018-08": {
            "month": "2018-08",
            "price": "44.14",
            "revenue": 238187
        },
        "2018-09": {
            "month": "2018-09",
            "price": "39.14",
            "revenue": 241452
        },
        "2018-10": {
            "month": "2018-10",
            "price": "34.13",
            "revenue": 244525
        },
        "2018-11": {
            "month": "2018-11",
            "price": "31.78",
            "revenue": 254491
        },
        "2018-12": {
            "month": "2018-12",
            "price": "32.09",
            "revenue": 339449
        },
        "2019-01": {
            "month": "2019-01",
            "price": "33.81",
            "revenue": 337932
        },
        "2019-02": {
            "month": "2019-02",
            "price": "37.99",
            "revenue": 412700
        },
        "2019-03": {
            "month": "2019-03",
            "price": "48.51",
            "revenue": 358865
        },
        "2019-04": {
            "month": "2019-04",
            "price": "48.17",
            "revenue": 173774
        },
        "2019-05": {
            "month": "2019-05",
            "price": "40.61",
            "revenue": 216560
        },
        "2019-06": {
            "month": "2019-06",
            "price": "40.64",
            "revenue": 250190
        },
        "2019-07": {
            "month": "2019-07",
            "price": "42.58",
            "revenue": 353791
        },
        "2019-08": {
            "month": "2019-08",
            "price": "43.30",
            "revenue": 300745
        },
        "2019-09": {
            "month": "2019-09",
            "price": "42.13",
            "revenue": 299444
        },
        "2019-10": {
            "month": "2019-10",
            "price": "40.38",
            "revenue": 228877
        },
        "2019-11": {
            "month": "2019-11",
            "price": "36.79",
            "revenue": 378178
        },
        "2019-12": {
            "month": "2019-12",
            "price": "38.80",
            "revenue": 454374
        },
        "2020-01": {
            "month": "2020-01",
            "price": "40.85",
            "revenue": 268272
        },
        "2020-02": {
            "month": "2020-02",
            "price": "38.74",
            "revenue": 262371
        },
        "2020-03": {
            "month": "2020-03",
            "price": "30.39",
            "revenue": 286113
        },
        "2020-04": {
            "month": "2020-04",
            "price": "30.55",
            "revenue": 215313
        },
        "2020-05": {
            "month": "2020-05",
            "price": "47.80",
            "revenue": 261525
        },
        "2020-06": {
            "month": "2020-06",
            "price": "74.55",
            "revenue": 264131
        },
        "2020-07": {
            "month": "2020-07",
            "price": "67.54",
            "revenue": 255001
        },
        "2020-08": {
            "month": "2020-08",
            "price": "62.50",
            "revenue": 282357
        },
        "2020-09": {
            "month": "2020-09",
            "price": "56.29",
            "revenue": 229179
        },
        "2020-10": {
            "month": "2020-10",
            "price": "49.28",
            "revenue": 210980
        },
        "2020-11": {
            "month": "2020-11",
            "price": "49.35",
            "revenue": 219590
        },
        "2020-12": {
            "month": "2020-12",
            "price": "50.82",
            "revenue": 236815
        },
        "2021-01": {
            "month": "2021-01",
            "price": "46.09",
            "revenue": 234793
        },
        "2021-02": {
            "month": "2021-02",
            "price": "42.90",
            "revenue": 213955
        },
        "2021-03": {
            "month": "2021-03",
            "price": "45.29",
            "revenue": 291295
        },
        "2021-04": {
            "month": "2021-04",
            "price": "52.73",
            "revenue": 263398
        },
        "2021-05": {
            "month": "2021-05",
            "price": "42.05",
            "revenue": 267592
        },
        "2021-06": {
            "month": "2021-06",
            "price": "40.35",
            "revenue": 336991
        },
        "2021-07": {
            "month": "2021-07",
            "price": "44.26",
            "revenue": 277755
        },
        "2021-08": {
            "month": "2021-08",
            "price": "40.90",
            "revenue": 337075
        },
        "2021-09": {
            "month": "2021-09",
            "price": "42.27",
            "revenue": 394272
        },
        "2021-10": {
            "month": "2021-10",
            "price": "51.28",
            "revenue": 302169
        },
        "2021-11": {
            "month": "2021-11",
            "price": "51.71",
            "revenue": 285730
        },
        "2021-12": {
            "month": "2021-12",
            "price": "51.63",
            "revenue": 250563
        },
        "2022-01": {
            "month": "2022-01",
            "price": "56.82",
            "revenue": 211181
        },
        "2022-02": {
            "month": "2022-02",
            "price": "54.67",
            "revenue": 212478
        },
        "2022-03": {
            "month": "2022-03",
            "price": "52.26",
            "revenue": 314318
        },
        "2022-04": {
            "month": "2022-04",
            "price": "54.94",
            "revenue": 290374
        },
        "2022-05": {
            "month": "2022-05",
            "price": "46.51",
            "revenue": 443574
        },
        "2022-06": {
            "month": "2022-06",
            "price": "49.09",
            "revenue": 605641
        },
        "2022-07": {
            "month": "2022-07",
            "price": "52.24",
            "revenue": 479545
        },
        "2022-08": {
            "month": "2022-08",
            "price": "61.85",
            "revenue": 520449
        },
        "2022-09": {
            "month": "2022-09",
            "price": "69.34",
            "revenue": 525569
        },
        "2022-10": {
            "month": "2022-10",
            "price": "62.62",
            "revenue": 570934
        },
        "2022-11": {
            "month": "2022-11",
            "price": "72.14",
            "revenue": 663666
        },
        "2022-12": {
            "month": "2022-12",
            "price": "103.58",
            "revenue": 668771
        },
        "2023-01": {
            "month": "2023-01",
            "price": "115.76",
            "revenue": 388267
        },
        "2023-02": {
            "month": "2023-02",
            "price": "128.42",
            "revenue": 419873
        },
        "2023-03": {
            "month": "2023-03",
            "price": "122.00",
            "revenue": 682271
        },
        "2023-04": {
            "month": "2023-04",
            "price": "175.65",
            "revenue": 463035
        }
    }
}
