{
    "summary": {
        "stock_name": "海華",
        "stock_id": "3694",
        "category": "通信網路",
        "main_business": "無線網路通訊模組產品之研究開發、生產製造及銷售<br>數位影像處理模組產品之研究開發、生產製造及銷售",
        "website_url": "http://www.azurewave.com",
        "ceo": "鄭光志",
        "pe_ratio": 13,
        "report_year_from": 2009,
        "report_year_to": 2023,
        "age": 14,
        "eps_negative_percentage": 33,
        "eps_growth_avg": {
            "last_all": -39.97,
            "last_2y": -2.18,
            "last_4y": -34.79,
            "last_8y": -12.54,
            "last_12y": -39.97,
            "last_16y": null,
            "last_20y": null,
            "at_2006_last_3y": null,
            "at_2007_last_3y": null,
            "at_2008_last_3y": null,
            "at_2009_last_3y": null,
            "at_2010_last_3y": null,
            "at_2011_last_3y": null,
            "at_2012_last_3y": null,
            "at_2013_last_3y": -85.68,
            "at_2014_last_3y": -93.43,
            "at_2015_last_3y": -100,
            "at_2016_last_3y": 100,
            "at_2017_last_3y": 20.83,
            "at_2018_last_3y": -19.44,
            "at_2019_last_3y": -19.44,
            "at_2020_last_3y": -79.17,
            "at_2021_last_3y": -49.26,
            "at_2022_last_3y": -2.18,
            "at_2023_last_3y": -2.18,
            "at_2006_last_all": null,
            "at_2007_last_all": null,
            "at_2008_last_all": null,
            "at_2009_last_all": null,
            "at_2010_last_all": null,
            "at_2011_last_all": -78.52,
            "at_2012_last_all": -85.68,
            "at_2013_last_all": -85.68,
            "at_2014_last_all": -85.68,
            "at_2015_last_all": -85.68,
            "at_2016_last_all": -39.26,
            "at_2017_last_all": -43.08,
            "at_2018_last_all": -52.56,
            "at_2019_last_all": -52.56,
            "at_2020_last_all": -52.56,
            "at_2021_last_all": -44.84,
            "at_2022_last_all": -39.97,
            "at_2023_last_all": -39.97
        },
        "latest_eps": 2.1,
        "latest_price": 27.3,
        "latest_roe": 13.33,
        "latest_gross_margin": 12.93,
        "latest_equity": 2639517,
        "latest_revenue": 2079164,
        "latest_gross_profit": 268860,
        "latest_net_income": 30290,
        "latest_debt_ratio": 49.96,
        "latest_current_ratio": 159.25,
        "latest_account_receivable_turnover_ratio": 1.25,
        "latest_inventory_turnover_ratio": 0.93,
        "latest_reinvestment_rate": -45.79,
        "latest_research_to_sale_ratio": 6.28
    },
    "eps_dividends": {
        "2001": {
            "cash": 0,
            "stock": 0,
            "eps": 0
        },
        "2002": {
            "cash": 0,
            "stock": 0,
            "eps": 0
        },
        "2003": {
            "cash": 0,
            "stock": 0,
            "eps": 0
        },
        "2004": {
            "cash": 0,
            "stock": 0,
            "eps": 0
        },
        "2005": {
            "cash": 0,
            "stock": 0,
            "eps": 0
        },
        "2006": {
            "cash": 0,
            "stock": 0,
            "eps": 0
        },
        "2007": {
            "cash": 0,
            "stock": 0,
            "eps": 0
        },
        "2008": {
            "cash": 0,
            "stock": 0,
            "eps": 0
        },
        "2009": {
            "cash": 0,
            "stock": 0,
            "eps": 3.32
        },
        "2010": {
            "cash": 1.5,
            "stock": 1,
            "eps": 0.99
        },
        "2011": {
            "cash": 1.66,
            "stock": 0,
            "eps": 0.13
        },
        "2012": {
            "cash": 0,
            "stock": 0,
            "eps": -1.01
        },
        "2013": {
            "cash": 0,
            "stock": 0,
            "eps": -1.99
        },
        "2014": {
            "cash": 0,
            "stock": 0,
            "eps": -4.32
        },
        "2015": {
            "cash": 0,
            "stock": 0,
            "eps": 0.3
        },
        "2016": {
            "cash": 0,
            "stock": 0,
            "eps": 0.6
        },
        "2017": {
            "cash": 0,
            "stock": 0,
            "eps": 0.25
        },
        "2018": {
            "cash": 0,
            "stock": 0,
            "eps": -0.82
        },
        "2019": {
            "cash": 0,
            "stock": 0,
            "eps": -0.76
        },
        "2020": {
            "cash": 0,
            "stock": 0,
            "eps": 2.02
        },
        "2021": {
            "cash": 0,
            "stock": 0,
            "eps": 2.05
        },
        "2022": {
            "cash": 0,
            "stock": 0,
            "eps": 1.93
        },
        "2023": {
            "cash": 0,
            "stock": 0,
            "eps": 0.2
        }
    },
    "dividends": {
        "2010-04-15": {
            "cash": 1.5,
            "stock": 1
        },
        "2011-03-21": {
            "cash": 1.66,
            "stock": 0
        }
    },
    "prices": {
        "200101": "無",
        "200102": "無",
        "200103": "無",
        "200104": "無",
        "200105": "無",
        "200106": "無",
        "200107": "無",
        "200108": "無",
        "200109": "無",
        "200110": "無",
        "200111": "無",
        "200112": "無",
        "200201": "無",
        "200202": "無",
        "200203": "無",
        "200204": "無",
        "200205": "無",
        "200206": "無",
        "200207": "無",
        "200208": "無",
        "200209": "無",
        "200210": "無",
        "200211": "無",
        "200212": "無",
        "200301": "無",
        "200302": "無",
        "200303": "無",
        "200304": "無",
        "200305": "無",
        "200306": "無",
        "200307": "無",
        "200308": "無",
        "200309": "無",
        "200310": "無",
        "200311": "無",
        "200312": "無",
        "200401": "無",
        "200402": "無",
        "200403": "無",
        "200404": "無",
        "200405": "無",
        "200406": "無",
        "200407": "無",
        "200408": "無",
        "200409": "無",
        "200410": "無",
        "200411": "無",
        "200412": "無",
        "200501": "無",
        "200502": "無",
        "200503": "無",
        "200504": "無",
        "200505": "無",
        "200506": "無",
        "200507": "無",
        "200508": "無",
        "200509": "無",
        "200510": "無",
        "200511": "無",
        "200512": "無",
        "200601": "無",
        "200602": "無",
        "200603": "無",
        "200604": "無",
        "200605": "無",
        "200606": "無",
        "200607": "無",
        "200608": "無",
        "200609": "無",
        "200610": "無",
        "200611": "無",
        "200612": "無",
        "200701": "無",
        "200702": "無",
        "200703": "無",
        "200704": "無",
        "200705": "無",
        "200706": "無",
        "200707": "無",
        "200708": "無",
        "200709": "無",
        "200710": "無",
        "200711": "無",
        "200712": "無",
        "200801": "無",
        "200802": "無",
        "200803": "無",
        "200804": "無",
        "200805": "無",
        "200806": "無",
        "200807": "無",
        "200808": "無",
        "200809": "無",
        "200810": "無",
        "200811": "無",
        "200812": "無",
        "200901": "無",
        "200902": "無",
        "200903": "無",
        "200904": "無",
        "200905": "無",
        "200906": "無",
        "200907": "無",
        "200908": "無",
        "200909": "無",
        "200910": "58.47",
        "200911": "76.94",
        "200912": "67.79",
        "201001": "66.58",
        "201002": "70.31",
        "201003": "74.84",
        "201004": "78.66",
        "201005": "80.84",
        "201006": "80.39",
        "201007": "79.74",
        "201008": "81.00",
        "201009": "76.97",
        "201010": "74.54",
        "201011": "65.48",
        "201012": "65.18",
        "201101": "62.17",
        "201102": "64.26",
        "201103": "56.67",
        "201104": "45.67",
        "201105": "35.10",
        "201106": "39.10",
        "201107": "37.84",
        "201108": "30.71",
        "201109": "28.58",
        "201110": "27.14",
        "201111": "27.22",
        "201112": "23.51",
        "201201": "23.55",
        "201202": "28.45",
        "201203": "33.72",
        "201204": "28.29",
        "201205": "26.74",
        "201206": "25.47",
        "201207": "26.01",
        "201208": "25.76",
        "201209": "29.22",
        "201210": "24.43",
        "201211": "19.05",
        "201212": "20.19",
        "201301": "21.33",
        "201302": "20.73",
        "201303": "19.68",
        "201304": "19.38",
        "201305": "19.51",
        "201306": "18.86",
        "201307": "17.88",
        "201308": "19.74",
        "201309": "19.09",
        "201310": "18.23",
        "201311": "16.34",
        "201312": "16.59",
        "201401": "18.11",
        "201402": "18.14",
        "201403": "17.85",
        "201404": "17.27",
        "201405": "16.47",
        "201406": "18.60",
        "201407": "16.95",
        "201408": "15.60",
        "201409": "15.70",
        "201410": "14.02",
        "201411": "13.97",
        "201412": "14.71",
        "201501": "15.05",
        "201502": "14.64",
        "201503": "14.52",
        "201504": "15.24",
        "201505": "17.03",
        "201506": "19.13",
        "201507": "19.95",
        "201508": "12.42",
        "201509": "14.40",
        "201510": "16.82",
        "201511": "18.52",
        "201512": "17.87",
        "201601": "15.00",
        "201602": "15.95",
        "201603": "16.70",
        "201604": "16.08",
        "201605": "14.81",
        "201606": "14.56",
        "201607": "15.86",
        "201608": "17.07",
        "201609": "16.11",
        "201610": "15.06",
        "201611": "13.77",
        "201612": "13.94",
        "201701": "14.27",
        "201702": "15.18",
        "201703": "14.77",
        "201704": "13.92",
        "201705": "13.37",
        "201706": "13.82",
        "201707": "14.63",
        "201708": "15.67",
        "201709": "17.16",
        "201710": "16.56",
        "201711": "16.44",
        "201712": "16.83",
        "201801": "16.98",
        "201802": "16.30",
        "201803": "19.15",
        "201804": "21.18",
        "201805": "21.92",
        "201806": "26.40",
        "201807": "29.32",
        "201808": "25.81",
        "201809": "21.94",
        "201810": "20.10",
        "201811": "20.41",
        "201812": "21.63",
        "201901": "20.72",
        "201902": "22.21",
        "201903": "24.08",
        "201904": "22.84",
        "201905": "20.52",
        "201906": "20.16",
        "201907": "20.73",
        "201908": "20.19",
        "201909": "20.39",
        "201910": "19.75",
        "201911": "18.39",
        "201912": "18.05",
        "202001": "17.32",
        "202002": "15.80",
        "202003": "13.75",
        "202004": "13.51",
        "202005": "16.78",
        "202006": "18.02",
        "202007": "24.75",
        "202008": "29.67",
        "202009": "31.07",
        "202010": "31.53",
        "202011": "33.36",
        "202012": "30.03",
        "202101": "28.04",
        "202102": "27.71",
        "202103": "27.81",
        "202104": "30.21",
        "202105": "23.62",
        "202106": "23.65",
        "202107": "23.06",
        "202108": "22.07",
        "202109": "21.55",
        "202110": "20.89",
        "202111": "23.50",
        "202112": "26.51",
        "202201": "24.61",
        "202202": "23.86",
        "202203": "21.62",
        "202204": "20.28",
        "202205": "19.41",
        "202206": "19.16",
        "202207": "17.74",
        "202208": "20.63",
        "202209": "20.10",
        "202210": "18.46",
        "202211": "20.42",
        "202212": "20.18",
        "202301": "19.96",
        "202302": "20.47",
        "202303": "21.38",
        "202304": "24.10",
        "202305": "25.84"
    },
    "quarters": {
        "20011": {
            "year_quarter": 20011,
            "year": 2001,
            "quarter": 1,
            "eps": null,
            "eps_growth_year": null,
            "eps_4q": null,
            "eps_4q_growth_year": null,
            "roe": null,
            "roe_4q": 0,
            "gross_profit": null,
            "gross_margin": null,
            "gross_margin_4q_avg": 0,
            "net_income": null,
            "revenue": null,
            "common_shares": null,
            "book_valuer_per_share": null,
            "book_valuer_per_share_4q_avg": 0,
            "equity": null,
            "current_ratio": null,
            "debt_ratio": null,
            "inventory_turnover_ratio": null,
            "account_receivable_turnover_ratio": null,
            "reinvestment_rate": null,
            "research_to_sale_ratio": null,
            "price_fair": 0,
            "eps_avg_yearly": 0,
            "eps_latest_yearly": 0,
            "eps_growth_yearly": 0
        },
        "20012": {
            "year_quarter": 20012,
            "year": 2001,
            "quarter": 2,
            "eps": null,
            "eps_growth_year": null,
            "eps_4q": null,
            "eps_4q_growth_year": null,
            "roe": null,
            "roe_4q": 0,
            "gross_profit": null,
            "gross_margin": null,
            "gross_margin_4q_avg": 0,
            "net_income": null,
            "revenue": null,
            "common_shares": null,
            "book_valuer_per_share": null,
            "book_valuer_per_share_4q_avg": 0,
            "equity": null,
            "current_ratio": null,
            "debt_ratio": null,
            "inventory_turnover_ratio": null,
            "account_receivable_turnover_ratio": null,
            "reinvestment_rate": null,
            "research_to_sale_ratio": null,
            "price_fair": 0,
            "eps_avg_yearly": 0,
            "eps_latest_yearly": 0,
            "eps_growth_yearly": 0
        },
        "20013": {
            "year_quarter": 20013,
            "year": 2001,
            "quarter": 3,
            "eps": null,
            "eps_growth_year": null,
            "eps_4q": null,
            "eps_4q_growth_year": null,
            "roe": null,
            "roe_4q": 0,
            "gross_profit": null,
            "gross_margin": null,
            "gross_margin_4q_avg": 0,
            "net_income": null,
            "revenue": null,
            "common_shares": null,
            "book_valuer_per_share": null,
            "book_valuer_per_share_4q_avg": 0,
            "equity": null,
            "current_ratio": null,
            "debt_ratio": null,
            "inventory_turnover_ratio": null,
            "account_receivable_turnover_ratio": null,
            "reinvestment_rate": null,
            "research_to_sale_ratio": null,
            "price_fair": 0,
            "eps_avg_yearly": 0,
            "eps_latest_yearly": 0,
            "eps_growth_yearly": 0
        },
        "20014": {
            "year_quarter": 20014,
            "year": 2001,
            "quarter": 4,
            "eps": null,
            "eps_growth_year": null,
            "eps_4q": null,
            "eps_4q_growth_year": null,
            "roe": null,
            "roe_4q": 0,
            "gross_profit": null,
            "gross_margin": null,
            "gross_margin_4q_avg": 0,
            "net_income": null,
            "revenue": null,
            "common_shares": null,
            "book_valuer_per_share": null,
            "book_valuer_per_share_4q_avg": 0,
            "equity": null,
            "current_ratio": null,
            "debt_ratio": null,
            "inventory_turnover_ratio": null,
            "account_receivable_turnover_ratio": null,
            "reinvestment_rate": null,
            "research_to_sale_ratio": null,
            "price_fair": 0,
            "eps_avg_yearly": 0,
            "eps_latest_yearly": 0,
            "eps_growth_yearly": 0
        },
        "20021": {
            "year_quarter": 20021,
            "year": 2002,
            "quarter": 1,
            "eps": null,
            "eps_growth_year": null,
            "eps_4q": null,
            "eps_4q_growth_year": null,
            "roe": null,
            "roe_4q": 0,
            "gross_profit": null,
            "gross_margin": null,
            "gross_margin_4q_avg": 0,
            "net_income": null,
            "revenue": null,
            "common_shares": null,
            "book_valuer_per_share": null,
            "book_valuer_per_share_4q_avg": 0,
            "equity": null,
            "current_ratio": null,
            "debt_ratio": null,
            "inventory_turnover_ratio": null,
            "account_receivable_turnover_ratio": null,
            "reinvestment_rate": null,
            "research_to_sale_ratio": null,
            "price_fair": 0,
            "eps_avg_yearly": 0,
            "eps_latest_yearly": 0,
            "eps_growth_yearly": 0
        },
        "20022": {
            "year_quarter": 20022,
            "year": 2002,
            "quarter": 2,
            "eps": null,
            "eps_growth_year": null,
            "eps_4q": null,
            "eps_4q_growth_year": null,
            "roe": null,
            "roe_4q": 0,
            "gross_profit": null,
            "gross_margin": null,
            "gross_margin_4q_avg": 0,
            "net_income": null,
            "revenue": null,
            "common_shares": null,
            "book_valuer_per_share": null,
            "book_valuer_per_share_4q_avg": 0,
            "equity": null,
            "current_ratio": null,
            "debt_ratio": null,
            "inventory_turnover_ratio": null,
            "account_receivable_turnover_ratio": null,
            "reinvestment_rate": null,
            "research_to_sale_ratio": null,
            "price_fair": 0,
            "eps_avg_yearly": 0,
            "eps_latest_yearly": 0,
            "eps_growth_yearly": 0
        },
        "20023": {
            "year_quarter": 20023,
            "year": 2002,
            "quarter": 3,
            "eps": null,
            "eps_growth_year": null,
            "eps_4q": null,
            "eps_4q_growth_year": null,
            "roe": null,
            "roe_4q": 0,
            "gross_profit": null,
            "gross_margin": null,
            "gross_margin_4q_avg": 0,
            "net_income": null,
            "revenue": null,
            "common_shares": null,
            "book_valuer_per_share": null,
            "book_valuer_per_share_4q_avg": 0,
            "equity": null,
            "current_ratio": null,
            "debt_ratio": null,
            "inventory_turnover_ratio": null,
            "account_receivable_turnover_ratio": null,
            "reinvestment_rate": null,
            "research_to_sale_ratio": null,
            "price_fair": 0,
            "eps_avg_yearly": 0,
            "eps_latest_yearly": 0,
            "eps_growth_yearly": 0
        },
        "20024": {
            "year_quarter": 20024,
            "year": 2002,
            "quarter": 4,
            "eps": null,
            "eps_growth_year": null,
            "eps_4q": null,
            "eps_4q_growth_year": null,
            "roe": null,
            "roe_4q": 0,
            "gross_profit": null,
            "gross_margin": null,
            "gross_margin_4q_avg": 0,
            "net_income": null,
            "revenue": null,
            "common_shares": null,
            "book_valuer_per_share": null,
            "book_valuer_per_share_4q_avg": 0,
            "equity": null,
            "current_ratio": null,
            "debt_ratio": null,
            "inventory_turnover_ratio": null,
            "account_receivable_turnover_ratio": null,
            "reinvestment_rate": null,
            "research_to_sale_ratio": null,
            "price_fair": 0,
            "eps_avg_yearly": 0,
            "eps_latest_yearly": 0,
            "eps_growth_yearly": 0
        },
        "20031": {
            "year_quarter": 20031,
            "year": 2003,
            "quarter": 1,
            "eps": null,
            "eps_growth_year": null,
            "eps_4q": null,
            "eps_4q_growth_year": null,
            "roe": null,
            "roe_4q": 0,
            "gross_profit": null,
            "gross_margin": null,
            "gross_margin_4q_avg": 0,
            "net_income": null,
            "revenue": null,
            "common_shares": null,
            "book_valuer_per_share": null,
            "book_valuer_per_share_4q_avg": 0,
            "equity": null,
            "current_ratio": null,
            "debt_ratio": null,
            "inventory_turnover_ratio": null,
            "account_receivable_turnover_ratio": null,
            "reinvestment_rate": null,
            "research_to_sale_ratio": null,
            "price_fair": 0,
            "eps_avg_yearly": 0,
            "eps_latest_yearly": 0,
            "eps_growth_yearly": 0
        },
        "20032": {
            "year_quarter": 20032,
            "year": 2003,
            "quarter": 2,
            "eps": null,
            "eps_growth_year": null,
            "eps_4q": null,
            "eps_4q_growth_year": null,
            "roe": null,
            "roe_4q": 0,
            "gross_profit": null,
            "gross_margin": null,
            "gross_margin_4q_avg": 0,
            "net_income": null,
            "revenue": null,
            "common_shares": null,
            "book_valuer_per_share": null,
            "book_valuer_per_share_4q_avg": 0,
            "equity": null,
            "current_ratio": null,
            "debt_ratio": null,
            "inventory_turnover_ratio": null,
            "account_receivable_turnover_ratio": null,
            "reinvestment_rate": null,
            "research_to_sale_ratio": null,
            "price_fair": 0,
            "eps_avg_yearly": 0,
            "eps_latest_yearly": 0,
            "eps_growth_yearly": 0
        },
        "20033": {
            "year_quarter": 20033,
            "year": 2003,
            "quarter": 3,
            "eps": null,
            "eps_growth_year": null,
            "eps_4q": null,
            "eps_4q_growth_year": null,
            "roe": null,
            "roe_4q": 0,
            "gross_profit": null,
            "gross_margin": null,
            "gross_margin_4q_avg": 0,
            "net_income": null,
            "revenue": null,
            "common_shares": null,
            "book_valuer_per_share": null,
            "book_valuer_per_share_4q_avg": 0,
            "equity": null,
            "current_ratio": null,
            "debt_ratio": null,
            "inventory_turnover_ratio": null,
            "account_receivable_turnover_ratio": null,
            "reinvestment_rate": null,
            "research_to_sale_ratio": null,
            "price_fair": 0,
            "eps_avg_yearly": 0,
            "eps_latest_yearly": 0,
            "eps_growth_yearly": 0
        },
        "20034": {
            "year_quarter": 20034,
            "year": 2003,
            "quarter": 4,
            "eps": null,
            "eps_growth_year": null,
            "eps_4q": null,
            "eps_4q_growth_year": null,
            "roe": null,
            "roe_4q": 0,
            "gross_profit": null,
            "gross_margin": null,
            "gross_margin_4q_avg": 0,
            "net_income": null,
            "revenue": null,
            "common_shares": null,
            "book_valuer_per_share": null,
            "book_valuer_per_share_4q_avg": 0,
            "equity": null,
            "current_ratio": null,
            "debt_ratio": null,
            "inventory_turnover_ratio": null,
            "account_receivable_turnover_ratio": null,
            "reinvestment_rate": null,
            "research_to_sale_ratio": null,
            "price_fair": 0,
            "eps_avg_yearly": 0,
            "eps_latest_yearly": 0,
            "eps_growth_yearly": 0
        },
        "20041": {
            "year_quarter": 20041,
            "year": 2004,
            "quarter": 1,
            "eps": null,
            "eps_growth_year": null,
            "eps_4q": null,
            "eps_4q_growth_year": null,
            "roe": null,
            "roe_4q": 0,
            "gross_profit": null,
            "gross_margin": null,
            "gross_margin_4q_avg": 0,
            "net_income": null,
            "revenue": null,
            "common_shares": null,
            "book_valuer_per_share": null,
            "book_valuer_per_share_4q_avg": 0,
            "equity": null,
            "current_ratio": null,
            "debt_ratio": null,
            "inventory_turnover_ratio": null,
            "account_receivable_turnover_ratio": null,
            "reinvestment_rate": null,
            "research_to_sale_ratio": null,
            "price_fair": 0,
            "eps_avg_yearly": 0,
            "eps_latest_yearly": 0,
            "eps_growth_yearly": 0
        },
        "20042": {
            "year_quarter": 20042,
            "year": 2004,
            "quarter": 2,
            "eps": null,
            "eps_growth_year": null,
            "eps_4q": null,
            "eps_4q_growth_year": null,
            "roe": null,
            "roe_4q": 0,
            "gross_profit": null,
            "gross_margin": null,
            "gross_margin_4q_avg": 0,
            "net_income": null,
            "revenue": null,
            "common_shares": null,
            "book_valuer_per_share": null,
            "book_valuer_per_share_4q_avg": 0,
            "equity": null,
            "current_ratio": null,
            "debt_ratio": null,
            "inventory_turnover_ratio": null,
            "account_receivable_turnover_ratio": null,
            "reinvestment_rate": null,
            "research_to_sale_ratio": null,
            "price_fair": 0,
            "eps_avg_yearly": 0,
            "eps_latest_yearly": 0,
            "eps_growth_yearly": 0
        },
        "20043": {
            "year_quarter": 20043,
            "year": 2004,
            "quarter": 3,
            "eps": null,
            "eps_growth_year": null,
            "eps_4q": null,
            "eps_4q_growth_year": null,
            "roe": null,
            "roe_4q": 0,
            "gross_profit": null,
            "gross_margin": null,
            "gross_margin_4q_avg": 0,
            "net_income": null,
            "revenue": null,
            "common_shares": null,
            "book_valuer_per_share": null,
            "book_valuer_per_share_4q_avg": 0,
            "equity": null,
            "current_ratio": null,
            "debt_ratio": null,
            "inventory_turnover_ratio": null,
            "account_receivable_turnover_ratio": null,
            "reinvestment_rate": null,
            "research_to_sale_ratio": null,
            "price_fair": 0,
            "eps_avg_yearly": 0,
            "eps_latest_yearly": 0,
            "eps_growth_yearly": 0
        },
        "20044": {
            "year_quarter": 20044,
            "year": 2004,
            "quarter": 4,
            "eps": null,
            "eps_growth_year": null,
            "eps_4q": null,
            "eps_4q_growth_year": null,
            "roe": null,
            "roe_4q": 0,
            "gross_profit": null,
            "gross_margin": null,
            "gross_margin_4q_avg": 0,
            "net_income": null,
            "revenue": null,
            "common_shares": null,
            "book_valuer_per_share": null,
            "book_valuer_per_share_4q_avg": 0,
            "equity": null,
            "current_ratio": null,
            "debt_ratio": null,
            "inventory_turnover_ratio": null,
            "account_receivable_turnover_ratio": null,
            "reinvestment_rate": null,
            "research_to_sale_ratio": null,
            "price_fair": 0,
            "eps_avg_yearly": 0,
            "eps_latest_yearly": 0,
            "eps_growth_yearly": 0
        },
        "20051": {
            "year_quarter": 20051,
            "year": 2005,
            "quarter": 1,
            "eps": null,
            "eps_growth_year": null,
            "eps_4q": null,
            "eps_4q_growth_year": null,
            "roe": null,
            "roe_4q": 0,
            "gross_profit": null,
            "gross_margin": null,
            "gross_margin_4q_avg": 0,
            "net_income": null,
            "revenue": null,
            "common_shares": null,
            "book_valuer_per_share": null,
            "book_valuer_per_share_4q_avg": 0,
            "equity": null,
            "current_ratio": null,
            "debt_ratio": null,
            "inventory_turnover_ratio": null,
            "account_receivable_turnover_ratio": null,
            "reinvestment_rate": null,
            "research_to_sale_ratio": null,
            "price_fair": 0,
            "eps_avg_yearly": 0,
            "eps_latest_yearly": 0,
            "eps_growth_yearly": 0
        },
        "20052": {
            "year_quarter": 20052,
            "year": 2005,
            "quarter": 2,
            "eps": null,
            "eps_growth_year": null,
            "eps_4q": null,
            "eps_4q_growth_year": null,
            "roe": null,
            "roe_4q": 0,
            "gross_profit": null,
            "gross_margin": null,
            "gross_margin_4q_avg": 0,
            "net_income": null,
            "revenue": null,
            "common_shares": null,
            "book_valuer_per_share": null,
            "book_valuer_per_share_4q_avg": 0,
            "equity": null,
            "current_ratio": null,
            "debt_ratio": null,
            "inventory_turnover_ratio": null,
            "account_receivable_turnover_ratio": null,
            "reinvestment_rate": null,
            "research_to_sale_ratio": null,
            "price_fair": 0,
            "eps_avg_yearly": 0,
            "eps_latest_yearly": 0,
            "eps_growth_yearly": 0
        },
        "20053": {
            "year_quarter": 20053,
            "year": 2005,
            "quarter": 3,
            "eps": null,
            "eps_growth_year": null,
            "eps_4q": null,
            "eps_4q_growth_year": null,
            "roe": null,
            "roe_4q": 0,
            "gross_profit": null,
            "gross_margin": null,
            "gross_margin_4q_avg": 0,
            "net_income": null,
            "revenue": null,
            "common_shares": null,
            "book_valuer_per_share": null,
            "book_valuer_per_share_4q_avg": 0,
            "equity": null,
            "current_ratio": null,
            "debt_ratio": null,
            "inventory_turnover_ratio": null,
            "account_receivable_turnover_ratio": null,
            "reinvestment_rate": null,
            "research_to_sale_ratio": null,
            "price_fair": 0,
            "eps_avg_yearly": 0,
            "eps_latest_yearly": 0,
            "eps_growth_yearly": 0
        },
        "20054": {
            "year_quarter": 20054,
            "year": 2005,
            "quarter": 4,
            "eps": null,
            "eps_growth_year": null,
            "eps_4q": null,
            "eps_4q_growth_year": null,
            "roe": null,
            "roe_4q": 0,
            "gross_profit": null,
            "gross_margin": null,
            "gross_margin_4q_avg": 0,
            "net_income": null,
            "revenue": null,
            "common_shares": 165000,
            "book_valuer_per_share": 8.53,
            "book_valuer_per_share_4q_avg": 2.13,
            "equity": 140766,
            "current_ratio": 832.24,
            "debt_ratio": 10.7,
            "inventory_turnover_ratio": null,
            "account_receivable_turnover_ratio": null,
            "reinvestment_rate": null,
            "research_to_sale_ratio": null,
            "price_fair": 0,
            "eps_avg_yearly": 0,
            "eps_latest_yearly": 0,
            "eps_growth_yearly": 0
        },
        "20061": {
            "year_quarter": 20061,
            "year": 2006,
            "quarter": 1,
            "eps": null,
            "eps_growth_year": null,
            "eps_4q": null,
            "eps_4q_growth_year": null,
            "roe": null,
            "roe_4q": 0,
            "gross_profit": null,
            "gross_margin": null,
            "gross_margin_4q_avg": 0,
            "net_income": null,
            "revenue": null,
            "common_shares": null,
            "book_valuer_per_share": null,
            "book_valuer_per_share_4q_avg": 2.13,
            "equity": null,
            "current_ratio": null,
            "debt_ratio": null,
            "inventory_turnover_ratio": null,
            "account_receivable_turnover_ratio": null,
            "reinvestment_rate": null,
            "research_to_sale_ratio": null,
            "price_fair": 0,
            "eps_avg_yearly": 0,
            "eps_latest_yearly": 0,
            "eps_growth_yearly": 0
        },
        "20062": {
            "year_quarter": 20062,
            "year": 2006,
            "quarter": 2,
            "eps": null,
            "eps_growth_year": null,
            "eps_4q": null,
            "eps_4q_growth_year": null,
            "roe": null,
            "roe_4q": 0,
            "gross_profit": null,
            "gross_margin": null,
            "gross_margin_4q_avg": 0,
            "net_income": null,
            "revenue": null,
            "common_shares": null,
            "book_valuer_per_share": null,
            "book_valuer_per_share_4q_avg": 2.13,
            "equity": null,
            "current_ratio": null,
            "debt_ratio": null,
            "inventory_turnover_ratio": null,
            "account_receivable_turnover_ratio": null,
            "reinvestment_rate": null,
            "research_to_sale_ratio": null,
            "price_fair": 0,
            "eps_avg_yearly": 0,
            "eps_latest_yearly": 0,
            "eps_growth_yearly": 0
        },
        "20063": {
            "year_quarter": 20063,
            "year": 2006,
            "quarter": 3,
            "eps": null,
            "eps_growth_year": null,
            "eps_4q": null,
            "eps_4q_growth_year": null,
            "roe": null,
            "roe_4q": 0,
            "gross_profit": null,
            "gross_margin": null,
            "gross_margin_4q_avg": 0,
            "net_income": null,
            "revenue": null,
            "common_shares": null,
            "book_valuer_per_share": null,
            "book_valuer_per_share_4q_avg": 2.13,
            "equity": null,
            "current_ratio": null,
            "debt_ratio": null,
            "inventory_turnover_ratio": null,
            "account_receivable_turnover_ratio": null,
            "reinvestment_rate": null,
            "research_to_sale_ratio": null,
            "price_fair": 0,
            "eps_avg_yearly": 0,
            "eps_latest_yearly": 0,
            "eps_growth_yearly": 0
        },
        "20064": {
            "year_quarter": 20064,
            "year": 2006,
            "quarter": 4,
            "eps": null,
            "eps_growth_year": null,
            "eps_4q": null,
            "eps_4q_growth_year": null,
            "roe": null,
            "roe_4q": 0,
            "gross_profit": null,
            "gross_margin": null,
            "gross_margin_4q_avg": 0,
            "net_income": null,
            "revenue": null,
            "common_shares": 245229,
            "book_valuer_per_share": 7.67,
            "book_valuer_per_share_4q_avg": 1.92,
            "equity": 188064,
            "current_ratio": 187.69,
            "debt_ratio": 46.84,
            "inventory_turnover_ratio": null,
            "account_receivable_turnover_ratio": null,
            "reinvestment_rate": null,
            "research_to_sale_ratio": null,
            "price_fair": 0,
            "eps_avg_yearly": 0,
            "eps_latest_yearly": 0,
            "eps_growth_yearly": 0
        },
        "20071": {
            "year_quarter": 20071,
            "year": 2007,
            "quarter": 1,
            "eps": null,
            "eps_growth_year": null,
            "eps_4q": null,
            "eps_4q_growth_year": null,
            "roe": null,
            "roe_4q": 0,
            "gross_profit": null,
            "gross_margin": null,
            "gross_margin_4q_avg": 0,
            "net_income": null,
            "revenue": null,
            "common_shares": null,
            "book_valuer_per_share": null,
            "book_valuer_per_share_4q_avg": 1.92,
            "equity": null,
            "current_ratio": null,
            "debt_ratio": null,
            "inventory_turnover_ratio": null,
            "account_receivable_turnover_ratio": null,
            "reinvestment_rate": null,
            "research_to_sale_ratio": null,
            "price_fair": 0,
            "eps_avg_yearly": 0,
            "eps_latest_yearly": 0,
            "eps_growth_yearly": 0
        },
        "20072": {
            "year_quarter": 20072,
            "year": 2007,
            "quarter": 2,
            "eps": null,
            "eps_growth_year": null,
            "eps_4q": null,
            "eps_4q_growth_year": null,
            "roe": null,
            "roe_4q": 0,
            "gross_profit": null,
            "gross_margin": null,
            "gross_margin_4q_avg": 0,
            "net_income": null,
            "revenue": null,
            "common_shares": null,
            "book_valuer_per_share": null,
            "book_valuer_per_share_4q_avg": 1.92,
            "equity": null,
            "current_ratio": null,
            "debt_ratio": null,
            "inventory_turnover_ratio": null,
            "account_receivable_turnover_ratio": null,
            "reinvestment_rate": null,
            "research_to_sale_ratio": null,
            "price_fair": 0,
            "eps_avg_yearly": 0,
            "eps_latest_yearly": 0,
            "eps_growth_yearly": 0
        },
        "20073": {
            "year_quarter": 20073,
            "year": 2007,
            "quarter": 3,
            "eps": null,
            "eps_growth_year": null,
            "eps_4q": null,
            "eps_4q_growth_year": null,
            "roe": null,
            "roe_4q": 0,
            "gross_profit": null,
            "gross_margin": null,
            "gross_margin_4q_avg": 0,
            "net_income": null,
            "revenue": null,
            "common_shares": null,
            "book_valuer_per_share": null,
            "book_valuer_per_share_4q_avg": 1.92,
            "equity": null,
            "current_ratio": null,
            "debt_ratio": null,
            "inventory_turnover_ratio": null,
            "account_receivable_turnover_ratio": null,
            "reinvestment_rate": null,
            "research_to_sale_ratio": null,
            "price_fair": 0,
            "eps_avg_yearly": 0,
            "eps_latest_yearly": 0,
            "eps_growth_yearly": 0
        },
        "20074": {
            "year_quarter": 20074,
            "year": 2007,
            "quarter": 4,
            "eps": null,
            "eps_growth_year": null,
            "eps_4q": null,
            "eps_4q_growth_year": null,
            "roe": null,
            "roe_4q": 0,
            "gross_profit": null,
            "gross_margin": null,
            "gross_margin_4q_avg": 0,
            "net_income": null,
            "revenue": null,
            "common_shares": 245230,
            "book_valuer_per_share": 9.96,
            "book_valuer_per_share_4q_avg": 2.49,
            "equity": 244176,
            "current_ratio": 95.63,
            "debt_ratio": 82.84,
            "inventory_turnover_ratio": null,
            "account_receivable_turnover_ratio": null,
            "reinvestment_rate": null,
            "research_to_sale_ratio": null,
            "price_fair": 0,
            "eps_avg_yearly": 0,
            "eps_latest_yearly": 0,
            "eps_growth_yearly": 0
        },
        "20081": {
            "year_quarter": 20081,
            "year": 2008,
            "quarter": 1,
            "eps": null,
            "eps_growth_year": null,
            "eps_4q": null,
            "eps_4q_growth_year": null,
            "roe": null,
            "roe_4q": 0,
            "gross_profit": null,
            "gross_margin": null,
            "gross_margin_4q_avg": 0,
            "net_income": null,
            "revenue": null,
            "common_shares": null,
            "book_valuer_per_share": null,
            "book_valuer_per_share_4q_avg": 2.49,
            "equity": null,
            "current_ratio": null,
            "debt_ratio": null,
            "inventory_turnover_ratio": null,
            "account_receivable_turnover_ratio": null,
            "reinvestment_rate": null,
            "research_to_sale_ratio": null,
            "price_fair": 0,
            "eps_avg_yearly": 0,
            "eps_latest_yearly": 0,
            "eps_growth_yearly": 0
        },
        "20082": {
            "year_quarter": 20082,
            "year": 2008,
            "quarter": 2,
            "eps": null,
            "eps_growth_year": null,
            "eps_4q": null,
            "eps_4q_growth_year": null,
            "roe": null,
            "roe_4q": 0,
            "gross_profit": null,
            "gross_margin": null,
            "gross_margin_4q_avg": 0,
            "net_income": null,
            "revenue": null,
            "common_shares": null,
            "book_valuer_per_share": null,
            "book_valuer_per_share_4q_avg": 2.49,
            "equity": null,
            "current_ratio": null,
            "debt_ratio": null,
            "inventory_turnover_ratio": null,
            "account_receivable_turnover_ratio": null,
            "reinvestment_rate": null,
            "research_to_sale_ratio": null,
            "price_fair": 0,
            "eps_avg_yearly": 0,
            "eps_latest_yearly": 0,
            "eps_growth_yearly": 0
        },
        "20083": {
            "year_quarter": 20083,
            "year": 2008,
            "quarter": 3,
            "eps": null,
            "eps_growth_year": null,
            "eps_4q": null,
            "eps_4q_growth_year": null,
            "roe": null,
            "roe_4q": 0,
            "gross_profit": null,
            "gross_margin": null,
            "gross_margin_4q_avg": 0,
            "net_income": null,
            "revenue": null,
            "common_shares": null,
            "book_valuer_per_share": null,
            "book_valuer_per_share_4q_avg": 2.49,
            "equity": null,
            "current_ratio": null,
            "debt_ratio": null,
            "inventory_turnover_ratio": null,
            "account_receivable_turnover_ratio": null,
            "reinvestment_rate": null,
            "research_to_sale_ratio": null,
            "price_fair": 0,
            "eps_avg_yearly": 0,
            "eps_latest_yearly": 0,
            "eps_growth_yearly": 0
        },
        "20084": {
            "year_quarter": 20084,
            "year": 2008,
            "quarter": 4,
            "eps": null,
            "eps_growth_year": null,
            "eps_4q": null,
            "eps_4q_growth_year": null,
            "roe": null,
            "roe_4q": 0,
            "gross_profit": null,
            "gross_margin": null,
            "gross_margin_4q_avg": 0,
            "net_income": null,
            "revenue": null,
            "common_shares": 590000,
            "book_valuer_per_share": 16.44,
            "book_valuer_per_share_4q_avg": 4.11,
            "equity": 970060,
            "current_ratio": 151.08,
            "debt_ratio": 52.01,
            "inventory_turnover_ratio": null,
            "account_receivable_turnover_ratio": null,
            "reinvestment_rate": null,
            "research_to_sale_ratio": null,
            "price_fair": 0,
            "eps_avg_yearly": 0,
            "eps_latest_yearly": 0,
            "eps_growth_yearly": 0
        },
        "20091": {
            "year_quarter": 20091,
            "year": 2009,
            "quarter": 1,
            "eps": 0.2,
            "eps_growth_year": null,
            "eps_4q": null,
            "eps_4q_growth_year": null,
            "roe": 1.62,
            "roe_4q": 1.62,
            "gross_profit": 130223,
            "gross_margin": 17.87,
            "gross_margin_4q_avg": 4.47,
            "net_income": 15856,
            "revenue": 728843,
            "common_shares": 590000,
            "book_valuer_per_share": 16.75,
            "book_valuer_per_share_4q_avg": 8.3,
            "equity": 987959,
            "current_ratio": 176.25,
            "debt_ratio": 41.97,
            "inventory_turnover_ratio": 1.64,
            "account_receivable_turnover_ratio": 3.78,
            "reinvestment_rate": null,
            "research_to_sale_ratio": null,
            "price_fair": 0,
            "eps_avg_yearly": 0,
            "eps_latest_yearly": 0,
            "eps_growth_yearly": 0
        },
        "20092": {
            "year_quarter": 20092,
            "year": 2009,
            "quarter": 2,
            "eps": 1.02,
            "eps_growth_year": null,
            "eps_4q": null,
            "eps_4q_growth_year": null,
            "roe": 7.82,
            "roe_4q": 9.440000000000001,
            "gross_profit": 257861,
            "gross_margin": 23.93,
            "gross_margin_4q_avg": 10.45,
            "net_income": 80827,
            "revenue": 1077354,
            "common_shares": 590000,
            "book_valuer_per_share": 18.31,
            "book_valuer_per_share_4q_avg": 12.88,
            "equity": 1080327,
            "current_ratio": 145.22,
            "debt_ratio": 56.64,
            "inventory_turnover_ratio": 2.02,
            "account_receivable_turnover_ratio": 2.3,
            "reinvestment_rate": null,
            "research_to_sale_ratio": null,
            "price_fair": 142.8,
            "eps_avg_yearly": 4.08,
            "eps_latest_yearly": 4.08,
            "eps_growth_yearly": 1640
        },
        "20093": {
            "year_quarter": 20093,
            "year": 2009,
            "quarter": 3,
            "eps": 0.98,
            "eps_growth_year": null,
            "eps_4q": null,
            "eps_4q_growth_year": null,
            "roe": 6.64,
            "roe_4q": 16.080000000000002,
            "gross_profit": 284935,
            "gross_margin": 18.8,
            "gross_margin_4q_avg": 15.15,
            "net_income": 86376,
            "revenue": 1515730,
            "common_shares": 902735,
            "book_valuer_per_share": 16.84,
            "book_valuer_per_share_4q_avg": 17.09,
            "equity": 1520345,
            "current_ratio": 163.55,
            "debt_ratio": 52.61,
            "inventory_turnover_ratio": 2.07,
            "account_receivable_turnover_ratio": 3.24,
            "reinvestment_rate": null,
            "research_to_sale_ratio": null,
            "price_fair": 140,
            "eps_avg_yearly": 4,
            "eps_latest_yearly": 3.92,
            "eps_growth_yearly": 812.16
        },
        "20094": {
            "year_quarter": 20094,
            "year": 2009,
            "quarter": 4,
            "eps": 1.12,
            "eps_growth_year": null,
            "eps_4q": 3.05,
            "eps_4q_growth_year": null,
            "roe": 5.9,
            "roe_4q": 21.98,
            "gross_profit": 272696,
            "gross_margin": 20.97,
            "gross_margin_4q_avg": 20.39,
            "net_income": 92406,
            "revenue": 1300171,
            "common_shares": 902735,
            "book_valuer_per_share": 17.84,
            "book_valuer_per_share_4q_avg": 17.44,
            "equity": 1610261,
            "current_ratio": 184.39,
            "debt_ratio": 45.81,
            "inventory_turnover_ratio": 1.8,
            "account_receivable_turnover_ratio": 3.11,
            "reinvestment_rate": null,
            "research_to_sale_ratio": null,
            "price_fair": 145.6,
            "eps_avg_yearly": 4.16,
            "eps_latest_yearly": 4.48,
            "eps_growth_yearly": 560.49
        },
        "20101": {
            "year_quarter": 20101,
            "year": 2010,
            "quarter": 1,
            "eps": null,
            "eps_growth_year": null,
            "eps_4q": null,
            "eps_4q_growth_year": null,
            "roe": null,
            "roe_4q": 20.36,
            "gross_profit": 336664,
            "gross_margin": null,
            "gross_margin_4q_avg": 15.93,
            "net_income": 108495,
            "revenue": 1666890,
            "common_shares": 902735,
            "book_valuer_per_share": 19.01,
            "book_valuer_per_share_4q_avg": 18,
            "equity": 1716412,
            "current_ratio": 155.79,
            "debt_ratio": 55.73,
            "inventory_turnover_ratio": null,
            "account_receivable_turnover_ratio": null,
            "reinvestment_rate": null,
            "research_to_sale_ratio": null,
            "price_fair": 145.6,
            "eps_avg_yearly": 4.16,
            "eps_latest_yearly": 4.48,
            "eps_growth_yearly": 560.49
        },
        "20102": {
            "year_quarter": 20102,
            "year": 2010,
            "quarter": 2,
            "eps": 0.99,
            "eps_growth_year": -2.99,
            "eps_4q": 2.79,
            "eps_4q_growth_year": null,
            "roe": 5.77,
            "roe_4q": 18.31,
            "gross_profit": 310533,
            "gross_margin": 17.55,
            "gross_margin_4q_avg": 14.33,
            "net_income": 98258,
            "revenue": 1769610,
            "common_shares": 902735,
            "book_valuer_per_share": 18.69,
            "book_valuer_per_share_4q_avg": 18.1,
            "equity": 1687119,
            "current_ratio": 152.94,
            "debt_ratio": 57.44,
            "inventory_turnover_ratio": 1.37,
            "account_receivable_turnover_ratio": 3.58,
            "reinvestment_rate": null,
            "research_to_sale_ratio": null,
            "price_fair": 145.6,
            "eps_avg_yearly": 4.16,
            "eps_latest_yearly": 4.48,
            "eps_growth_yearly": 560.49
        },
        "20103": {
            "year_quarter": 20103,
            "year": 2010,
            "quarter": 3,
            "eps": null,
            "eps_growth_year": null,
            "eps_4q": null,
            "eps_4q_growth_year": null,
            "roe": null,
            "roe_4q": 11.67,
            "gross_profit": 241094,
            "gross_margin": null,
            "gross_margin_4q_avg": 9.63,
            "net_income": 70514,
            "revenue": 1575358,
            "common_shares": 993008,
            "book_valuer_per_share": 17.62,
            "book_valuer_per_share_4q_avg": 18.29,
            "equity": 1749254,
            "current_ratio": 160.45,
            "debt_ratio": 52.88,
            "inventory_turnover_ratio": null,
            "account_receivable_turnover_ratio": null,
            "reinvestment_rate": null,
            "research_to_sale_ratio": null,
            "price_fair": 145.6,
            "eps_avg_yearly": 4.16,
            "eps_latest_yearly": 4.48,
            "eps_growth_yearly": 560.49
        },
        "20104": {
            "year_quarter": 20104,
            "year": 2010,
            "quarter": 4,
            "eps": null,
            "eps_growth_year": null,
            "eps_4q": null,
            "eps_4q_growth_year": null,
            "roe": null,
            "roe_4q": 5.77,
            "gross_profit": 281003,
            "gross_margin": null,
            "gross_margin_4q_avg": 4.39,
            "net_income": -7907,
            "revenue": 1415229,
            "common_shares": 993008,
            "book_valuer_per_share": 17.2,
            "book_valuer_per_share_4q_avg": 18.13,
            "equity": 1707486,
            "current_ratio": 164.31,
            "debt_ratio": 49.23,
            "inventory_turnover_ratio": null,
            "account_receivable_turnover_ratio": null,
            "reinvestment_rate": null,
            "research_to_sale_ratio": null,
            "price_fair": 145.6,
            "eps_avg_yearly": 4.16,
            "eps_latest_yearly": 4.48,
            "eps_growth_yearly": 560.49
        },
        "20111": {
            "year_quarter": 20111,
            "year": 2011,
            "quarter": 1,
            "eps": 0.02,
            "eps_growth_year": null,
            "eps_4q": 1.01,
            "eps_4q_growth_year": null,
            "roe": 0.11,
            "roe_4q": 5.88,
            "gross_profit": 160454,
            "gross_margin": 12.73,
            "gross_margin_4q_avg": 7.57,
            "net_income": 1822,
            "revenue": 1260579,
            "common_shares": 993008,
            "book_valuer_per_share": 17.32,
            "book_valuer_per_share_4q_avg": 17.71,
            "equity": 1719948,
            "current_ratio": 159.84,
            "debt_ratio": 49.24,
            "inventory_turnover_ratio": 1.04,
            "account_receivable_turnover_ratio": 1.28,
            "reinvestment_rate": null,
            "research_to_sale_ratio": 7.05,
            "price_fair": 145.6,
            "eps_avg_yearly": 4.16,
            "eps_latest_yearly": 4.48,
            "eps_growth_yearly": 560.49
        },
        "20112": {
            "year_quarter": 20112,
            "year": 2011,
            "quarter": 2,
            "eps": 0.11,
            "eps_growth_year": -88.96,
            "eps_4q": 0.13,
            "eps_4q_growth_year": -95.49,
            "roe": 0.66,
            "roe_4q": 0.77,
            "gross_profit": 248889,
            "gross_margin": 15.21,
            "gross_margin_4q_avg": 6.99,
            "net_income": 12004,
            "revenue": 1636539,
            "common_shares": 1098388,
            "book_valuer_per_share": 17.57,
            "book_valuer_per_share_4q_avg": 17.43,
            "equity": 1930342,
            "current_ratio": 151.5,
            "debt_ratio": 53.96,
            "inventory_turnover_ratio": 1.13,
            "account_receivable_turnover_ratio": 1.27,
            "reinvestment_rate": null,
            "research_to_sale_ratio": 6.15,
            "price_fair": 113.05,
            "eps_avg_yearly": 3.23,
            "eps_latest_yearly": 0.44,
            "eps_growth_yearly": 870.36
        },
        "20113": {
            "year_quarter": 20113,
            "year": 2011,
            "quarter": 3,
            "eps": 0.26,
            "eps_growth_year": null,
            "eps_4q": 0.38,
            "eps_4q_growth_year": null,
            "roe": 1.44,
            "roe_4q": 2.21,
            "gross_profit": 225416,
            "gross_margin": 11.6,
            "gross_margin_4q_avg": 9.89,
            "net_income": 28236,
            "revenue": 1943281,
            "common_shares": 1098388,
            "book_valuer_per_share": 18.23,
            "book_valuer_per_share_4q_avg": 17.58,
            "equity": 2002672,
            "current_ratio": 143.65,
            "debt_ratio": 55.73,
            "inventory_turnover_ratio": 1.33,
            "account_receivable_turnover_ratio": 1.13,
            "reinvestment_rate": null,
            "research_to_sale_ratio": 5.56,
            "price_fair": 97.72,
            "eps_avg_yearly": 2.79,
            "eps_latest_yearly": 1.04,
            "eps_growth_yearly": 805.38
        },
        "20114": {
            "year_quarter": 20114,
            "year": 2011,
            "quarter": 4,
            "eps": -0.26,
            "eps_growth_year": null,
            "eps_4q": 0.12,
            "eps_4q_growth_year": null,
            "roe": -1.45,
            "roe_4q": 0.76,
            "gross_profit": 199382,
            "gross_margin": 10.69,
            "gross_margin_4q_avg": 12.56,
            "net_income": -28855,
            "revenue": 1865351,
            "common_shares": 1098388,
            "book_valuer_per_share": 18,
            "book_valuer_per_share_4q_avg": 17.78,
            "equity": 1977492,
            "current_ratio": 139.37,
            "debt_ratio": 55.23,
            "inventory_turnover_ratio": 1.5,
            "account_receivable_turnover_ratio": 1.08,
            "reinvestment_rate": null,
            "research_to_sale_ratio": 6.26,
            "price_fair": 97.72,
            "eps_avg_yearly": 2.79,
            "eps_latest_yearly": 1.04,
            "eps_growth_yearly": 805.38
        },
        "20121": {
            "year_quarter": 20121,
            "year": 2012,
            "quarter": 1,
            "eps": -0.39,
            "eps_growth_year": -2050,
            "eps_4q": -0.28,
            "eps_4q_growth_year": -127.6,
            "roe": -2.19,
            "roe_4q": -1.5399999999999996,
            "gross_profit": 230737,
            "gross_margin": 12.01,
            "gross_margin_4q_avg": 12.38,
            "net_income": -47507,
            "revenue": 1920887,
            "common_shares": 1298388,
            "book_valuer_per_share": 18.13,
            "book_valuer_per_share_4q_avg": 17.98,
            "equity": 2354113,
            "current_ratio": 148.69,
            "debt_ratio": 52.25,
            "inventory_turnover_ratio": 1.46,
            "account_receivable_turnover_ratio": 1.14,
            "reinvestment_rate": null,
            "research_to_sale_ratio": 6.54,
            "price_fair": 97.72,
            "eps_avg_yearly": 2.79,
            "eps_latest_yearly": 1.04,
            "eps_growth_yearly": 805.38
        },
        "20122": {
            "year_quarter": 20122,
            "year": 2012,
            "quarter": 2,
            "eps": 0.26,
            "eps_growth_year": 136.99,
            "eps_4q": -0.11,
            "eps_4q_growth_year": -188.71,
            "roe": 1.42,
            "roe_4q": -0.7799999999999998,
            "gross_profit": 322674,
            "gross_margin": 12.85,
            "gross_margin_4q_avg": 11.79,
            "net_income": 33628,
            "revenue": 2511510,
            "common_shares": 1298388,
            "book_valuer_per_share": 18.45,
            "book_valuer_per_share_4q_avg": 18.2,
            "equity": 2395837,
            "current_ratio": 153.31,
            "debt_ratio": 53.25,
            "inventory_turnover_ratio": 1.69,
            "account_receivable_turnover_ratio": 1.32,
            "reinvestment_rate": null,
            "research_to_sale_ratio": 6.43,
            "price_fair": 97.72,
            "eps_avg_yearly": 2.79,
            "eps_latest_yearly": 1.04,
            "eps_growth_yearly": 805.38
        },
        "20123": {
            "year_quarter": 20123,
            "year": 2012,
            "quarter": 3,
            "eps": -0.15,
            "eps_growth_year": -157.34,
            "eps_4q": -0.48,
            "eps_4q_growth_year": -224.44,
            "roe": -0.81,
            "roe_4q": -3.0300000000000002,
            "gross_profit": 281279,
            "gross_margin": 12.56,
            "gross_margin_4q_avg": 12.03,
            "net_income": -19137,
            "revenue": 2239472,
            "common_shares": 1298388,
            "book_valuer_per_share": 18.14,
            "book_valuer_per_share_4q_avg": 18.18,
            "equity": 2355819,
            "current_ratio": 146.27,
            "debt_ratio": 54.49,
            "inventory_turnover_ratio": 1.47,
            "account_receivable_turnover_ratio": 1.14,
            "reinvestment_rate": null,
            "research_to_sale_ratio": 6.64,
            "price_fair": 97.72,
            "eps_avg_yearly": 2.79,
            "eps_latest_yearly": 1.04,
            "eps_growth_yearly": 805.38
        },
        "20124": {
            "year_quarter": 20124,
            "year": 2012,
            "quarter": 4,
            "eps": -0.73,
            "eps_growth_year": null,
            "eps_4q": -0.98,
            "eps_4q_growth_year": -915.25,
            "roe": -4.08,
            "roe_4q": -5.66,
            "gross_profit": 177860,
            "gross_margin": 10.97,
            "gross_margin_4q_avg": 12.1,
            "net_income": -94260,
            "revenue": 1622015,
            "common_shares": 1298388,
            "book_valuer_per_share": 17.41,
            "book_valuer_per_share_4q_avg": 18.03,
            "equity": 2260855,
            "current_ratio": 159.65,
            "debt_ratio": 47.15,
            "inventory_turnover_ratio": 1.24,
            "account_receivable_turnover_ratio": 0.99,
            "reinvestment_rate": 190.19,
            "research_to_sale_ratio": 9.5,
            "price_fair": 97.72,
            "eps_avg_yearly": 2.79,
            "eps_latest_yearly": 1.04,
            "eps_growth_yearly": 805.38
        },
        "20131": {
            "year_quarter": 20131,
            "year": 2013,
            "quarter": 1,
            "eps": -0.48,
            "eps_growth_year": null,
            "eps_4q": -1.1,
            "eps_4q_growth_year": null,
            "roe": -2.78,
            "roe_4q": -6.25,
            "gross_profit": 183232,
            "gross_margin": 13.7,
            "gross_margin_4q_avg": 12.52,
            "net_income": -62403,
            "revenue": 1337056,
            "common_shares": 1298388,
            "book_valuer_per_share": 17.16,
            "book_valuer_per_share_4q_avg": 17.79,
            "equity": 2227674,
            "current_ratio": 168.42,
            "debt_ratio": 43.55,
            "inventory_turnover_ratio": 1.13,
            "account_receivable_turnover_ratio": 1.02,
            "reinvestment_rate": 227.56,
            "research_to_sale_ratio": 9.61,
            "price_fair": 97.72,
            "eps_avg_yearly": 2.79,
            "eps_latest_yearly": 1.04,
            "eps_growth_yearly": 805.38
        },
        "20132": {
            "year_quarter": 20132,
            "year": 2013,
            "quarter": 2,
            "eps": -0.5,
            "eps_growth_year": -293.05,
            "eps_4q": -1.85,
            "eps_4q_growth_year": null,
            "roe": -2.94,
            "roe_4q": -10.610000000000001,
            "gross_profit": 195052,
            "gross_margin": 11.89,
            "gross_margin_4q_avg": 12.28,
            "net_income": -64760,
            "revenue": 1641138,
            "common_shares": 1298388,
            "book_valuer_per_share": 16.83,
            "book_valuer_per_share_4q_avg": 17.39,
            "equity": 2184681,
            "current_ratio": 154.61,
            "debt_ratio": 48.59,
            "inventory_turnover_ratio": 1.34,
            "account_receivable_turnover_ratio": 1.16,
            "reinvestment_rate": 377.49,
            "research_to_sale_ratio": 9.27,
            "price_fair": 86.45,
            "eps_avg_yearly": 2.47,
            "eps_latest_yearly": 1.04,
            "eps_growth_yearly": 596.73
        },
        "20133": {
            "year_quarter": 20133,
            "year": 2013,
            "quarter": 3,
            "eps": -0.5,
            "eps_growth_year": null,
            "eps_4q": -2.2,
            "eps_4q_growth_year": null,
            "roe": -3.02,
            "roe_4q": -12.82,
            "gross_profit": 241597,
            "gross_margin": 14.11,
            "gross_margin_4q_avg": 12.67,
            "net_income": -64852,
            "revenue": 1712319,
            "common_shares": 1298388,
            "book_valuer_per_share": 16.25,
            "book_valuer_per_share_4q_avg": 16.91,
            "equity": 2109465,
            "current_ratio": 149.81,
            "debt_ratio": 50.4,
            "inventory_turnover_ratio": 1.34,
            "account_receivable_turnover_ratio": 1.07,
            "reinvestment_rate": 1334.65,
            "research_to_sale_ratio": 8.49,
            "price_fair": 69.53,
            "eps_avg_yearly": 1.99,
            "eps_latest_yearly": 1.04,
            "eps_growth_yearly": 800.87
        },
        "20134": {
            "year_quarter": 20134,
            "year": 2013,
            "quarter": 4,
            "eps": -0.51,
            "eps_growth_year": null,
            "eps_4q": -1.99,
            "eps_4q_growth_year": null,
            "roe": -3.2,
            "roe_4q": -11.94,
            "gross_profit": 230271,
            "gross_margin": 13.43,
            "gross_margin_4q_avg": 13.28,
            "net_income": -66753,
            "revenue": 1714731,
            "common_shares": 1298388,
            "book_valuer_per_share": 15.87,
            "book_valuer_per_share_4q_avg": 16.53,
            "equity": 2060040,
            "current_ratio": 145.12,
            "debt_ratio": 52.31,
            "inventory_turnover_ratio": 1.37,
            "account_receivable_turnover_ratio": 1.08,
            "reinvestment_rate": null,
            "research_to_sale_ratio": 8.37,
            "price_fair": 25.9,
            "eps_avg_yearly": 0.74,
            "eps_latest_yearly": 1.04,
            "eps_growth_yearly": 1172.73
        },
        "20141": {
            "year_quarter": 20141,
            "year": 2014,
            "quarter": 1,
            "eps": -0.71,
            "eps_growth_year": null,
            "eps_4q": -2.22,
            "eps_4q_growth_year": null,
            "roe": -4.57,
            "roe_4q": -13.73,
            "gross_profit": 155454,
            "gross_margin": 12.32,
            "gross_margin_4q_avg": 12.94,
            "net_income": -92273,
            "revenue": 1261985,
            "common_shares": 1298388,
            "book_valuer_per_share": 15.27,
            "book_valuer_per_share_4q_avg": 16.06,
            "equity": 1982325,
            "current_ratio": 147.46,
            "debt_ratio": 45.43,
            "inventory_turnover_ratio": 1.01,
            "account_receivable_turnover_ratio": 0.95,
            "reinvestment_rate": null,
            "research_to_sale_ratio": 9.68,
            "price_fair": 25.9,
            "eps_avg_yearly": 0.74,
            "eps_latest_yearly": 1.04,
            "eps_growth_yearly": 1172.73
        },
        "20142": {
            "year_quarter": 20142,
            "year": 2014,
            "quarter": 2,
            "eps": -2.76,
            "eps_growth_year": null,
            "eps_4q": -4.49,
            "eps_4q_growth_year": null,
            "roe": -20.02,
            "roe_4q": -30.81,
            "gross_profit": -92463,
            "gross_margin": -7.87,
            "gross_margin_4q_avg": 8,
            "net_income": -358966,
            "revenue": 1174937,
            "common_shares": 1298388,
            "book_valuer_per_share": 12.35,
            "book_valuer_per_share_4q_avg": 14.94,
            "equity": 1603549,
            "current_ratio": 130.51,
            "debt_ratio": 50.68,
            "inventory_turnover_ratio": 1.31,
            "account_receivable_turnover_ratio": 1.16,
            "reinvestment_rate": null,
            "research_to_sale_ratio": 9.97,
            "price_fair": 25.9,
            "eps_avg_yearly": 0.74,
            "eps_latest_yearly": 1.04,
            "eps_growth_yearly": 1172.73
        },
        "20143": {
            "year_quarter": 20143,
            "year": 2014,
            "quarter": 3,
            "eps": 0.18,
            "eps_growth_year": null,
            "eps_4q": -3.81,
            "eps_4q_growth_year": null,
            "roe": 1.42,
            "roe_4q": -26.37,
            "gross_profit": 256522,
            "gross_margin": 15.45,
            "gross_margin_4q_avg": 8.33,
            "net_income": 22983,
            "revenue": 1660240,
            "common_shares": 1298388,
            "book_valuer_per_share": 12.65,
            "book_valuer_per_share_4q_avg": 14.04,
            "equity": 1643027,
            "current_ratio": 122.52,
            "debt_ratio": 60.47,
            "inventory_turnover_ratio": 1.48,
            "account_receivable_turnover_ratio": 1.47,
            "reinvestment_rate": null,
            "research_to_sale_ratio": 7.41,
            "price_fair": 25.9,
            "eps_avg_yearly": 0.74,
            "eps_latest_yearly": 1.04,
            "eps_growth_yearly": 1172.73
        },
        "20144": {
            "year_quarter": 20144,
            "year": 2014,
            "quarter": 4,
            "eps": -1.03,
            "eps_growth_year": null,
            "eps_4q": -4.33,
            "eps_4q_growth_year": null,
            "roe": -8.41,
            "roe_4q": -31.58,
            "gross_profit": 95256,
            "gross_margin": 7.34,
            "gross_margin_4q_avg": 6.81,
            "net_income": -134181,
            "revenue": 1297735,
            "common_shares": 1298388,
            "book_valuer_per_share": 11.93,
            "book_valuer_per_share_4q_avg": 13.05,
            "equity": 1548777,
            "current_ratio": 125.79,
            "debt_ratio": 54.86,
            "inventory_turnover_ratio": 1.3,
            "account_receivable_turnover_ratio": 1.05,
            "reinvestment_rate": null,
            "research_to_sale_ratio": 9.13,
            "price_fair": 25.9,
            "eps_avg_yearly": 0.74,
            "eps_latest_yearly": 1.04,
            "eps_growth_yearly": 1172.73
        },
        "20151": {
            "year_quarter": 20151,
            "year": 2015,
            "quarter": 1,
            "eps": -0.63,
            "eps_growth_year": null,
            "eps_4q": -4.25,
            "eps_4q_growth_year": null,
            "roe": -5.42,
            "roe_4q": -32.43,
            "gross_profit": 165491,
            "gross_margin": 17.14,
            "gross_margin_4q_avg": 8.02,
            "net_income": -81456,
            "revenue": 965718,
            "common_shares": 1298388,
            "book_valuer_per_share": 11.23,
            "book_valuer_per_share_4q_avg": 12.04,
            "equity": 1457984,
            "current_ratio": 128.36,
            "debt_ratio": 52.57,
            "inventory_turnover_ratio": 1.04,
            "account_receivable_turnover_ratio": 0.98,
            "reinvestment_rate": null,
            "research_to_sale_ratio": 11.11,
            "price_fair": 25.9,
            "eps_avg_yearly": 0.74,
            "eps_latest_yearly": 1.04,
            "eps_growth_yearly": 1172.73
        },
        "20152": {
            "year_quarter": 20152,
            "year": 2015,
            "quarter": 2,
            "eps": -0.19,
            "eps_growth_year": null,
            "eps_4q": -1.68,
            "eps_4q_growth_year": null,
            "roe": -1.75,
            "roe_4q": -14.16,
            "gross_profit": 189245,
            "gross_margin": 13.95,
            "gross_margin_4q_avg": 13.47,
            "net_income": -25147,
            "revenue": 1356433,
            "common_shares": 1298388,
            "book_valuer_per_share": 10.94,
            "book_valuer_per_share_4q_avg": 11.69,
            "equity": 1420896,
            "current_ratio": 124.59,
            "debt_ratio": 57.77,
            "inventory_turnover_ratio": 1.49,
            "account_receivable_turnover_ratio": 1.33,
            "reinvestment_rate": null,
            "research_to_sale_ratio": 7.53,
            "price_fair": 36.4,
            "eps_avg_yearly": 1.04,
            "eps_latest_yearly": 1.04,
            "eps_growth_yearly": 545.45
        },
        "20153": {
            "year_quarter": 20153,
            "year": 2015,
            "quarter": 3,
            "eps": 0.61,
            "eps_growth_year": 238.89,
            "eps_4q": -1.25,
            "eps_4q_growth_year": null,
            "roe": 5.35,
            "roe_4q": -10.23,
            "gross_profit": 303795,
            "gross_margin": 14.03,
            "gross_margin_4q_avg": 13.12,
            "net_income": 78772,
            "revenue": 2165875,
            "common_shares": 1298388,
            "book_valuer_per_share": 11.72,
            "book_valuer_per_share_4q_avg": 11.46,
            "equity": 1522023,
            "current_ratio": 116.39,
            "debt_ratio": 67.51,
            "inventory_turnover_ratio": 1.97,
            "account_receivable_turnover_ratio": 1.26,
            "reinvestment_rate": null,
            "research_to_sale_ratio": 4.24,
            "price_fair": 0,
            "eps_avg_yearly": 0,
            "eps_latest_yearly": 0,
            "eps_growth_yearly": 0
        },
        "20154": {
            "year_quarter": 20154,
            "year": 2015,
            "quarter": 4,
            "eps": 0.51,
            "eps_growth_year": null,
            "eps_4q": 0.3,
            "eps_4q_growth_year": null,
            "roe": 4.31,
            "roe_4q": 2.49,
            "gross_profit": 292425,
            "gross_margin": 13.84,
            "gross_margin_4q_avg": 14.74,
            "net_income": 66656,
            "revenue": 2112460,
            "common_shares": 1298388,
            "book_valuer_per_share": 12.1,
            "book_valuer_per_share_4q_avg": 11.5,
            "equity": 1570516,
            "current_ratio": 130.33,
            "debt_ratio": 55.3,
            "inventory_turnover_ratio": 2.12,
            "account_receivable_turnover_ratio": 1.18,
            "reinvestment_rate": null,
            "research_to_sale_ratio": 4.76,
            "price_fair": 6.12,
            "eps_avg_yearly": 2.04,
            "eps_latest_yearly": 2.04,
            "eps_growth_yearly": -65.57
        },
        "20161": {
            "year_quarter": 20161,
            "year": 2016,
            "quarter": 1,
            "eps": 0.11,
            "eps_growth_year": null,
            "eps_4q": 1.03,
            "eps_4q_growth_year": null,
            "roe": 0.88,
            "roe_4q": 8.79,
            "gross_profit": 216406,
            "gross_margin": 14.76,
            "gross_margin_4q_avg": 14.15,
            "net_income": 13830,
            "revenue": 1465735,
            "common_shares": 1298388,
            "book_valuer_per_share": 12.15,
            "book_valuer_per_share_4q_avg": 11.73,
            "equity": 1577254,
            "current_ratio": 142.24,
            "debt_ratio": 49.77,
            "inventory_turnover_ratio": 1.89,
            "account_receivable_turnover_ratio": 1.2,
            "reinvestment_rate": null,
            "research_to_sale_ratio": 5.49,
            "price_fair": 3.72,
            "eps_avg_yearly": 1.24,
            "eps_latest_yearly": 0.44,
            "eps_growth_yearly": -189.65
        },
        "20162": {
            "year_quarter": 20162,
            "year": 2016,
            "quarter": 2,
            "eps": 0.02,
            "eps_growth_year": null,
            "eps_4q": 1.25,
            "eps_4q_growth_year": null,
            "roe": 0.18,
            "roe_4q": 10.719999999999999,
            "gross_profit": 203621,
            "gross_margin": 14.38,
            "gross_margin_4q_avg": 14.25,
            "net_income": 2780,
            "revenue": 1416180,
            "common_shares": 1298388,
            "book_valuer_per_share": 12.01,
            "book_valuer_per_share_4q_avg": 12,
            "equity": 1559005,
            "current_ratio": 145.42,
            "debt_ratio": 48.69,
            "inventory_turnover_ratio": 1.8,
            "account_receivable_turnover_ratio": 1.38,
            "reinvestment_rate": null,
            "research_to_sale_ratio": 6.25,
            "price_fair": 2.56,
            "eps_avg_yearly": 0.85,
            "eps_latest_yearly": 0.08,
            "eps_growth_yearly": -235.52
        },
        "20163": {
            "year_quarter": 20163,
            "year": 2016,
            "quarter": 3,
            "eps": 0.35,
            "eps_growth_year": -42.62,
            "eps_4q": 0.99,
            "eps_4q_growth_year": null,
            "roe": 2.92,
            "roe_4q": 8.29,
            "gross_profit": 285856,
            "gross_margin": 15.22,
            "gross_margin_4q_avg": 14.55,
            "net_income": 45819,
            "revenue": 1877871,
            "common_shares": 1298388,
            "book_valuer_per_share": 12.13,
            "book_valuer_per_share_4q_avg": 12.1,
            "equity": 1574895,
            "current_ratio": 143.09,
            "debt_ratio": 51.14,
            "inventory_turnover_ratio": 2.57,
            "account_receivable_turnover_ratio": 1.51,
            "reinvestment_rate": null,
            "research_to_sale_ratio": 4.9,
            "price_fair": 34.65,
            "eps_avg_yearly": 0.99,
            "eps_latest_yearly": 1.4,
            "eps_growth_yearly": 1473.36
        },
        "20164": {
            "year_quarter": 20164,
            "year": 2016,
            "quarter": 4,
            "eps": 0.12,
            "eps_growth_year": -76.78,
            "eps_4q": 0.6,
            "eps_4q_growth_year": 100.66,
            "roe": 0.98,
            "roe_4q": 4.96,
            "gross_profit": 223593,
            "gross_margin": 16.25,
            "gross_margin_4q_avg": 15.15,
            "net_income": 15479,
            "revenue": 1375697,
            "common_shares": 1298388,
            "book_valuer_per_share": 12.19,
            "book_valuer_per_share_4q_avg": 12.12,
            "equity": 1583289,
            "current_ratio": 141.4,
            "debt_ratio": 50.23,
            "inventory_turnover_ratio": 2.05,
            "account_receivable_turnover_ratio": 1.06,
            "reinvestment_rate": null,
            "research_to_sale_ratio": 6.76,
            "price_fair": 31.08,
            "eps_avg_yearly": 0.89,
            "eps_latest_yearly": 0.48,
            "eps_growth_yearly": 1126.11
        },
        "20171": {
            "year_quarter": 20171,
            "year": 2017,
            "quarter": 1,
            "eps": -0.17,
            "eps_growth_year": -254.55,
            "eps_4q": 0.33,
            "eps_4q_growth_year": -68.4,
            "roe": -1.39,
            "roe_4q": 2.69,
            "gross_profit": 172526,
            "gross_margin": 14.61,
            "gross_margin_4q_avg": 15.12,
            "net_income": -21704,
            "revenue": 1181155,
            "common_shares": 1298388,
            "book_valuer_per_share": 11.79,
            "book_valuer_per_share_4q_avg": 12.03,
            "equity": 1531056,
            "current_ratio": 142.27,
            "debt_ratio": 48.61,
            "inventory_turnover_ratio": 1.64,
            "account_receivable_turnover_ratio": 1.19,
            "reinvestment_rate": null,
            "research_to_sale_ratio": 6.64,
            "price_fair": 31.08,
            "eps_avg_yearly": 0.89,
            "eps_latest_yearly": 0.48,
            "eps_growth_yearly": 1126.11
        },
        "20172": {
            "year_quarter": 20172,
            "year": 2017,
            "quarter": 2,
            "eps": 0.2,
            "eps_growth_year": 900,
            "eps_4q": 0.49,
            "eps_4q_growth_year": -60.37,
            "roe": 1.71,
            "roe_4q": 4.22,
            "gross_profit": 202497,
            "gross_margin": 13.04,
            "gross_margin_4q_avg": 14.78,
            "net_income": 26436,
            "revenue": 1552374,
            "common_shares": 1334938,
            "book_valuer_per_share": 11.72,
            "book_valuer_per_share_4q_avg": 11.96,
            "equity": 1564032,
            "current_ratio": 124.23,
            "debt_ratio": 55.4,
            "inventory_turnover_ratio": 1.73,
            "account_receivable_turnover_ratio": 1.54,
            "reinvestment_rate": null,
            "research_to_sale_ratio": 5.94,
            "price_fair": 31.08,
            "eps_avg_yearly": 0.89,
            "eps_latest_yearly": 0.48,
            "eps_growth_yearly": 1126.11
        },
        "20173": {
            "year_quarter": 20173,
            "year": 2017,
            "quarter": 3,
            "eps": 0.2,
            "eps_growth_year": -42.86,
            "eps_4q": 0.35,
            "eps_4q_growth_year": -64.56,
            "roe": 1.69,
            "roe_4q": 2.9899999999999998,
            "gross_profit": 216497,
            "gross_margin": 11.91,
            "gross_margin_4q_avg": 13.95,
            "net_income": 26818,
            "revenue": 1818375,
            "common_shares": 1334938,
            "book_valuer_per_share": 12.06,
            "book_valuer_per_share_4q_avg": 11.94,
            "equity": 1609945,
            "current_ratio": 120.64,
            "debt_ratio": 58.74,
            "inventory_turnover_ratio": 1.74,
            "account_receivable_turnover_ratio": 1.45,
            "reinvestment_rate": null,
            "research_to_sale_ratio": 5.44,
            "price_fair": 30.57,
            "eps_avg_yearly": 0.87,
            "eps_latest_yearly": 0.8,
            "eps_growth_yearly": 938.43
        },
        "20174": {
            "year_quarter": 20174,
            "year": 2017,
            "quarter": 4,
            "eps": 0.02,
            "eps_growth_year": -82.92,
            "eps_4q": 0.26,
            "eps_4q_growth_year": -57.22,
            "roe": 0.17,
            "roe_4q": 2.1799999999999997,
            "gross_profit": 189477,
            "gross_margin": 11.3,
            "gross_margin_4q_avg": 12.72,
            "net_income": 2719,
            "revenue": 1677143,
            "common_shares": 1334938,
            "book_valuer_per_share": 12.07,
            "book_valuer_per_share_4q_avg": 11.91,
            "equity": 1611798,
            "current_ratio": 117.77,
            "debt_ratio": 56.7,
            "inventory_turnover_ratio": 1.72,
            "account_receivable_turnover_ratio": 1.27,
            "reinvestment_rate": null,
            "research_to_sale_ratio": 6.17,
            "price_fair": 26.6,
            "eps_avg_yearly": 0.76,
            "eps_latest_yearly": 0.08,
            "eps_growth_yearly": 752.94
        },
        "20181": {
            "year_quarter": 20181,
            "year": 2018,
            "quarter": 1,
            "eps": -0.26,
            "eps_growth_year": null,
            "eps_4q": 0.13,
            "eps_4q_growth_year": -59.45,
            "roe": -1.96,
            "roe_4q": 1.6099999999999999,
            "gross_profit": 145133,
            "gross_margin": 10.51,
            "gross_margin_4q_avg": 11.69,
            "net_income": -34347,
            "revenue": 1380416,
            "common_shares": 1334938,
            "book_valuer_per_share": 11.59,
            "book_valuer_per_share_4q_avg": 11.86,
            "equity": 1894766,
            "current_ratio": 130.22,
            "debt_ratio": 52.22,
            "inventory_turnover_ratio": 1.31,
            "account_receivable_turnover_ratio": 1.19,
            "reinvestment_rate": null,
            "research_to_sale_ratio": 6.42,
            "price_fair": 26.6,
            "eps_avg_yearly": 0.76,
            "eps_latest_yearly": 0.08,
            "eps_growth_yearly": 752.94
        },
        "20182": {
            "year_quarter": 20182,
            "year": 2018,
            "quarter": 2,
            "eps": -0.16,
            "eps_growth_year": -180,
            "eps_4q": -0.19,
            "eps_4q_growth_year": -138.61,
            "roe": -1.28,
            "roe_4q": -1.3800000000000003,
            "gross_profit": 195248,
            "gross_margin": 12.03,
            "gross_margin_4q_avg": 11.44,
            "net_income": -24000,
            "revenue": 1622755,
            "common_shares": 1509938,
            "book_valuer_per_share": 12.41,
            "book_valuer_per_share_4q_avg": 12.03,
            "equity": 1869938,
            "current_ratio": 122.14,
            "debt_ratio": 56.61,
            "inventory_turnover_ratio": 1.26,
            "account_receivable_turnover_ratio": 1.32,
            "reinvestment_rate": null,
            "research_to_sale_ratio": 5.28,
            "price_fair": 26.6,
            "eps_avg_yearly": 0.76,
            "eps_latest_yearly": 0.08,
            "eps_growth_yearly": 752.94
        },
        "20183": {
            "year_quarter": 20183,
            "year": 2018,
            "quarter": 3,
            "eps": 0.09,
            "eps_growth_year": -55,
            "eps_4q": -0.28,
            "eps_4q_growth_year": -178.85,
            "roe": 0.74,
            "roe_4q": -2.33,
            "gross_profit": 212760,
            "gross_margin": 10.51,
            "gross_margin_4q_avg": 11.09,
            "net_income": 13768,
            "revenue": 2024689,
            "common_shares": 1506858,
            "book_valuer_per_share": 12.35,
            "book_valuer_per_share_4q_avg": 12.11,
            "equity": 1860722,
            "current_ratio": 114.31,
            "debt_ratio": 61.51,
            "inventory_turnover_ratio": 1.41,
            "account_receivable_turnover_ratio": 1.31,
            "reinvestment_rate": null,
            "research_to_sale_ratio": 4.87,
            "price_fair": 26.6,
            "eps_avg_yearly": 0.76,
            "eps_latest_yearly": 0.08,
            "eps_growth_yearly": 752.94
        },
        "20184": {
            "year_quarter": 20184,
            "year": 2018,
            "quarter": 4,
            "eps": -0.49,
            "eps_growth_year": -2506.57,
            "eps_4q": -0.79,
            "eps_4q_growth_year": -406.21,
            "roe": -4.09,
            "roe_4q": -6.59,
            "gross_profit": 163648,
            "gross_margin": 8.63,
            "gross_margin_4q_avg": 10.42,
            "net_income": -73848,
            "revenue": 1896097,
            "common_shares": 1506858,
            "book_valuer_per_share": 11.61,
            "book_valuer_per_share_4q_avg": 11.99,
            "equity": 1749726,
            "current_ratio": 108.86,
            "debt_ratio": 60.77,
            "inventory_turnover_ratio": 1.45,
            "account_receivable_turnover_ratio": 1.15,
            "reinvestment_rate": 1304.23,
            "research_to_sale_ratio": 5.99,
            "price_fair": 26.6,
            "eps_avg_yearly": 0.76,
            "eps_latest_yearly": 0.08,
            "eps_growth_yearly": 752.94
        },
        "20191": {
            "year_quarter": 20191,
            "year": 2019,
            "quarter": 1,
            "eps": -0.75,
            "eps_growth_year": null,
            "eps_4q": -1.3,
            "eps_4q_growth_year": -1085.79,
            "roe": -6.63,
            "roe_4q": -11.259999999999998,
            "gross_profit": 109001,
            "gross_margin": 7.34,
            "gross_margin_4q_avg": 9.63,
            "net_income": -112460,
            "revenue": 1484951,
            "common_shares": 1506578,
            "book_valuer_per_share": 10.91,
            "book_valuer_per_share_4q_avg": 11.82,
            "equity": 1643359,
            "current_ratio": 102.01,
            "debt_ratio": 63.11,
            "inventory_turnover_ratio": 1.4,
            "account_receivable_turnover_ratio": 1.01,
            "reinvestment_rate": 34776.83,
            "research_to_sale_ratio": 6.38,
            "price_fair": 26.6,
            "eps_avg_yearly": 0.76,
            "eps_latest_yearly": 0.08,
            "eps_growth_yearly": 752.94
        },
        "20192": {
            "year_quarter": 20192,
            "year": 2019,
            "quarter": 2,
            "eps": -0.17,
            "eps_growth_year": null,
            "eps_4q": -1.32,
            "eps_4q_growth_year": null,
            "roe": -1.59,
            "roe_4q": -11.57,
            "gross_profit": 178107,
            "gross_margin": 9.31,
            "gross_margin_4q_avg": 8.95,
            "net_income": -25929,
            "revenue": 1913785,
            "common_shares": 1506578,
            "book_valuer_per_share": 10.78,
            "book_valuer_per_share_4q_avg": 11.41,
            "equity": 1623677,
            "current_ratio": 100.86,
            "debt_ratio": 66,
            "inventory_turnover_ratio": 1.85,
            "account_receivable_turnover_ratio": 1.23,
            "reinvestment_rate": 73684.28,
            "research_to_sale_ratio": 5.08,
            "price_fair": 26.6,
            "eps_avg_yearly": 0.76,
            "eps_latest_yearly": 0.08,
            "eps_growth_yearly": 752.94
        },
        "20193": {
            "year_quarter": 20193,
            "year": 2019,
            "quarter": 3,
            "eps": 0.07,
            "eps_growth_year": -22.22,
            "eps_4q": -1.34,
            "eps_4q_growth_year": null,
            "roe": 0.62,
            "roe_4q": -11.69,
            "gross_profit": 229933,
            "gross_margin": 10.05,
            "gross_margin_4q_avg": 8.83,
            "net_income": 10061,
            "revenue": 2286871,
            "common_shares": 1505978,
            "book_valuer_per_share": 10.83,
            "book_valuer_per_share_4q_avg": 11.03,
            "equity": 1631025,
            "current_ratio": 102.22,
            "debt_ratio": 68.24,
            "inventory_turnover_ratio": 2.22,
            "account_receivable_turnover_ratio": 1.16,
            "reinvestment_rate": null,
            "research_to_sale_ratio": 4.65,
            "price_fair": 26.6,
            "eps_avg_yearly": 0.76,
            "eps_latest_yearly": 0.08,
            "eps_growth_yearly": 752.94
        },
        "20194": {
            "year_quarter": 20194,
            "year": 2019,
            "quarter": 4,
            "eps": 0.09,
            "eps_growth_year": null,
            "eps_4q": -0.76,
            "eps_4q_growth_year": null,
            "roe": 0.86,
            "roe_4q": -6.74,
            "gross_profit": 244371,
            "gross_margin": 12.26,
            "gross_margin_4q_avg": 9.74,
            "net_income": 13942,
            "revenue": 1992945,
            "common_shares": 1505978,
            "book_valuer_per_share": 10.67,
            "book_valuer_per_share_4q_avg": 10.8,
            "equity": 1605920,
            "current_ratio": 100.95,
            "debt_ratio": 67.66,
            "inventory_turnover_ratio": 1.8,
            "account_receivable_turnover_ratio": 1.01,
            "reinvestment_rate": null,
            "research_to_sale_ratio": 5.61,
            "price_fair": 18.2,
            "eps_avg_yearly": 0.52,
            "eps_latest_yearly": 0.36,
            "eps_growth_yearly": 778.63
        },
        "20201": {
            "year_quarter": 20201,
            "year": 2020,
            "quarter": 1,
            "eps": -0.52,
            "eps_growth_year": null,
            "eps_4q": -0.53,
            "eps_4q_growth_year": null,
            "roe": -4.98,
            "roe_4q": -5.09,
            "gross_profit": 125910,
            "gross_margin": 9.05,
            "gross_margin_4q_avg": 10.17,
            "net_income": -78291,
            "revenue": 1391750,
            "common_shares": 1504958,
            "book_valuer_per_share": 10.22,
            "book_valuer_per_share_4q_avg": 10.63,
            "equity": 1537732,
            "current_ratio": 100.88,
            "debt_ratio": 67.09,
            "inventory_turnover_ratio": 1.07,
            "account_receivable_turnover_ratio": 0.89,
            "reinvestment_rate": null,
            "research_to_sale_ratio": 7.05,
            "price_fair": 18.67,
            "eps_avg_yearly": 0.53,
            "eps_latest_yearly": 0.36,
            "eps_growth_yearly": 960.69
        },
        "20202": {
            "year_quarter": 20202,
            "year": 2020,
            "quarter": 2,
            "eps": 1.21,
            "eps_growth_year": null,
            "eps_4q": 0.85,
            "eps_4q_growth_year": null,
            "roe": 11.28,
            "roe_4q": 7.779999999999999,
            "gross_profit": 405133,
            "gross_margin": 15.23,
            "gross_margin_4q_avg": 11.65,
            "net_income": 182028,
            "revenue": 2660104,
            "common_shares": 1504418,
            "book_valuer_per_share": 11.24,
            "book_valuer_per_share_4q_avg": 10.74,
            "equity": 1690465,
            "current_ratio": 105.25,
            "debt_ratio": 70.38,
            "inventory_turnover_ratio": 1.55,
            "account_receivable_turnover_ratio": 1.49,
            "reinvestment_rate": null,
            "research_to_sale_ratio": 3.91,
            "price_fair": 21.84,
            "eps_avg_yearly": 0.62,
            "eps_latest_yearly": 0.36,
            "eps_growth_yearly": 1218.29
        },
        "20203": {
            "year_quarter": 20203,
            "year": 2020,
            "quarter": 3,
            "eps": 0.95,
            "eps_growth_year": 1257.14,
            "eps_4q": 1.73,
            "eps_4q_growth_year": null,
            "roe": 8.17,
            "roe_4q": 15.329999999999998,
            "gross_profit": 358493,
            "gross_margin": 12.69,
            "gross_margin_4q_avg": 12.31,
            "net_income": 142815,
            "revenue": 2824377,
            "common_shares": 1504418,
            "book_valuer_per_share": 12,
            "book_valuer_per_share_4q_avg": 11.03,
            "equity": 1805950,
            "current_ratio": 108.45,
            "debt_ratio": 70.55,
            "inventory_turnover_ratio": 1.53,
            "account_receivable_turnover_ratio": 1.22,
            "reinvestment_rate": 913.66,
            "research_to_sale_ratio": 3.96,
            "price_fair": 3.31,
            "eps_avg_yearly": 1.1,
            "eps_latest_yearly": 3.8,
            "eps_growth_yearly": -118.9
        },
        "20204": {
            "year_quarter": 20204,
            "year": 2020,
            "quarter": 4,
            "eps": 0.38,
            "eps_growth_year": 312.9,
            "eps_4q": 2.02,
            "eps_4q_growth_year": null,
            "roe": 3.16,
            "roe_4q": 17.63,
            "gross_profit": 281169,
            "gross_margin": 10.35,
            "gross_margin_4q_avg": 11.83,
            "net_income": 57546,
            "revenue": 2715536,
            "common_shares": 1504418,
            "book_valuer_per_share": 12.18,
            "book_valuer_per_share_4q_avg": 11.41,
            "equity": 1831981,
            "current_ratio": 109.96,
            "debt_ratio": 69.11,
            "inventory_turnover_ratio": 1.47,
            "account_receivable_turnover_ratio": 1.2,
            "reinvestment_rate": 482.61,
            "research_to_sale_ratio": 3.7,
            "price_fair": 3.94,
            "eps_avg_yearly": 1.31,
            "eps_latest_yearly": 1.52,
            "eps_growth_yearly": -114.33
        },
        "20211": {
            "year_quarter": 20211,
            "year": 2021,
            "quarter": 1,
            "eps": 0.04,
            "eps_growth_year": null,
            "eps_4q": 2.58,
            "eps_4q_growth_year": null,
            "roe": 0.32,
            "roe_4q": 22.93,
            "gross_profit": 232287,
            "gross_margin": 9.52,
            "gross_margin_4q_avg": 11.95,
            "net_income": 5911,
            "revenue": 2439571,
            "common_shares": 1504418,
            "book_valuer_per_share": 12.23,
            "book_valuer_per_share_4q_avg": 11.91,
            "equity": 1839424,
            "current_ratio": 105.31,
            "debt_ratio": 71.87,
            "inventory_turnover_ratio": 1.14,
            "account_receivable_turnover_ratio": 1.17,
            "reinvestment_rate": 494.42,
            "research_to_sale_ratio": 4.53,
            "price_fair": 3.36,
            "eps_avg_yearly": 1.12,
            "eps_latest_yearly": 0.16,
            "eps_growth_yearly": -154.93
        },
        "20212": {
            "year_quarter": 20212,
            "year": 2021,
            "quarter": 2,
            "eps": 0.37,
            "eps_growth_year": -69.42,
            "eps_4q": 1.74,
            "eps_4q_growth_year": 105.14,
            "roe": 3.02,
            "roe_4q": 14.67,
            "gross_profit": 298749,
            "gross_margin": 10.38,
            "gross_margin_4q_avg": 10.74,
            "net_income": 55772,
            "revenue": 2877513,
            "common_shares": 1504418,
            "book_valuer_per_share": 12.3,
            "book_valuer_per_share_4q_avg": 12.18,
            "equity": 1849720,
            "current_ratio": 106.9,
            "debt_ratio": 72.82,
            "inventory_turnover_ratio": 1.15,
            "account_receivable_turnover_ratio": 1.25,
            "reinvestment_rate": 251.42,
            "research_to_sale_ratio": 4.36,
            "price_fair": 41,
            "eps_avg_yearly": 1.17,
            "eps_latest_yearly": 1.48,
            "eps_growth_yearly": 338.63
        },
        "20213": {
            "year_quarter": 20213,
            "year": 2021,
            "quarter": 3,
            "eps": 0.81,
            "eps_growth_year": -14.74,
            "eps_4q": 1.6,
            "eps_4q_growth_year": -7.49,
            "roe": 6.38,
            "roe_4q": 12.88,
            "gross_profit": 372091,
            "gross_margin": 12.26,
            "gross_margin_4q_avg": 10.63,
            "net_income": 121762,
            "revenue": 3033955,
            "common_shares": 1504418,
            "book_valuer_per_share": 13.1,
            "book_valuer_per_share_4q_avg": 12.45,
            "equity": 1970170,
            "current_ratio": 110.88,
            "debt_ratio": 71,
            "inventory_turnover_ratio": 1.2,
            "account_receivable_turnover_ratio": 1.18,
            "reinvestment_rate": 119.55,
            "research_to_sale_ratio": 4.16,
            "price_fair": 53.2,
            "eps_avg_yearly": 1.52,
            "eps_latest_yearly": 3.24,
            "eps_growth_yearly": 406.59
        },
        "20214": {
            "year_quarter": 20214,
            "year": 2021,
            "quarter": 4,
            "eps": 0.83,
            "eps_growth_year": 117.97,
            "eps_4q": 2.05,
            "eps_4q_growth_year": 1.57,
            "roe": 6.19,
            "roe_4q": 15.91,
            "gross_profit": 305746,
            "gross_margin": 9.88,
            "gross_margin_4q_avg": 10.51,
            "net_income": 125433,
            "revenue": 3095616,
            "common_shares": 1504418,
            "book_valuer_per_share": 13.86,
            "book_valuer_per_share_4q_avg": 12.87,
            "equity": 2085366,
            "current_ratio": 116.83,
            "debt_ratio": 67.43,
            "inventory_turnover_ratio": 1.37,
            "account_receivable_turnover_ratio": 1.17,
            "reinvestment_rate": 35.91,
            "research_to_sale_ratio": 3.59,
            "price_fair": 69.4,
            "eps_avg_yearly": 1.98,
            "eps_latest_yearly": 3.32,
            "eps_growth_yearly": 459.43
        },
        "20221": {
            "year_quarter": 20221,
            "year": 2022,
            "quarter": 1,
            "eps": 0.03,
            "eps_growth_year": -25,
            "eps_4q": 2.01,
            "eps_4q_growth_year": -22.24,
            "roe": 0.23,
            "roe_4q": 15.82,
            "gross_profit": 246042,
            "gross_margin": 10.71,
            "gross_margin_4q_avg": 10.81,
            "net_income": 4925,
            "revenue": 2297370,
            "common_shares": 1533968,
            "book_valuer_per_share": 14.14,
            "book_valuer_per_share_4q_avg": 13.35,
            "equity": 2169499,
            "current_ratio": 121.39,
            "debt_ratio": 64.69,
            "inventory_turnover_ratio": 1.02,
            "account_receivable_turnover_ratio": 1.06,
            "reinvestment_rate": 17.49,
            "research_to_sale_ratio": 5.66,
            "price_fair": 61.25,
            "eps_avg_yearly": 1.75,
            "eps_latest_yearly": 0.12,
            "eps_growth_yearly": 353.81
        },
        "20222": {
            "year_quarter": 20222,
            "year": 2022,
            "quarter": 2,
            "eps": 0.08,
            "eps_growth_year": -78.38,
            "eps_4q": 1.73,
            "eps_4q_growth_year": -0.89,
            "roe": 0.53,
            "roe_4q": 13.33,
            "gross_profit": 251704,
            "gross_margin": 11.08,
            "gross_margin_4q_avg": 10.98,
            "net_income": 11789,
            "revenue": 2270922,
            "common_shares": 1528658,
            "book_valuer_per_share": 14.77,
            "book_valuer_per_share_4q_avg": 13.97,
            "equity": 2257273,
            "current_ratio": 124.48,
            "debt_ratio": 63.75,
            "inventory_turnover_ratio": 0.85,
            "account_receivable_turnover_ratio": 1.37,
            "reinvestment_rate": -5.25,
            "research_to_sale_ratio": 6.15,
            "price_fair": 55.69,
            "eps_avg_yearly": 1.59,
            "eps_latest_yearly": 0.32,
            "eps_growth_yearly": 388.57
        },
        "20223": {
            "year_quarter": 20223,
            "year": 2022,
            "quarter": 3,
            "eps": 1.28,
            "eps_growth_year": 58.02,
            "eps_4q": 2.21,
            "eps_4q_growth_year": 38.22,
            "roe": 8.1,
            "roe_4q": 15.05,
            "gross_profit": 423990,
            "gross_margin": 13.53,
            "gross_margin_4q_avg": 11.3,
            "net_income": 196324,
            "revenue": 3133144,
            "common_shares": 1528658,
            "book_valuer_per_share": 16.96,
            "book_valuer_per_share_4q_avg": 14.93,
            "equity": 2592932,
            "current_ratio": 130.32,
            "debt_ratio": 61.91,
            "inventory_turnover_ratio": 1.09,
            "account_receivable_turnover_ratio": 1.5,
            "reinvestment_rate": -15.71,
            "research_to_sale_ratio": 4.08,
            "price_fair": 68.04,
            "eps_avg_yearly": 1.94,
            "eps_latest_yearly": 5.12,
            "eps_growth_yearly": 949.71
        },
        "20224": {
            "year_quarter": 20224,
            "year": 2022,
            "quarter": 4,
            "eps": 0.54,
            "eps_growth_year": -35.54,
            "eps_4q": 1.93,
            "eps_4q_growth_year": -5.89,
            "roe": 3.15,
            "roe_4q": 12.01,
            "gross_profit": 319870,
            "gross_margin": 13.51,
            "gross_margin_4q_avg": 12.21,
            "net_income": 82084,
            "revenue": 2368507,
            "common_shares": 1527388,
            "book_valuer_per_share": 17.15,
            "book_valuer_per_share_4q_avg": 15.76,
            "equity": 2619522,
            "current_ratio": 147.76,
            "debt_ratio": 53.57,
            "inventory_turnover_ratio": 0.93,
            "account_receivable_turnover_ratio": 1.11,
            "reinvestment_rate": -37.44,
            "research_to_sale_ratio": 4.82,
            "price_fair": 68.73,
            "eps_avg_yearly": 1.96,
            "eps_latest_yearly": 2.16,
            "eps_growth_yearly": 842.35
        },
        "20231": {
            "year_quarter": 20231,
            "year": 2023,
            "quarter": 1,
            "eps": 0.2,
            "eps_growth_year": 566.67,
            "eps_4q": 2.1,
            "eps_4q_growth_year": 4.54,
            "roe": 1.15,
            "roe_4q": 12.929999999999998,
            "gross_profit": 268860,
            "gross_margin": 12.93,
            "gross_margin_4q_avg": 12.76,
            "net_income": 30290,
            "revenue": 2079164,
            "common_shares": 1527388,
            "book_valuer_per_share": 17.28,
            "book_valuer_per_share_4q_avg": 16.54,
            "equity": 2639517,
            "current_ratio": 159.25,
            "debt_ratio": 49.96,
            "inventory_turnover_ratio": 0.93,
            "account_receivable_turnover_ratio": 1.25,
            "reinvestment_rate": -45.79,
            "research_to_sale_ratio": 6.28,
            "price_fair": 65.33,
            "eps_avg_yearly": 1.87,
            "eps_latest_yearly": 0.8,
            "eps_growth_yearly": 751.17
        }
    },
    "months": {
        "2009-10": {
            "month": "2009-10",
            "price": "58.47",
            "revenue": 465967
        },
        "2009-11": {
            "month": "2009-11",
            "price": "76.94",
            "revenue": 459213
        },
        "2009-12": {
            "month": "2009-12",
            "price": "67.79",
            "revenue": 321068
        },
        "2010-01": {
            "month": "2010-01",
            "price": "66.58",
            "revenue": 476927
        },
        "2010-02": {
            "month": "2010-02",
            "price": "70.31",
            "revenue": 476968
        },
        "2010-03": {
            "month": "2010-03",
            "price": "74.84",
            "revenue": 691667
        },
        "2010-04": {
            "month": "2010-04",
            "price": "78.66",
            "revenue": 616210
        },
        "2010-05": {
            "month": "2010-05",
            "price": "80.84",
            "revenue": 527477
        },
        "2010-06": {
            "month": "2010-06",
            "price": "80.39",
            "revenue": 601994
        },
        "2010-07": {
            "month": "2010-07",
            "price": "79.74",
            "revenue": 509479
        },
        "2010-08": {
            "month": "2010-08",
            "price": "81.00",
            "revenue": 485239
        },
        "2010-09": {
            "month": "2010-09",
            "price": "76.97",
            "revenue": 549234
        },
        "2010-10": {
            "month": "2010-10",
            "price": "74.54",
            "revenue": 513872
        },
        "2010-11": {
            "month": "2010-11",
            "price": "65.48",
            "revenue": 484904
        },
        "2010-12": {
            "month": "2010-12",
            "price": "65.18",
            "revenue": 416068
        },
        "2011-01": {
            "month": "2011-01",
            "price": "62.17",
            "revenue": 409455
        },
        "2011-02": {
            "month": "2011-02",
            "price": "64.26",
            "revenue": 334524
        },
        "2011-03": {
            "month": "2011-03",
            "price": "56.67",
            "revenue": 500882
        },
        "2011-04": {
            "month": "2011-04",
            "price": "45.67",
            "revenue": 556216
        },
        "2011-05": {
            "month": "2011-05",
            "price": "35.10",
            "revenue": 528624
        },
        "2011-06": {
            "month": "2011-06",
            "price": "39.10",
            "revenue": 532879
        },
        "2011-07": {
            "month": "2011-07",
            "price": "37.84",
            "revenue": 620180
        },
        "2011-08": {
            "month": "2011-08",
            "price": "30.71",
            "revenue": 657306
        },
        "2011-09": {
            "month": "2011-09",
            "price": "28.58",
            "revenue": 637898
        },
        "2011-10": {
            "month": "2011-10",
            "price": "27.14",
            "revenue": 602258
        },
        "2011-11": {
            "month": "2011-11",
            "price": "27.22",
            "revenue": 505106
        },
        "2011-12": {
            "month": "2011-12",
            "price": "23.51",
            "revenue": 645556
        },
        "2012-01": {
            "month": "2012-01",
            "price": "23.55",
            "revenue": 509180
        },
        "2012-02": {
            "month": "2012-02",
            "price": "28.45",
            "revenue": 631183
        },
        "2012-03": {
            "month": "2012-03",
            "price": "33.72",
            "revenue": 741164
        },
        "2012-04": {
            "month": "2012-04",
            "price": "28.29",
            "revenue": 854344
        },
        "2012-05": {
            "month": "2012-05",
            "price": "26.74",
            "revenue": 889507
        },
        "2012-06": {
            "month": "2012-06",
            "price": "25.47",
            "revenue": 620285
        },
        "2012-07": {
            "month": "2012-07",
            "price": "26.01",
            "revenue": 753084
        },
        "2012-08": {
            "month": "2012-08",
            "price": "25.76",
            "revenue": 725848
        },
        "2012-09": {
            "month": "2012-09",
            "price": "29.22",
            "revenue": 684553
        },
        "2012-10": {
            "month": "2012-10",
            "price": "24.43",
            "revenue": 714924
        },
        "2012-11": {
            "month": "2012-11",
            "price": "19.05",
            "revenue": 443609
        },
        "2012-12": {
            "month": "2012-12",
            "price": "20.19",
            "revenue": 383060
        },
        "2013-01": {
            "month": "2013-01",
            "price": "21.33",
            "revenue": 527479
        },
        "2013-02": {
            "month": "2013-02",
            "price": "20.73",
            "revenue": 308750
        },
        "2013-03": {
            "month": "2013-03",
            "price": "19.68",
            "revenue": 497129
        },
        "2013-04": {
            "month": "2013-04",
            "price": "19.38",
            "revenue": 479995
        },
        "2013-05": {
            "month": "2013-05",
            "price": "19.51",
            "revenue": 603315
        },
        "2013-06": {
            "month": "2013-06",
            "price": "18.86",
            "revenue": 561528
        },
        "2013-07": {
            "month": "2013-07",
            "price": "17.88",
            "revenue": 497152
        },
        "2013-08": {
            "month": "2013-08",
            "price": "19.74",
            "revenue": 550845
        },
        "2013-09": {
            "month": "2013-09",
            "price": "19.09",
            "revenue": 670724
        },
        "2013-10": {
            "month": "2013-10",
            "price": "18.23",
            "revenue": 599780
        },
        "2013-11": {
            "month": "2013-11",
            "price": "16.34",
            "revenue": 589075
        },
        "2013-12": {
            "month": "2013-12",
            "price": "16.59",
            "revenue": 501410
        },
        "2014-01": {
            "month": "2014-01",
            "price": "18.11",
            "revenue": 448053
        },
        "2014-02": {
            "month": "2014-02",
            "price": "18.14",
            "revenue": 390391
        },
        "2014-03": {
            "month": "2014-03",
            "price": "17.85",
            "revenue": 425476
        },
        "2014-04": {
            "month": "2014-04",
            "price": "17.27",
            "revenue": 415078
        },
        "2014-05": {
            "month": "2014-05",
            "price": "16.47",
            "revenue": 372738
        },
        "2014-06": {
            "month": "2014-06",
            "price": "18.60",
            "revenue": 391989
        },
        "2014-07": {
            "month": "2014-07",
            "price": "16.95",
            "revenue": 510436
        },
        "2014-08": {
            "month": "2014-08",
            "price": "15.60",
            "revenue": 532196
        },
        "2014-09": {
            "month": "2014-09",
            "price": "15.70",
            "revenue": 615542
        },
        "2014-10": {
            "month": "2014-10",
            "price": "14.02",
            "revenue": 521418
        },
        "2014-11": {
            "month": "2014-11",
            "price": "13.97",
            "revenue": 371911
        },
        "2014-12": {
            "month": "2014-12",
            "price": "14.71",
            "revenue": 405335
        },
        "2015-01": {
            "month": "2015-01",
            "price": "15.05",
            "revenue": 361195
        },
        "2015-02": {
            "month": "2015-02",
            "price": "14.64",
            "revenue": 259838
        },
        "2015-03": {
            "month": "2015-03",
            "price": "14.52",
            "revenue": 344918
        },
        "2015-04": {
            "month": "2015-04",
            "price": "15.24",
            "revenue": 371990
        },
        "2015-05": {
            "month": "2015-05",
            "price": "17.03",
            "revenue": 399093
        },
        "2015-06": {
            "month": "2015-06",
            "price": "19.13",
            "revenue": 585356
        },
        "2015-07": {
            "month": "2015-07",
            "price": "19.95",
            "revenue": 612298
        },
        "2015-08": {
            "month": "2015-08",
            "price": "12.42",
            "revenue": 767695
        },
        "2015-09": {
            "month": "2015-09",
            "price": "14.40",
            "revenue": 788930
        },
        "2015-10": {
            "month": "2015-10",
            "price": "16.82",
            "revenue": 802771
        },
        "2015-11": {
            "month": "2015-11",
            "price": "18.52",
            "revenue": 711235
        },
        "2015-12": {
            "month": "2015-12",
            "price": "17.87",
            "revenue": 599181
        },
        "2016-01": {
            "month": "2016-01",
            "price": "15.00",
            "revenue": 549968
        },
        "2016-02": {
            "month": "2016-02",
            "price": "15.95",
            "revenue": 391056
        },
        "2016-03": {
            "month": "2016-03",
            "price": "16.70",
            "revenue": 525469
        },
        "2016-04": {
            "month": "2016-04",
            "price": "16.08",
            "revenue": 507708
        },
        "2016-05": {
            "month": "2016-05",
            "price": "14.81",
            "revenue": 449055
        },
        "2016-06": {
            "month": "2016-06",
            "price": "14.56",
            "revenue": 458658
        },
        "2016-07": {
            "month": "2016-07",
            "price": "15.86",
            "revenue": 591373
        },
        "2016-08": {
            "month": "2016-08",
            "price": "17.07",
            "revenue": 604617
        },
        "2016-09": {
            "month": "2016-09",
            "price": "16.11",
            "revenue": 681261
        },
        "2016-10": {
            "month": "2016-10",
            "price": "15.06",
            "revenue": 448764
        },
        "2016-11": {
            "month": "2016-11",
            "price": "13.77",
            "revenue": 457573
        },
        "2016-12": {
            "month": "2016-12",
            "price": "13.94",
            "revenue": 469693
        },
        "2017-01": {
            "month": "2017-01",
            "price": "14.27",
            "revenue": 381623
        },
        "2017-02": {
            "month": "2017-02",
            "price": "15.18",
            "revenue": 317368
        },
        "2017-03": {
            "month": "2017-03",
            "price": "14.77",
            "revenue": 482861
        },
        "2017-04": {
            "month": "2017-04",
            "price": "13.92",
            "revenue": 461819
        },
        "2017-05": {
            "month": "2017-05",
            "price": "13.37",
            "revenue": 568280
        },
        "2017-06": {
            "month": "2017-06",
            "price": "13.82",
            "revenue": 522891
        },
        "2017-07": {
            "month": "2017-07",
            "price": "14.63",
            "revenue": 577117
        },
        "2017-08": {
            "month": "2017-08",
            "price": "15.67",
            "revenue": 627270
        },
        "2017-09": {
            "month": "2017-09",
            "price": "17.16",
            "revenue": 613304
        },
        "2017-10": {
            "month": "2017-10",
            "price": "16.56",
            "revenue": 603350
        },
        "2017-11": {
            "month": "2017-11",
            "price": "16.44",
            "revenue": 595747
        },
        "2017-12": {
            "month": "2017-12",
            "price": "16.83",
            "revenue": 478139
        },
        "2018-01": {
            "month": "2018-01",
            "price": "16.98",
            "revenue": 508971
        },
        "2018-02": {
            "month": "2018-02",
            "price": "16.30",
            "revenue": 359431
        },
        "2018-03": {
            "month": "2018-03",
            "price": "19.15",
            "revenue": 512592
        },
        "2018-04": {
            "month": "2018-04",
            "price": "21.18",
            "revenue": 454627
        },
        "2018-05": {
            "month": "2018-05",
            "price": "21.92",
            "revenue": 585538
        },
        "2018-06": {
            "month": "2018-06",
            "price": "26.40",
            "revenue": 582976
        },
        "2018-07": {
            "month": "2018-07",
            "price": "29.32",
            "revenue": 639924
        },
        "2018-08": {
            "month": "2018-08",
            "price": "25.81",
            "revenue": 719949
        },
        "2018-09": {
            "month": "2018-09",
            "price": "21.94",
            "revenue": 647922
        },
        "2018-10": {
            "month": "2018-10",
            "price": "20.10",
            "revenue": 660175
        },
        "2018-11": {
            "month": "2018-11",
            "price": "20.41",
            "revenue": 633543
        },
        "2018-12": {
            "month": "2018-12",
            "price": "21.63",
            "revenue": 612990
        },
        "2019-01": {
            "month": "2019-01",
            "price": "20.72",
            "revenue": 579942
        },
        "2019-02": {
            "month": "2019-02",
            "price": "22.21",
            "revenue": 356806
        },
        "2019-03": {
            "month": "2019-03",
            "price": "24.08",
            "revenue": 548202
        },
        "2019-04": {
            "month": "2019-04",
            "price": "22.84",
            "revenue": 625451
        },
        "2019-05": {
            "month": "2019-05",
            "price": "20.52",
            "revenue": 622079
        },
        "2019-06": {
            "month": "2019-06",
            "price": "20.16",
            "revenue": 666368
        },
        "2019-07": {
            "month": "2019-07",
            "price": "20.73",
            "revenue": 788788
        },
        "2019-08": {
            "month": "2019-08",
            "price": "20.19",
            "revenue": 765450
        },
        "2019-09": {
            "month": "2019-09",
            "price": "20.39",
            "revenue": 732634
        },
        "2019-10": {
            "month": "2019-10",
            "price": "19.75",
            "revenue": 639715
        },
        "2019-11": {
            "month": "2019-11",
            "price": "18.39",
            "revenue": 659283
        },
        "2019-12": {
            "month": "2019-12",
            "price": "18.05",
            "revenue": 702954
        },
        "2020-01": {
            "month": "2020-01",
            "price": "17.32",
            "revenue": 383960
        },
        "2020-02": {
            "month": "2020-02",
            "price": "15.80",
            "revenue": 377128
        },
        "2020-03": {
            "month": "2020-03",
            "price": "13.75",
            "revenue": 628053
        },
        "2020-04": {
            "month": "2020-04",
            "price": "13.51",
            "revenue": 944278
        },
        "2020-05": {
            "month": "2020-05",
            "price": "16.78",
            "revenue": 810706
        },
        "2020-06": {
            "month": "2020-06",
            "price": "18.02",
            "revenue": 900985
        },
        "2020-07": {
            "month": "2020-07",
            "price": "24.75",
            "revenue": 909752
        },
        "2020-08": {
            "month": "2020-08",
            "price": "29.67",
            "revenue": 945308
        },
        "2020-09": {
            "month": "2020-09",
            "price": "31.07",
            "revenue": 970882
        },
        "2020-10": {
            "month": "2020-10",
            "price": "31.53",
            "revenue": 990832
        },
        "2020-11": {
            "month": "2020-11",
            "price": "33.36",
            "revenue": 831747
        },
        "2020-12": {
            "month": "2020-12",
            "price": "30.03",
            "revenue": 898764
        },
        "2021-01": {
            "month": "2021-01",
            "price": "28.04",
            "revenue": 883527
        },
        "2021-02": {
            "month": "2021-02",
            "price": "27.71",
            "revenue": 580829
        },
        "2021-03": {
            "month": "2021-03",
            "price": "27.81",
            "revenue": 974862
        },
        "2021-04": {
            "month": "2021-04",
            "price": "30.21",
            "revenue": 885688
        },
        "2021-05": {
            "month": "2021-05",
            "price": "23.62",
            "revenue": 1018185
        },
        "2021-06": {
            "month": "2021-06",
            "price": "23.65",
            "revenue": 978169
        },
        "2021-07": {
            "month": "2021-07",
            "price": "23.06",
            "revenue": 944044
        },
        "2021-08": {
            "month": "2021-08",
            "price": "22.07",
            "revenue": 1110886
        },
        "2021-09": {
            "month": "2021-09",
            "price": "21.55",
            "revenue": 977465
        },
        "2021-10": {
            "month": "2021-10",
            "price": "20.89",
            "revenue": 1003436
        },
        "2021-11": {
            "month": "2021-11",
            "price": "23.50",
            "revenue": 1117538
        },
        "2021-12": {
            "month": "2021-12",
            "price": "26.51",
            "revenue": 973806
        },
        "2022-01": {
            "month": "2022-01",
            "price": "24.61",
            "revenue": 807160
        },
        "2022-02": {
            "month": "2022-02",
            "price": "23.86",
            "revenue": 628310
        },
        "2022-03": {
            "month": "2022-03",
            "price": "21.62",
            "revenue": 861959
        },
        "2022-04": {
            "month": "2022-04",
            "price": "20.28",
            "revenue": 635460
        },
        "2022-05": {
            "month": "2022-05",
            "price": "19.41",
            "revenue": 772076
        },
        "2022-06": {
            "month": "2022-06",
            "price": "19.16",
            "revenue": 863387
        },
        "2022-07": {
            "month": "2022-07",
            "price": "17.74",
            "revenue": 978354
        },
        "2022-08": {
            "month": "2022-08",
            "price": "20.63",
            "revenue": 1091212
        },
        "2022-09": {
            "month": "2022-09",
            "price": "20.10",
            "revenue": 1062725
        },
        "2022-10": {
            "month": "2022-10",
            "price": "18.46",
            "revenue": 869268
        },
        "2022-11": {
            "month": "2022-11",
            "price": "20.42",
            "revenue": 748486
        },
        "2022-12": {
            "month": "2022-12",
            "price": "20.18",
            "revenue": 718683
        },
        "2023-01": {
            "month": "2023-01",
            "price": "19.96",
            "revenue": 663070
        },
        "2023-02": {
            "month": "2023-02",
            "price": "20.47",
            "revenue": 617786
        },
        "2023-03": {
            "month": "2023-03",
            "price": "21.38",
            "revenue": 798308
        },
        "2023-04": {
            "month": "2023-04",
            "price": "24.10",
            "revenue": 802893
        }
    }
}
