{
    "summary": {
        "stock_name": "隆達",
        "stock_id": "3698",
        "category": "光電",
        "main_business": "氮化銦鎵磊晶片與晶粒(InGaN Epi Wafer &amp; Chip)<br>發光二極體封裝(Package)及其模組<br>上述各產品之系統及應用零組件",
        "website_url": "http://lextar.com",
        "ceo": "唐修穆",
        "pe_ratio": -14,
        "report_year_from": 2009,
        "report_year_to": 2020,
        "age": 15,
        "eps_negative_percentage": 33,
        "eps_growth_avg": {
            "last_all": -32.91,
            "last_2y": -80.77,
            "last_4y": -87.18,
            "last_8y": -43.88,
            "last_12y": null,
            "last_16y": null,
            "last_20y": null,
            "at_2006_last_3y": null,
            "at_2007_last_3y": null,
            "at_2008_last_3y": null,
            "at_2009_last_3y": null,
            "at_2010_last_3y": null,
            "at_2011_last_3y": null,
            "at_2012_last_3y": null,
            "at_2013_last_3y": 33.33,
            "at_2014_last_3y": -13.5,
            "at_2015_last_3y": -0.57,
            "at_2016_last_3y": -25.43,
            "at_2017_last_3y": -67.24,
            "at_2018_last_3y": -74.25,
            "at_2019_last_3y": -87.18,
            "at_2020_last_3y": -80.77,
            "at_2021_last_3y": -80.77,
            "at_2022_last_3y": -80.77,
            "at_2023_last_3y": -80.77,
            "at_2024_last_3y": -80.77,
            "at_2006_last_all": null,
            "at_2007_last_all": null,
            "at_2008_last_all": null,
            "at_2009_last_all": null,
            "at_2010_last_all": null,
            "at_2011_last_all": 0,
            "at_2012_last_all": 0,
            "at_2013_last_all": 33.33,
            "at_2014_last_all": 14.87,
            "at_2015_last_all": -0.34,
            "at_2016_last_all": -16.95,
            "at_2017_last_all": -16.95,
            "at_2018_last_all": -23.32,
            "at_2019_last_all": -32.91,
            "at_2020_last_all": -32.91,
            "at_2021_last_all": -32.91,
            "at_2022_last_all": -32.91,
            "at_2023_last_all": -32.91,
            "at_2024_last_all": -32.91
        },
        "latest_eps": -1.63,
        "latest_price": 22.25,
        "latest_roe": -8.26,
        "latest_gross_margin": 14.17,
        "latest_equity": 10515244,
        "latest_revenue": 2841378,
        "latest_gross_profit": 402541,
        "latest_net_income": -219065,
        "latest_debt_ratio": 29.26,
        "latest_current_ratio": 223.22,
        "latest_account_receivable_turnover_ratio": 1.05,
        "latest_inventory_turnover_ratio": 1.93,
        "latest_reinvestment_rate": null,
        "latest_research_to_sale_ratio": 7.53
    },
    "eps_dividends": {
        "2001": {
            "cash": 0,
            "stock": 0,
            "eps": 0
        },
        "2002": {
            "cash": 0,
            "stock": 0,
            "eps": 0
        },
        "2003": {
            "cash": 0,
            "stock": 0,
            "eps": 0
        },
        "2004": {
            "cash": 0,
            "stock": 0,
            "eps": 0
        },
        "2005": {
            "cash": 0,
            "stock": 0,
            "eps": 0
        },
        "2006": {
            "cash": 0,
            "stock": 0,
            "eps": 0
        },
        "2007": {
            "cash": 0,
            "stock": 0,
            "eps": 0
        },
        "2008": {
            "cash": 0,
            "stock": 0,
            "eps": 0
        },
        "2009": {
            "cash": 0,
            "stock": 0,
            "eps": 0.42
        },
        "2010": {
            "cash": 0,
            "stock": 0,
            "eps": 2.91
        },
        "2011": {
            "cash": 1,
            "stock": 0.5,
            "eps": -0.34
        },
        "2012": {
            "cash": 0,
            "stock": 0,
            "eps": 0.67
        },
        "2013": {
            "cash": 0.43,
            "stock": 0,
            "eps": 1.95
        },
        "2014": {
            "cash": 1.24,
            "stock": 0,
            "eps": 1.16
        },
        "2015": {
            "cash": 1.06,
            "stock": 0,
            "eps": 0.45
        },
        "2016": {
            "cash": 0.63,
            "stock": 0,
            "eps": -1.29
        },
        "2017": {
            "cash": 0,
            "stock": 0,
            "eps": 0.26
        },
        "2018": {
            "cash": 0.2,
            "stock": 0,
            "eps": 0.1
        },
        "2019": {
            "cash": 0.2,
            "stock": 0,
            "eps": -0.59
        },
        "2020": {
            "cash": 0,
            "stock": 0,
            "eps": -0.97
        }
    },
    "dividends": {
        "2011-03-17": {
            "cash": 1,
            "stock": 0.5
        },
        "2013-03-04": {
            "cash": 0.43,
            "stock": 0
        },
        "2014-08-12": {
            "cash": 1.24,
            "stock": 0
        },
        "2015-07-24": {
            "cash": 1.06,
            "stock": 0
        },
        "2016-07-29": {
            "cash": 0.63,
            "stock": 0
        },
        "2018-07-31": {
            "cash": 0.2,
            "stock": 0
        },
        "2019-07-31": {
            "cash": 0.2,
            "stock": 0
        }
    },
    "prices": {
        "200101": "無",
        "200102": "無",
        "200103": "無",
        "200104": "無",
        "200105": "無",
        "200106": "無",
        "200107": "無",
        "200108": "無",
        "200109": "無",
        "200110": "無",
        "200111": "無",
        "200112": "無",
        "200201": "無",
        "200202": "無",
        "200203": "無",
        "200204": "無",
        "200205": "無",
        "200206": "無",
        "200207": "無",
        "200208": "無",
        "200209": "無",
        "200210": "無",
        "200211": "無",
        "200212": "無",
        "200301": "無",
        "200302": "無",
        "200303": "無",
        "200304": "無",
        "200305": "無",
        "200306": "無",
        "200307": "無",
        "200308": "無",
        "200309": "無",
        "200310": "無",
        "200311": "無",
        "200312": "無",
        "200401": "無",
        "200402": "無",
        "200403": "無",
        "200404": "無",
        "200405": "無",
        "200406": "無",
        "200407": "無",
        "200408": "無",
        "200409": "無",
        "200410": "無",
        "200411": "無",
        "200412": "無",
        "200501": "無",
        "200502": "無",
        "200503": "無",
        "200504": "無",
        "200505": "無",
        "200506": "無",
        "200507": "無",
        "200508": "無",
        "200509": "無",
        "200510": "無",
        "200511": "無",
        "200512": "無",
        "200601": "無",
        "200602": "無",
        "200603": "無",
        "200604": "無",
        "200605": "無",
        "200606": "無",
        "200607": "無",
        "200608": "無",
        "200609": "無",
        "200610": "無",
        "200611": "無",
        "200612": "無",
        "200701": "無",
        "200702": "無",
        "200703": "無",
        "200704": "無",
        "200705": "無",
        "200706": "無",
        "200707": "無",
        "200708": "無",
        "200709": "無",
        "200710": "無",
        "200711": "無",
        "200712": "無",
        "200801": "無",
        "200802": "無",
        "200803": "無",
        "200804": "無",
        "200805": "無",
        "200806": "無",
        "200807": "無",
        "200808": "無",
        "200809": "無",
        "200810": "無",
        "200811": "無",
        "200812": "無",
        "200901": "無",
        "200902": "無",
        "200903": "無",
        "200904": "無",
        "200905": "無",
        "200906": "無",
        "200907": "無",
        "200908": "無",
        "200909": "無",
        "200910": "無",
        "200911": "無",
        "200912": "無",
        "201001": "無",
        "201002": "無",
        "201003": "69.74",
        "201004": "71.85",
        "201005": "64.79",
        "201006": "62.68",
        "201007": "61.88",
        "201008": "57.80",
        "201009": "60.18",
        "201010": "58.58",
        "201011": "55.58",
        "201012": "57.30",
        "201101": "54.24",
        "201102": "50.35",
        "201103": "48.90",
        "201104": "44.87",
        "201105": "37.82",
        "201106": "39.74",
        "201107": "31.84",
        "201108": "25.83",
        "201109": "17.42",
        "201110": "19.25",
        "201111": "19.54",
        "201112": "19.25",
        "201201": "21.30",
        "201202": "30.27",
        "201203": "37.15",
        "201204": "34.30",
        "201205": "34.57",
        "201206": "32.61",
        "201207": "27.18",
        "201208": "27.21",
        "201209": "29.14",
        "201210": "25.42",
        "201211": "21.20",
        "201212": "22.41",
        "201301": "25.57",
        "201302": "25.29",
        "201303": "31.80",
        "201304": "31.62",
        "201305": "31.94",
        "201306": "28.95",
        "201307": "26.57",
        "201308": "26.36",
        "201309": "27.65",
        "201310": "26.02",
        "201311": "23.55",
        "201312": "27.67",
        "201401": "33.00",
        "201402": "33.21",
        "201403": "34.02",
        "201404": "31.40",
        "201405": "27.75",
        "201406": "29.20",
        "201407": "30.65",
        "201408": "30.10",
        "201409": "31.26",
        "201410": "27.99",
        "201411": "27.40",
        "201412": "29.52",
        "201501": "30.63",
        "201502": "30.63",
        "201503": "30.95",
        "201504": "27.23",
        "201505": "26.40",
        "201506": "22.31",
        "201507": "18.25",
        "201508": "14.29",
        "201509": "14.89",
        "201510": "15.96",
        "201511": "17.47",
        "201512": "16.51",
        "201601": "15.23",
        "201602": "16.02",
        "201603": "17.00",
        "201604": "15.92",
        "201605": "15.55",
        "201606": "16.49",
        "201607": "16.00",
        "201608": "14.88",
        "201609": "14.70",
        "201610": "13.72",
        "201611": "12.50",
        "201612": "13.22",
        "201701": "13.64",
        "201702": "14.72",
        "201703": "15.36",
        "201704": "18.72",
        "201705": "19.91",
        "201706": "18.57",
        "201707": "18.24",
        "201708": "16.99",
        "201709": "17.61",
        "201710": "17.48",
        "201711": "23.62",
        "201712": "27.18",
        "201801": "25.07",
        "201802": "22.33",
        "201803": "21.38",
        "201804": "18.81",
        "201805": "17.56",
        "201806": "19.94",
        "201807": "18.45",
        "201808": "20.11",
        "201809": "19.04",
        "201810": "17.69",
        "201811": "17.60",
        "201812": "17.88",
        "201901": "18.06",
        "201902": "17.93",
        "201903": "17.70",
        "201904": "16.93",
        "201905": "14.93",
        "201906": "14.40",
        "201907": "15.41",
        "201908": "14.95",
        "201909": "16.43",
        "201910": "17.11",
        "201911": "17.46",
        "201912": "18.30",
        "202001": "17.84",
        "202002": "16.35",
        "202003": "12.91",
        "202004": "14.52",
        "202005": "18.45",
        "202006": "19.17",
        "202007": "21.00",
        "202008": "22.54",
        "202009": "21.14",
        "202010": "19.11",
        "202011": "19.57",
        "202012": "22.47",
        "202101": "無",
        "202102": "無",
        "202103": "無",
        "202104": "無",
        "202105": "無",
        "202106": "無",
        "202107": "無",
        "202108": "無",
        "202109": "無",
        "202110": "無",
        "202111": "無",
        "202112": "無",
        "202201": "無",
        "202202": "無",
        "202203": "無",
        "202204": "無",
        "202205": "無",
        "202206": "無",
        "202207": "無",
        "202208": "無",
        "202209": "無",
        "202210": "無",
        "202211": "無",
        "202212": "無",
        "202301": "無",
        "202302": "無",
        "202303": "無",
        "202304": "無",
        "202305": "無",
        "202306": "無",
        "202307": "無",
        "202308": "無",
        "202309": "無",
        "202310": "無",
        "202311": "無",
        "202312": "無",
        "202401": "無",
        "202402": "無",
        "202403": "無",
        "202404": "無"
    },
    "quarters": {
        "20011": {
            "year_quarter": 20011,
            "year": 2001,
            "quarter": 1,
            "eps": null,
            "eps_growth_year": null,
            "eps_4q": null,
            "eps_4q_growth_year": null,
            "roe": null,
            "roe_4q": 0,
            "gross_profit": null,
            "gross_margin": null,
            "gross_margin_4q_avg": 0,
            "net_income": null,
            "net_income_4q": null,
            "revenue": null,
            "revenue_4q": null,
            "common_shares": null,
            "book_valuer_per_share": null,
            "book_valuer_per_share_4q_avg": 0,
            "equity": null,
            "current_ratio": null,
            "debt_ratio": null,
            "inventory_turnover_ratio": null,
            "account_receivable_turnover_ratio": null,
            "reinvestment_rate": null,
            "research_to_sale_ratio": null,
            "price_fair": 0,
            "eps_avg_yearly": 0,
            "eps_latest_yearly": 0,
            "eps_growth_yearly": 0
        },
        "20012": {
            "year_quarter": 20012,
            "year": 2001,
            "quarter": 2,
            "eps": null,
            "eps_growth_year": null,
            "eps_4q": null,
            "eps_4q_growth_year": null,
            "roe": null,
            "roe_4q": 0,
            "gross_profit": null,
            "gross_margin": null,
            "gross_margin_4q_avg": 0,
            "net_income": null,
            "net_income_4q": null,
            "revenue": null,
            "revenue_4q": null,
            "common_shares": null,
            "book_valuer_per_share": null,
            "book_valuer_per_share_4q_avg": 0,
            "equity": null,
            "current_ratio": null,
            "debt_ratio": null,
            "inventory_turnover_ratio": null,
            "account_receivable_turnover_ratio": null,
            "reinvestment_rate": null,
            "research_to_sale_ratio": null,
            "price_fair": 0,
            "eps_avg_yearly": 0,
            "eps_latest_yearly": 0,
            "eps_growth_yearly": 0
        },
        "20013": {
            "year_quarter": 20013,
            "year": 2001,
            "quarter": 3,
            "eps": null,
            "eps_growth_year": null,
            "eps_4q": null,
            "eps_4q_growth_year": null,
            "roe": null,
            "roe_4q": 0,
            "gross_profit": null,
            "gross_margin": null,
            "gross_margin_4q_avg": 0,
            "net_income": null,
            "net_income_4q": null,
            "revenue": null,
            "revenue_4q": null,
            "common_shares": null,
            "book_valuer_per_share": null,
            "book_valuer_per_share_4q_avg": 0,
            "equity": null,
            "current_ratio": null,
            "debt_ratio": null,
            "inventory_turnover_ratio": null,
            "account_receivable_turnover_ratio": null,
            "reinvestment_rate": null,
            "research_to_sale_ratio": null,
            "price_fair": 0,
            "eps_avg_yearly": 0,
            "eps_latest_yearly": 0,
            "eps_growth_yearly": 0
        },
        "20014": {
            "year_quarter": 20014,
            "year": 2001,
            "quarter": 4,
            "eps": null,
            "eps_growth_year": null,
            "eps_4q": null,
            "eps_4q_growth_year": null,
            "roe": null,
            "roe_4q": 0,
            "gross_profit": null,
            "gross_margin": null,
            "gross_margin_4q_avg": 0,
            "net_income": null,
            "net_income_4q": null,
            "revenue": null,
            "revenue_4q": null,
            "common_shares": null,
            "book_valuer_per_share": null,
            "book_valuer_per_share_4q_avg": 0,
            "equity": null,
            "current_ratio": null,
            "debt_ratio": null,
            "inventory_turnover_ratio": null,
            "account_receivable_turnover_ratio": null,
            "reinvestment_rate": null,
            "research_to_sale_ratio": null,
            "price_fair": 0,
            "eps_avg_yearly": 0,
            "eps_latest_yearly": 0,
            "eps_growth_yearly": 0
        },
        "20021": {
            "year_quarter": 20021,
            "year": 2002,
            "quarter": 1,
            "eps": null,
            "eps_growth_year": null,
            "eps_4q": null,
            "eps_4q_growth_year": null,
            "roe": null,
            "roe_4q": 0,
            "gross_profit": null,
            "gross_margin": null,
            "gross_margin_4q_avg": 0,
            "net_income": null,
            "net_income_4q": null,
            "revenue": null,
            "revenue_4q": null,
            "common_shares": null,
            "book_valuer_per_share": null,
            "book_valuer_per_share_4q_avg": 0,
            "equity": null,
            "current_ratio": null,
            "debt_ratio": null,
            "inventory_turnover_ratio": null,
            "account_receivable_turnover_ratio": null,
            "reinvestment_rate": null,
            "research_to_sale_ratio": null,
            "price_fair": 0,
            "eps_avg_yearly": 0,
            "eps_latest_yearly": 0,
            "eps_growth_yearly": 0
        },
        "20022": {
            "year_quarter": 20022,
            "year": 2002,
            "quarter": 2,
            "eps": null,
            "eps_growth_year": null,
            "eps_4q": null,
            "eps_4q_growth_year": null,
            "roe": null,
            "roe_4q": 0,
            "gross_profit": null,
            "gross_margin": null,
            "gross_margin_4q_avg": 0,
            "net_income": null,
            "net_income_4q": null,
            "revenue": null,
            "revenue_4q": null,
            "common_shares": null,
            "book_valuer_per_share": null,
            "book_valuer_per_share_4q_avg": 0,
            "equity": null,
            "current_ratio": null,
            "debt_ratio": null,
            "inventory_turnover_ratio": null,
            "account_receivable_turnover_ratio": null,
            "reinvestment_rate": null,
            "research_to_sale_ratio": null,
            "price_fair": 0,
            "eps_avg_yearly": 0,
            "eps_latest_yearly": 0,
            "eps_growth_yearly": 0
        },
        "20023": {
            "year_quarter": 20023,
            "year": 2002,
            "quarter": 3,
            "eps": null,
            "eps_growth_year": null,
            "eps_4q": null,
            "eps_4q_growth_year": null,
            "roe": null,
            "roe_4q": 0,
            "gross_profit": null,
            "gross_margin": null,
            "gross_margin_4q_avg": 0,
            "net_income": null,
            "net_income_4q": null,
            "revenue": null,
            "revenue_4q": null,
            "common_shares": null,
            "book_valuer_per_share": null,
            "book_valuer_per_share_4q_avg": 0,
            "equity": null,
            "current_ratio": null,
            "debt_ratio": null,
            "inventory_turnover_ratio": null,
            "account_receivable_turnover_ratio": null,
            "reinvestment_rate": null,
            "research_to_sale_ratio": null,
            "price_fair": 0,
            "eps_avg_yearly": 0,
            "eps_latest_yearly": 0,
            "eps_growth_yearly": 0
        },
        "20024": {
            "year_quarter": 20024,
            "year": 2002,
            "quarter": 4,
            "eps": null,
            "eps_growth_year": null,
            "eps_4q": null,
            "eps_4q_growth_year": null,
            "roe": null,
            "roe_4q": 0,
            "gross_profit": null,
            "gross_margin": null,
            "gross_margin_4q_avg": 0,
            "net_income": null,
            "net_income_4q": null,
            "revenue": null,
            "revenue_4q": null,
            "common_shares": null,
            "book_valuer_per_share": null,
            "book_valuer_per_share_4q_avg": 0,
            "equity": null,
            "current_ratio": null,
            "debt_ratio": null,
            "inventory_turnover_ratio": null,
            "account_receivable_turnover_ratio": null,
            "reinvestment_rate": null,
            "research_to_sale_ratio": null,
            "price_fair": 0,
            "eps_avg_yearly": 0,
            "eps_latest_yearly": 0,
            "eps_growth_yearly": 0
        },
        "20031": {
            "year_quarter": 20031,
            "year": 2003,
            "quarter": 1,
            "eps": null,
            "eps_growth_year": null,
            "eps_4q": null,
            "eps_4q_growth_year": null,
            "roe": null,
            "roe_4q": 0,
            "gross_profit": null,
            "gross_margin": null,
            "gross_margin_4q_avg": 0,
            "net_income": null,
            "net_income_4q": null,
            "revenue": null,
            "revenue_4q": null,
            "common_shares": null,
            "book_valuer_per_share": null,
            "book_valuer_per_share_4q_avg": 0,
            "equity": null,
            "current_ratio": null,
            "debt_ratio": null,
            "inventory_turnover_ratio": null,
            "account_receivable_turnover_ratio": null,
            "reinvestment_rate": null,
            "research_to_sale_ratio": null,
            "price_fair": 0,
            "eps_avg_yearly": 0,
            "eps_latest_yearly": 0,
            "eps_growth_yearly": 0
        },
        "20032": {
            "year_quarter": 20032,
            "year": 2003,
            "quarter": 2,
            "eps": null,
            "eps_growth_year": null,
            "eps_4q": null,
            "eps_4q_growth_year": null,
            "roe": null,
            "roe_4q": 0,
            "gross_profit": null,
            "gross_margin": null,
            "gross_margin_4q_avg": 0,
            "net_income": null,
            "net_income_4q": null,
            "revenue": null,
            "revenue_4q": null,
            "common_shares": null,
            "book_valuer_per_share": null,
            "book_valuer_per_share_4q_avg": 0,
            "equity": null,
            "current_ratio": null,
            "debt_ratio": null,
            "inventory_turnover_ratio": null,
            "account_receivable_turnover_ratio": null,
            "reinvestment_rate": null,
            "research_to_sale_ratio": null,
            "price_fair": 0,
            "eps_avg_yearly": 0,
            "eps_latest_yearly": 0,
            "eps_growth_yearly": 0
        },
        "20033": {
            "year_quarter": 20033,
            "year": 2003,
            "quarter": 3,
            "eps": null,
            "eps_growth_year": null,
            "eps_4q": null,
            "eps_4q_growth_year": null,
            "roe": null,
            "roe_4q": 0,
            "gross_profit": null,
            "gross_margin": null,
            "gross_margin_4q_avg": 0,
            "net_income": null,
            "net_income_4q": null,
            "revenue": null,
            "revenue_4q": null,
            "common_shares": null,
            "book_valuer_per_share": null,
            "book_valuer_per_share_4q_avg": 0,
            "equity": null,
            "current_ratio": null,
            "debt_ratio": null,
            "inventory_turnover_ratio": null,
            "account_receivable_turnover_ratio": null,
            "reinvestment_rate": null,
            "research_to_sale_ratio": null,
            "price_fair": 0,
            "eps_avg_yearly": 0,
            "eps_latest_yearly": 0,
            "eps_growth_yearly": 0
        },
        "20034": {
            "year_quarter": 20034,
            "year": 2003,
            "quarter": 4,
            "eps": null,
            "eps_growth_year": null,
            "eps_4q": null,
            "eps_4q_growth_year": null,
            "roe": null,
            "roe_4q": 0,
            "gross_profit": null,
            "gross_margin": null,
            "gross_margin_4q_avg": 0,
            "net_income": null,
            "net_income_4q": null,
            "revenue": null,
            "revenue_4q": null,
            "common_shares": null,
            "book_valuer_per_share": null,
            "book_valuer_per_share_4q_avg": 0,
            "equity": null,
            "current_ratio": null,
            "debt_ratio": null,
            "inventory_turnover_ratio": null,
            "account_receivable_turnover_ratio": null,
            "reinvestment_rate": null,
            "research_to_sale_ratio": null,
            "price_fair": 0,
            "eps_avg_yearly": 0,
            "eps_latest_yearly": 0,
            "eps_growth_yearly": 0
        },
        "20041": {
            "year_quarter": 20041,
            "year": 2004,
            "quarter": 1,
            "eps": null,
            "eps_growth_year": null,
            "eps_4q": null,
            "eps_4q_growth_year": null,
            "roe": null,
            "roe_4q": 0,
            "gross_profit": null,
            "gross_margin": null,
            "gross_margin_4q_avg": 0,
            "net_income": null,
            "net_income_4q": null,
            "revenue": null,
            "revenue_4q": null,
            "common_shares": null,
            "book_valuer_per_share": null,
            "book_valuer_per_share_4q_avg": 0,
            "equity": null,
            "current_ratio": null,
            "debt_ratio": null,
            "inventory_turnover_ratio": null,
            "account_receivable_turnover_ratio": null,
            "reinvestment_rate": null,
            "research_to_sale_ratio": null,
            "price_fair": 0,
            "eps_avg_yearly": 0,
            "eps_latest_yearly": 0,
            "eps_growth_yearly": 0
        },
        "20042": {
            "year_quarter": 20042,
            "year": 2004,
            "quarter": 2,
            "eps": null,
            "eps_growth_year": null,
            "eps_4q": null,
            "eps_4q_growth_year": null,
            "roe": null,
            "roe_4q": 0,
            "gross_profit": null,
            "gross_margin": null,
            "gross_margin_4q_avg": 0,
            "net_income": null,
            "net_income_4q": null,
            "revenue": null,
            "revenue_4q": null,
            "common_shares": null,
            "book_valuer_per_share": null,
            "book_valuer_per_share_4q_avg": 0,
            "equity": null,
            "current_ratio": null,
            "debt_ratio": null,
            "inventory_turnover_ratio": null,
            "account_receivable_turnover_ratio": null,
            "reinvestment_rate": null,
            "research_to_sale_ratio": null,
            "price_fair": 0,
            "eps_avg_yearly": 0,
            "eps_latest_yearly": 0,
            "eps_growth_yearly": 0
        },
        "20043": {
            "year_quarter": 20043,
            "year": 2004,
            "quarter": 3,
            "eps": null,
            "eps_growth_year": null,
            "eps_4q": null,
            "eps_4q_growth_year": null,
            "roe": null,
            "roe_4q": 0,
            "gross_profit": null,
            "gross_margin": null,
            "gross_margin_4q_avg": 0,
            "net_income": null,
            "net_income_4q": null,
            "revenue": null,
            "revenue_4q": null,
            "common_shares": null,
            "book_valuer_per_share": null,
            "book_valuer_per_share_4q_avg": 0,
            "equity": null,
            "current_ratio": null,
            "debt_ratio": null,
            "inventory_turnover_ratio": null,
            "account_receivable_turnover_ratio": null,
            "reinvestment_rate": null,
            "research_to_sale_ratio": null,
            "price_fair": 0,
            "eps_avg_yearly": 0,
            "eps_latest_yearly": 0,
            "eps_growth_yearly": 0
        },
        "20044": {
            "year_quarter": 20044,
            "year": 2004,
            "quarter": 4,
            "eps": null,
            "eps_growth_year": null,
            "eps_4q": null,
            "eps_4q_growth_year": null,
            "roe": null,
            "roe_4q": 0,
            "gross_profit": null,
            "gross_margin": null,
            "gross_margin_4q_avg": 0,
            "net_income": null,
            "net_income_4q": null,
            "revenue": null,
            "revenue_4q": null,
            "common_shares": null,
            "book_valuer_per_share": null,
            "book_valuer_per_share_4q_avg": 0,
            "equity": null,
            "current_ratio": null,
            "debt_ratio": null,
            "inventory_turnover_ratio": null,
            "account_receivable_turnover_ratio": null,
            "reinvestment_rate": null,
            "research_to_sale_ratio": null,
            "price_fair": 0,
            "eps_avg_yearly": 0,
            "eps_latest_yearly": 0,
            "eps_growth_yearly": 0
        },
        "20051": {
            "year_quarter": 20051,
            "year": 2005,
            "quarter": 1,
            "eps": null,
            "eps_growth_year": null,
            "eps_4q": null,
            "eps_4q_growth_year": null,
            "roe": null,
            "roe_4q": 0,
            "gross_profit": null,
            "gross_margin": null,
            "gross_margin_4q_avg": 0,
            "net_income": null,
            "net_income_4q": null,
            "revenue": null,
            "revenue_4q": null,
            "common_shares": null,
            "book_valuer_per_share": null,
            "book_valuer_per_share_4q_avg": 0,
            "equity": null,
            "current_ratio": null,
            "debt_ratio": null,
            "inventory_turnover_ratio": null,
            "account_receivable_turnover_ratio": null,
            "reinvestment_rate": null,
            "research_to_sale_ratio": null,
            "price_fair": 0,
            "eps_avg_yearly": 0,
            "eps_latest_yearly": 0,
            "eps_growth_yearly": 0
        },
        "20052": {
            "year_quarter": 20052,
            "year": 2005,
            "quarter": 2,
            "eps": null,
            "eps_growth_year": null,
            "eps_4q": null,
            "eps_4q_growth_year": null,
            "roe": null,
            "roe_4q": 0,
            "gross_profit": null,
            "gross_margin": null,
            "gross_margin_4q_avg": 0,
            "net_income": null,
            "net_income_4q": null,
            "revenue": null,
            "revenue_4q": null,
            "common_shares": null,
            "book_valuer_per_share": null,
            "book_valuer_per_share_4q_avg": 0,
            "equity": null,
            "current_ratio": null,
            "debt_ratio": null,
            "inventory_turnover_ratio": null,
            "account_receivable_turnover_ratio": null,
            "reinvestment_rate": null,
            "research_to_sale_ratio": null,
            "price_fair": 0,
            "eps_avg_yearly": 0,
            "eps_latest_yearly": 0,
            "eps_growth_yearly": 0
        },
        "20053": {
            "year_quarter": 20053,
            "year": 2005,
            "quarter": 3,
            "eps": null,
            "eps_growth_year": null,
            "eps_4q": null,
            "eps_4q_growth_year": null,
            "roe": null,
            "roe_4q": 0,
            "gross_profit": null,
            "gross_margin": null,
            "gross_margin_4q_avg": 0,
            "net_income": null,
            "net_income_4q": null,
            "revenue": null,
            "revenue_4q": null,
            "common_shares": null,
            "book_valuer_per_share": null,
            "book_valuer_per_share_4q_avg": 0,
            "equity": null,
            "current_ratio": null,
            "debt_ratio": null,
            "inventory_turnover_ratio": null,
            "account_receivable_turnover_ratio": null,
            "reinvestment_rate": null,
            "research_to_sale_ratio": null,
            "price_fair": 0,
            "eps_avg_yearly": 0,
            "eps_latest_yearly": 0,
            "eps_growth_yearly": 0
        },
        "20054": {
            "year_quarter": 20054,
            "year": 2005,
            "quarter": 4,
            "eps": null,
            "eps_growth_year": null,
            "eps_4q": null,
            "eps_4q_growth_year": null,
            "roe": null,
            "roe_4q": 0,
            "gross_profit": null,
            "gross_margin": null,
            "gross_margin_4q_avg": 0,
            "net_income": null,
            "net_income_4q": null,
            "revenue": null,
            "revenue_4q": null,
            "common_shares": null,
            "book_valuer_per_share": null,
            "book_valuer_per_share_4q_avg": 0,
            "equity": null,
            "current_ratio": null,
            "debt_ratio": null,
            "inventory_turnover_ratio": null,
            "account_receivable_turnover_ratio": null,
            "reinvestment_rate": null,
            "research_to_sale_ratio": null,
            "price_fair": 0,
            "eps_avg_yearly": 0,
            "eps_latest_yearly": 0,
            "eps_growth_yearly": 0
        },
        "20061": {
            "year_quarter": 20061,
            "year": 2006,
            "quarter": 1,
            "eps": null,
            "eps_growth_year": null,
            "eps_4q": null,
            "eps_4q_growth_year": null,
            "roe": null,
            "roe_4q": 0,
            "gross_profit": null,
            "gross_margin": null,
            "gross_margin_4q_avg": 0,
            "net_income": null,
            "net_income_4q": null,
            "revenue": null,
            "revenue_4q": null,
            "common_shares": null,
            "book_valuer_per_share": null,
            "book_valuer_per_share_4q_avg": 0,
            "equity": null,
            "current_ratio": null,
            "debt_ratio": null,
            "inventory_turnover_ratio": null,
            "account_receivable_turnover_ratio": null,
            "reinvestment_rate": null,
            "research_to_sale_ratio": null,
            "price_fair": 0,
            "eps_avg_yearly": 0,
            "eps_latest_yearly": 0,
            "eps_growth_yearly": 0
        },
        "20062": {
            "year_quarter": 20062,
            "year": 2006,
            "quarter": 2,
            "eps": null,
            "eps_growth_year": null,
            "eps_4q": null,
            "eps_4q_growth_year": null,
            "roe": null,
            "roe_4q": 0,
            "gross_profit": null,
            "gross_margin": null,
            "gross_margin_4q_avg": 0,
            "net_income": null,
            "net_income_4q": null,
            "revenue": null,
            "revenue_4q": null,
            "common_shares": null,
            "book_valuer_per_share": null,
            "book_valuer_per_share_4q_avg": 0,
            "equity": null,
            "current_ratio": null,
            "debt_ratio": null,
            "inventory_turnover_ratio": null,
            "account_receivable_turnover_ratio": null,
            "reinvestment_rate": null,
            "research_to_sale_ratio": null,
            "price_fair": 0,
            "eps_avg_yearly": 0,
            "eps_latest_yearly": 0,
            "eps_growth_yearly": 0
        },
        "20063": {
            "year_quarter": 20063,
            "year": 2006,
            "quarter": 3,
            "eps": null,
            "eps_growth_year": null,
            "eps_4q": null,
            "eps_4q_growth_year": null,
            "roe": null,
            "roe_4q": 0,
            "gross_profit": null,
            "gross_margin": null,
            "gross_margin_4q_avg": 0,
            "net_income": null,
            "net_income_4q": null,
            "revenue": null,
            "revenue_4q": null,
            "common_shares": null,
            "book_valuer_per_share": null,
            "book_valuer_per_share_4q_avg": 0,
            "equity": null,
            "current_ratio": null,
            "debt_ratio": null,
            "inventory_turnover_ratio": null,
            "account_receivable_turnover_ratio": null,
            "reinvestment_rate": null,
            "research_to_sale_ratio": null,
            "price_fair": 0,
            "eps_avg_yearly": 0,
            "eps_latest_yearly": 0,
            "eps_growth_yearly": 0
        },
        "20064": {
            "year_quarter": 20064,
            "year": 2006,
            "quarter": 4,
            "eps": null,
            "eps_growth_year": null,
            "eps_4q": null,
            "eps_4q_growth_year": null,
            "roe": null,
            "roe_4q": 0,
            "gross_profit": null,
            "gross_margin": null,
            "gross_margin_4q_avg": 0,
            "net_income": null,
            "net_income_4q": null,
            "revenue": null,
            "revenue_4q": null,
            "common_shares": null,
            "book_valuer_per_share": null,
            "book_valuer_per_share_4q_avg": 0,
            "equity": null,
            "current_ratio": null,
            "debt_ratio": null,
            "inventory_turnover_ratio": null,
            "account_receivable_turnover_ratio": null,
            "reinvestment_rate": null,
            "research_to_sale_ratio": null,
            "price_fair": 0,
            "eps_avg_yearly": 0,
            "eps_latest_yearly": 0,
            "eps_growth_yearly": 0
        },
        "20071": {
            "year_quarter": 20071,
            "year": 2007,
            "quarter": 1,
            "eps": null,
            "eps_growth_year": null,
            "eps_4q": null,
            "eps_4q_growth_year": null,
            "roe": null,
            "roe_4q": 0,
            "gross_profit": null,
            "gross_margin": null,
            "gross_margin_4q_avg": 0,
            "net_income": null,
            "net_income_4q": null,
            "revenue": null,
            "revenue_4q": null,
            "common_shares": null,
            "book_valuer_per_share": null,
            "book_valuer_per_share_4q_avg": 0,
            "equity": null,
            "current_ratio": null,
            "debt_ratio": null,
            "inventory_turnover_ratio": null,
            "account_receivable_turnover_ratio": null,
            "reinvestment_rate": null,
            "research_to_sale_ratio": null,
            "price_fair": 0,
            "eps_avg_yearly": 0,
            "eps_latest_yearly": 0,
            "eps_growth_yearly": 0
        },
        "20072": {
            "year_quarter": 20072,
            "year": 2007,
            "quarter": 2,
            "eps": null,
            "eps_growth_year": null,
            "eps_4q": null,
            "eps_4q_growth_year": null,
            "roe": null,
            "roe_4q": 0,
            "gross_profit": null,
            "gross_margin": null,
            "gross_margin_4q_avg": 0,
            "net_income": null,
            "net_income_4q": null,
            "revenue": null,
            "revenue_4q": null,
            "common_shares": null,
            "book_valuer_per_share": null,
            "book_valuer_per_share_4q_avg": 0,
            "equity": null,
            "current_ratio": null,
            "debt_ratio": null,
            "inventory_turnover_ratio": null,
            "account_receivable_turnover_ratio": null,
            "reinvestment_rate": null,
            "research_to_sale_ratio": null,
            "price_fair": 0,
            "eps_avg_yearly": 0,
            "eps_latest_yearly": 0,
            "eps_growth_yearly": 0
        },
        "20073": {
            "year_quarter": 20073,
            "year": 2007,
            "quarter": 3,
            "eps": null,
            "eps_growth_year": null,
            "eps_4q": null,
            "eps_4q_growth_year": null,
            "roe": null,
            "roe_4q": 0,
            "gross_profit": null,
            "gross_margin": null,
            "gross_margin_4q_avg": 0,
            "net_income": null,
            "net_income_4q": null,
            "revenue": null,
            "revenue_4q": null,
            "common_shares": null,
            "book_valuer_per_share": null,
            "book_valuer_per_share_4q_avg": 0,
            "equity": null,
            "current_ratio": null,
            "debt_ratio": null,
            "inventory_turnover_ratio": null,
            "account_receivable_turnover_ratio": null,
            "reinvestment_rate": null,
            "research_to_sale_ratio": null,
            "price_fair": 0,
            "eps_avg_yearly": 0,
            "eps_latest_yearly": 0,
            "eps_growth_yearly": 0
        },
        "20074": {
            "year_quarter": 20074,
            "year": 2007,
            "quarter": 4,
            "eps": null,
            "eps_growth_year": null,
            "eps_4q": null,
            "eps_4q_growth_year": null,
            "roe": null,
            "roe_4q": 0,
            "gross_profit": null,
            "gross_margin": null,
            "gross_margin_4q_avg": 0,
            "net_income": null,
            "net_income_4q": null,
            "revenue": null,
            "revenue_4q": null,
            "common_shares": null,
            "book_valuer_per_share": null,
            "book_valuer_per_share_4q_avg": 0,
            "equity": null,
            "current_ratio": null,
            "debt_ratio": null,
            "inventory_turnover_ratio": null,
            "account_receivable_turnover_ratio": null,
            "reinvestment_rate": null,
            "research_to_sale_ratio": null,
            "price_fair": 0,
            "eps_avg_yearly": 0,
            "eps_latest_yearly": 0,
            "eps_growth_yearly": 0
        },
        "20081": {
            "year_quarter": 20081,
            "year": 2008,
            "quarter": 1,
            "eps": null,
            "eps_growth_year": null,
            "eps_4q": null,
            "eps_4q_growth_year": null,
            "roe": null,
            "roe_4q": 0,
            "gross_profit": null,
            "gross_margin": null,
            "gross_margin_4q_avg": 0,
            "net_income": null,
            "net_income_4q": null,
            "revenue": null,
            "revenue_4q": null,
            "common_shares": null,
            "book_valuer_per_share": null,
            "book_valuer_per_share_4q_avg": 0,
            "equity": null,
            "current_ratio": null,
            "debt_ratio": null,
            "inventory_turnover_ratio": null,
            "account_receivable_turnover_ratio": null,
            "reinvestment_rate": null,
            "research_to_sale_ratio": null,
            "price_fair": 0,
            "eps_avg_yearly": 0,
            "eps_latest_yearly": 0,
            "eps_growth_yearly": 0
        },
        "20082": {
            "year_quarter": 20082,
            "year": 2008,
            "quarter": 2,
            "eps": null,
            "eps_growth_year": null,
            "eps_4q": null,
            "eps_4q_growth_year": null,
            "roe": null,
            "roe_4q": 0,
            "gross_profit": null,
            "gross_margin": null,
            "gross_margin_4q_avg": 0,
            "net_income": null,
            "net_income_4q": null,
            "revenue": null,
            "revenue_4q": null,
            "common_shares": null,
            "book_valuer_per_share": null,
            "book_valuer_per_share_4q_avg": 0,
            "equity": null,
            "current_ratio": null,
            "debt_ratio": null,
            "inventory_turnover_ratio": null,
            "account_receivable_turnover_ratio": null,
            "reinvestment_rate": null,
            "research_to_sale_ratio": null,
            "price_fair": 0,
            "eps_avg_yearly": 0,
            "eps_latest_yearly": 0,
            "eps_growth_yearly": 0
        },
        "20083": {
            "year_quarter": 20083,
            "year": 2008,
            "quarter": 3,
            "eps": null,
            "eps_growth_year": null,
            "eps_4q": null,
            "eps_4q_growth_year": null,
            "roe": null,
            "roe_4q": 0,
            "gross_profit": null,
            "gross_margin": null,
            "gross_margin_4q_avg": 0,
            "net_income": null,
            "net_income_4q": null,
            "revenue": null,
            "revenue_4q": null,
            "common_shares": null,
            "book_valuer_per_share": null,
            "book_valuer_per_share_4q_avg": 0,
            "equity": null,
            "current_ratio": null,
            "debt_ratio": null,
            "inventory_turnover_ratio": null,
            "account_receivable_turnover_ratio": null,
            "reinvestment_rate": null,
            "research_to_sale_ratio": null,
            "price_fair": 0,
            "eps_avg_yearly": 0,
            "eps_latest_yearly": 0,
            "eps_growth_yearly": 0
        },
        "20084": {
            "year_quarter": 20084,
            "year": 2008,
            "quarter": 4,
            "eps": null,
            "eps_growth_year": null,
            "eps_4q": null,
            "eps_4q_growth_year": null,
            "roe": null,
            "roe_4q": 0,
            "gross_profit": null,
            "gross_margin": null,
            "gross_margin_4q_avg": 0,
            "net_income": null,
            "net_income_4q": null,
            "revenue": null,
            "revenue_4q": null,
            "common_shares": 1500000,
            "book_valuer_per_share": 10.03,
            "book_valuer_per_share_4q_avg": 2.51,
            "equity": 1504252,
            "current_ratio": 11106.08,
            "debt_ratio": 0.78,
            "inventory_turnover_ratio": null,
            "account_receivable_turnover_ratio": null,
            "reinvestment_rate": null,
            "research_to_sale_ratio": null,
            "price_fair": 0,
            "eps_avg_yearly": 0,
            "eps_latest_yearly": 0,
            "eps_growth_yearly": 0
        },
        "20091": {
            "year_quarter": 20091,
            "year": 2009,
            "quarter": 1,
            "eps": null,
            "eps_growth_year": null,
            "eps_4q": null,
            "eps_4q_growth_year": null,
            "roe": null,
            "roe_4q": 0,
            "gross_profit": null,
            "gross_margin": null,
            "gross_margin_4q_avg": 0,
            "net_income": null,
            "net_income_4q": null,
            "revenue": null,
            "revenue_4q": null,
            "common_shares": null,
            "book_valuer_per_share": null,
            "book_valuer_per_share_4q_avg": 2.51,
            "equity": null,
            "current_ratio": null,
            "debt_ratio": null,
            "inventory_turnover_ratio": null,
            "account_receivable_turnover_ratio": null,
            "reinvestment_rate": null,
            "research_to_sale_ratio": null,
            "price_fair": 0,
            "eps_avg_yearly": 0,
            "eps_latest_yearly": 0,
            "eps_growth_yearly": 0
        },
        "20092": {
            "year_quarter": 20092,
            "year": 2009,
            "quarter": 2,
            "eps": null,
            "eps_growth_year": null,
            "eps_4q": null,
            "eps_4q_growth_year": null,
            "roe": null,
            "roe_4q": 0,
            "gross_profit": null,
            "gross_margin": null,
            "gross_margin_4q_avg": 0,
            "net_income": null,
            "net_income_4q": null,
            "revenue": null,
            "revenue_4q": null,
            "common_shares": 2000000,
            "book_valuer_per_share": null,
            "book_valuer_per_share_4q_avg": 2.51,
            "equity": 1932719,
            "current_ratio": null,
            "debt_ratio": null,
            "inventory_turnover_ratio": null,
            "account_receivable_turnover_ratio": null,
            "reinvestment_rate": null,
            "research_to_sale_ratio": null,
            "price_fair": 0,
            "eps_avg_yearly": 0,
            "eps_latest_yearly": 0,
            "eps_growth_yearly": 0
        },
        "20093": {
            "year_quarter": 20093,
            "year": 2009,
            "quarter": 3,
            "eps": 0.37,
            "eps_growth_year": null,
            "eps_4q": null,
            "eps_4q_growth_year": null,
            "roe": 3.36,
            "roe_4q": 3.36,
            "gross_profit": 110798,
            "gross_margin": 13.11,
            "gross_margin_4q_avg": 3.28,
            "net_income": 69935,
            "net_income_4q": null,
            "revenue": 845130,
            "revenue_4q": null,
            "common_shares": 2000000,
            "book_valuer_per_share": 11.14,
            "book_valuer_per_share_4q_avg": 5.29,
            "equity": 2228954,
            "current_ratio": 183.16,
            "debt_ratio": 34.67,
            "inventory_turnover_ratio": 3.69,
            "account_receivable_turnover_ratio": 1.52,
            "reinvestment_rate": null,
            "research_to_sale_ratio": null,
            "price_fair": 0,
            "eps_avg_yearly": 0,
            "eps_latest_yearly": 0,
            "eps_growth_yearly": 0
        },
        "20094": {
            "year_quarter": 20094,
            "year": 2009,
            "quarter": 4,
            "eps": 0.05,
            "eps_growth_year": null,
            "eps_4q": null,
            "eps_4q_growth_year": null,
            "roe": 0.39,
            "roe_4q": 3.75,
            "gross_profit": 822,
            "gross_margin": 0.1,
            "gross_margin_4q_avg": 3.3,
            "net_income": 9009,
            "net_income_4q": null,
            "revenue": 841344,
            "revenue_4q": null,
            "common_shares": 2250000,
            "book_valuer_per_share": 10.6,
            "book_valuer_per_share_4q_avg": 5.44,
            "equity": 2384893,
            "current_ratio": 136.65,
            "debt_ratio": 47.03,
            "inventory_turnover_ratio": 2.69,
            "account_receivable_turnover_ratio": 1.78,
            "reinvestment_rate": null,
            "research_to_sale_ratio": null,
            "price_fair": 0.6,
            "eps_avg_yearly": 0.2,
            "eps_latest_yearly": 0.2,
            "eps_growth_yearly": -345.95
        },
        "20101": {
            "year_quarter": 20101,
            "year": 2010,
            "quarter": 1,
            "eps": null,
            "eps_growth_year": null,
            "eps_4q": null,
            "eps_4q_growth_year": null,
            "roe": null,
            "roe_4q": 3.75,
            "gross_profit": 273870,
            "gross_margin": null,
            "gross_margin_4q_avg": 3.3,
            "net_income": 152600,
            "net_income_4q": null,
            "revenue": 1309593,
            "revenue_4q": null,
            "common_shares": 3154910,
            "book_valuer_per_share": 12.87,
            "book_valuer_per_share_4q_avg": 8.65,
            "equity": 4060618,
            "current_ratio": 113.01,
            "debt_ratio": 53.37,
            "inventory_turnover_ratio": null,
            "account_receivable_turnover_ratio": null,
            "reinvestment_rate": null,
            "research_to_sale_ratio": null,
            "price_fair": 0.6,
            "eps_avg_yearly": 0.2,
            "eps_latest_yearly": 0.2,
            "eps_growth_yearly": -345.95
        },
        "20102": {
            "year_quarter": 20102,
            "year": 2010,
            "quarter": 2,
            "eps": 1.24,
            "eps_growth_year": null,
            "eps_4q": 1.45,
            "eps_4q_growth_year": null,
            "roe": 8.11,
            "roe_4q": 11.86,
            "gross_profit": 683554,
            "gross_margin": 28.71,
            "gross_margin_4q_avg": 10.48,
            "net_income": 459938,
            "net_income_4q": null,
            "revenue": 2380941,
            "revenue_4q": null,
            "common_shares": 3704910,
            "book_valuer_per_share": 19.64,
            "book_valuer_per_share_4q_avg": 13.56,
            "equity": 7278014,
            "current_ratio": 135.04,
            "debt_ratio": 42.94,
            "inventory_turnover_ratio": 1.46,
            "account_receivable_turnover_ratio": 1.68,
            "reinvestment_rate": null,
            "research_to_sale_ratio": null,
            "price_fair": 0.6,
            "eps_avg_yearly": 0.2,
            "eps_latest_yearly": 0.2,
            "eps_growth_yearly": -345.95
        },
        "20103": {
            "year_quarter": 20103,
            "year": 2010,
            "quarter": 3,
            "eps": 1.38,
            "eps_growth_year": 273.01,
            "eps_4q": 2.65,
            "eps_4q_growth_year": null,
            "roe": 6.79,
            "roe_4q": 15.29,
            "gross_profit": 827368,
            "gross_margin": 31.34,
            "gross_margin_4q_avg": 15.04,
            "net_income": 511598,
            "net_income_4q": null,
            "revenue": 2639878,
            "revenue_4q": null,
            "common_shares": 3704910,
            "book_valuer_per_share": 21.02,
            "book_valuer_per_share_4q_avg": 16.03,
            "equity": 7787981,
            "current_ratio": 132.13,
            "debt_ratio": 49.72,
            "inventory_turnover_ratio": 1.08,
            "account_receivable_turnover_ratio": 0.85,
            "reinvestment_rate": null,
            "research_to_sale_ratio": 2.62,
            "price_fair": 8.58,
            "eps_avg_yearly": 2.86,
            "eps_latest_yearly": 5.52,
            "eps_growth_yearly": -150.39
        },
        "20104": {
            "year_quarter": 20104,
            "year": 2010,
            "quarter": 4,
            "eps": 0.29,
            "eps_growth_year": 472.68,
            "eps_4q": 2.89,
            "eps_4q_growth_year": null,
            "roe": 1.36,
            "roe_4q": 16.259999999999998,
            "gross_profit": 211620,
            "gross_margin": 12.25,
            "gross_margin_4q_avg": 18.08,
            "net_income": 106782,
            "net_income_4q": null,
            "revenue": 1727092,
            "revenue_4q": null,
            "common_shares": 3706885,
            "book_valuer_per_share": 21.2,
            "book_valuer_per_share_4q_avg": 18.68,
            "equity": 7901454,
            "current_ratio": 199.18,
            "debt_ratio": 51.76,
            "inventory_turnover_ratio": 0.76,
            "account_receivable_turnover_ratio": 0.6,
            "reinvestment_rate": null,
            "research_to_sale_ratio": 4.87,
            "price_fair": 6.88,
            "eps_avg_yearly": 2.29,
            "eps_latest_yearly": 1.16,
            "eps_growth_yearly": -205.58
        },
        "20111": {
            "year_quarter": 20111,
            "year": 2011,
            "quarter": 1,
            "eps": -0.2,
            "eps_growth_year": null,
            "eps_4q": 2.69,
            "eps_4q_growth_year": null,
            "roe": -0.94,
            "roe_4q": 15.32,
            "gross_profit": 143078,
            "gross_margin": 7.96,
            "gross_margin_4q_avg": 20.07,
            "net_income": -74189,
            "net_income_4q": null,
            "revenue": 1797209,
            "revenue_4q": null,
            "common_shares": 3727338,
            "book_valuer_per_share": 20.96,
            "book_valuer_per_share_4q_avg": 20.71,
            "equity": 7813249,
            "current_ratio": 173.92,
            "debt_ratio": 54.4,
            "inventory_turnover_ratio": 0.73,
            "account_receivable_turnover_ratio": 0.71,
            "reinvestment_rate": null,
            "research_to_sale_ratio": 4.84,
            "price_fair": 6.88,
            "eps_avg_yearly": 2.29,
            "eps_latest_yearly": 1.16,
            "eps_growth_yearly": -205.58
        },
        "20112": {
            "year_quarter": 20112,
            "year": 2011,
            "quarter": 2,
            "eps": 0.28,
            "eps_growth_year": -77.2,
            "eps_4q": 1.66,
            "eps_4q_growth_year": 13.8,
            "roe": 1.45,
            "roe_4q": 8.66,
            "gross_profit": 414403,
            "gross_margin": 17.44,
            "gross_margin_4q_avg": 17.25,
            "net_income": 112250,
            "net_income_4q": null,
            "revenue": 2376430,
            "revenue_4q": null,
            "common_shares": 3965960,
            "book_valuer_per_share": 19.3,
            "book_valuer_per_share_4q_avg": 20.62,
            "equity": 7652776,
            "current_ratio": 184.27,
            "debt_ratio": 58.39,
            "inventory_turnover_ratio": 0.78,
            "account_receivable_turnover_ratio": 0.76,
            "reinvestment_rate": null,
            "research_to_sale_ratio": 4.21,
            "price_fair": 6.88,
            "eps_avg_yearly": 2.29,
            "eps_latest_yearly": 1.16,
            "eps_growth_yearly": -205.58
        },
        "20113": {
            "year_quarter": 20113,
            "year": 2011,
            "quarter": 3,
            "eps": 0.05,
            "eps_growth_year": -96.38,
            "eps_4q": 0.4,
            "eps_4q_growth_year": -85.05,
            "roe": 0.27,
            "roe_4q": 2.14,
            "gross_profit": 222889,
            "gross_margin": 8.85,
            "gross_margin_4q_avg": 11.63,
            "net_income": 20963,
            "net_income_4q": null,
            "revenue": 2518716,
            "revenue_4q": null,
            "common_shares": 4190960,
            "book_valuer_per_share": 19.38,
            "book_valuer_per_share_4q_avg": 20.21,
            "equity": 8121325,
            "current_ratio": 168.46,
            "debt_ratio": 57.89,
            "inventory_turnover_ratio": 0.96,
            "account_receivable_turnover_ratio": 0.69,
            "reinvestment_rate": null,
            "research_to_sale_ratio": 2.99,
            "price_fair": 5.31,
            "eps_avg_yearly": 1.77,
            "eps_latest_yearly": 0.2,
            "eps_growth_yearly": -236.32
        },
        "20114": {
            "year_quarter": 20114,
            "year": 2011,
            "quarter": 4,
            "eps": -0.47,
            "eps_growth_year": -263.9,
            "eps_4q": -0.33,
            "eps_4q_growth_year": -111.36,
            "roe": -2.45,
            "roe_4q": -1.6700000000000002,
            "gross_profit": 48103,
            "gross_margin": 2,
            "gross_margin_4q_avg": 9.06,
            "net_income": -196739,
            "net_income_4q": null,
            "revenue": 2410373,
            "revenue_4q": null,
            "common_shares": 4191695,
            "book_valuer_per_share": 18.91,
            "book_valuer_per_share_4q_avg": 19.64,
            "equity": 7928322,
            "current_ratio": 195.62,
            "debt_ratio": 57.77,
            "inventory_turnover_ratio": 1.17,
            "account_receivable_turnover_ratio": 0.72,
            "reinvestment_rate": null,
            "research_to_sale_ratio": 3.63,
            "price_fair": 5.31,
            "eps_avg_yearly": 1.77,
            "eps_latest_yearly": 0.2,
            "eps_growth_yearly": -236.32
        },
        "20121": {
            "year_quarter": 20121,
            "year": 2012,
            "quarter": 1,
            "eps": 0,
            "eps_growth_year": null,
            "eps_4q": -0.15,
            "eps_4q_growth_year": -105.44,
            "roe": 0.03,
            "roe_4q": -0.7000000000000004,
            "gross_profit": 260504,
            "gross_margin": 11.88,
            "gross_margin_4q_avg": 10.04,
            "net_income": 2002,
            "net_income_4q": null,
            "revenue": 2193515,
            "revenue_4q": null,
            "common_shares": 4191995,
            "book_valuer_per_share": 18.84,
            "book_valuer_per_share_4q_avg": 19.11,
            "equity": 7901276,
            "current_ratio": 178.63,
            "debt_ratio": 56.85,
            "inventory_turnover_ratio": 1.03,
            "account_receivable_turnover_ratio": 0.71,
            "reinvestment_rate": null,
            "research_to_sale_ratio": 3.3,
            "price_fair": 5.31,
            "eps_avg_yearly": 1.77,
            "eps_latest_yearly": 0.2,
            "eps_growth_yearly": -236.32
        },
        "20122": {
            "year_quarter": 20122,
            "year": 2012,
            "quarter": 2,
            "eps": 0.3,
            "eps_growth_year": 5.87,
            "eps_4q": -0.11,
            "eps_4q_growth_year": -106.93,
            "roe": 1.57,
            "roe_4q": -0.5800000000000001,
            "gross_profit": 395482,
            "gross_margin": 15.15,
            "gross_margin_4q_avg": 9.47,
            "net_income": 125689,
            "net_income_4q": null,
            "revenue": 2610657,
            "revenue_4q": null,
            "common_shares": 4194403,
            "book_valuer_per_share": 19.23,
            "book_valuer_per_share_4q_avg": 19.09,
            "equity": 8065077,
            "current_ratio": 178.22,
            "debt_ratio": 57.57,
            "inventory_turnover_ratio": 1.13,
            "account_receivable_turnover_ratio": 0.81,
            "reinvestment_rate": null,
            "research_to_sale_ratio": 2.96,
            "price_fair": 5.31,
            "eps_avg_yearly": 1.77,
            "eps_latest_yearly": 0.2,
            "eps_growth_yearly": -236.32
        },
        "20123": {
            "year_quarter": 20123,
            "year": 2012,
            "quarter": 3,
            "eps": 0.23,
            "eps_growth_year": 368.77,
            "eps_4q": 0.08,
            "eps_4q_growth_year": -79.74,
            "roe": 1.27,
            "roe_4q": 0.4199999999999995,
            "gross_profit": 358505,
            "gross_margin": 12.39,
            "gross_margin_4q_avg": 10.36,
            "net_income": 104913,
            "net_income_4q": null,
            "revenue": 2894346,
            "revenue_4q": null,
            "common_shares": 4194675,
            "book_valuer_per_share": 19.73,
            "book_valuer_per_share_4q_avg": 19.18,
            "equity": 8491494,
            "current_ratio": 187.44,
            "debt_ratio": 56.98,
            "inventory_turnover_ratio": 1.36,
            "account_receivable_turnover_ratio": 0.87,
            "reinvestment_rate": null,
            "research_to_sale_ratio": 2.53,
            "price_fair": 4.8,
            "eps_avg_yearly": 1.6,
            "eps_latest_yearly": 0.92,
            "eps_growth_yearly": -207.73
        },
        "20124": {
            "year_quarter": 20124,
            "year": 2012,
            "quarter": 4,
            "eps": 0.14,
            "eps_growth_year": null,
            "eps_4q": 0.68,
            "eps_4q_growth_year": null,
            "roe": 0.69,
            "roe_4q": 3.56,
            "gross_profit": 304900,
            "gross_margin": 12.93,
            "gross_margin_4q_avg": 13.09,
            "net_income": 58346,
            "net_income_4q": null,
            "revenue": 2357264,
            "revenue_4q": null,
            "common_shares": 4304724,
            "book_valuer_per_share": 19.83,
            "book_valuer_per_share_4q_avg": 19.41,
            "equity": 8538613,
            "current_ratio": 182.59,
            "debt_ratio": 53.57,
            "inventory_turnover_ratio": 1.24,
            "account_receivable_turnover_ratio": 0.76,
            "reinvestment_rate": null,
            "research_to_sale_ratio": 3.03,
            "price_fair": 4.28,
            "eps_avg_yearly": 1.43,
            "eps_latest_yearly": 0.56,
            "eps_growth_yearly": -199.19
        },
        "20131": {
            "year_quarter": 20131,
            "year": 2013,
            "quarter": 1,
            "eps": 0.92,
            "eps_growth_year": null,
            "eps_4q": 1.31,
            "eps_4q_growth_year": null,
            "roe": 4.37,
            "roe_4q": 7.9,
            "gross_profit": 196968,
            "gross_margin": 6.82,
            "gross_margin_4q_avg": 11.82,
            "net_income": 437149,
            "net_income_4q": null,
            "revenue": 2888362,
            "revenue_4q": null,
            "common_shares": 5010158,
            "book_valuer_per_share": 21.84,
            "book_valuer_per_share_4q_avg": 20.16,
            "equity": 11453936,
            "current_ratio": 175.62,
            "debt_ratio": 49.3,
            "inventory_turnover_ratio": 1.44,
            "account_receivable_turnover_ratio": 0.84,
            "reinvestment_rate": null,
            "research_to_sale_ratio": 3.12,
            "price_fair": 61.2,
            "eps_avg_yearly": 1.75,
            "eps_latest_yearly": 3.68,
            "eps_growth_yearly": 147.63
        },
        "20132": {
            "year_quarter": 20132,
            "year": 2013,
            "quarter": 2,
            "eps": 0.59,
            "eps_growth_year": 96.9,
            "eps_4q": 1.74,
            "eps_4q_growth_year": null,
            "roe": 2.62,
            "roe_4q": 8.95,
            "gross_profit": 670038,
            "gross_margin": 17.43,
            "gross_margin_4q_avg": 12.39,
            "net_income": 300601,
            "net_income_4q": null,
            "revenue": 3844652,
            "revenue_4q": null,
            "common_shares": 5224693,
            "book_valuer_per_share": 21.96,
            "book_valuer_per_share_4q_avg": 20.84,
            "equity": 11529216,
            "current_ratio": 162.57,
            "debt_ratio": 50.07,
            "inventory_turnover_ratio": 1.43,
            "account_receivable_turnover_ratio": 0.86,
            "reinvestment_rate": 420.94,
            "research_to_sale_ratio": 2.2,
            "price_fair": 63.88,
            "eps_avg_yearly": 1.83,
            "eps_latest_yearly": 2.36,
            "eps_growth_yearly": 111.24
        },
        "20133": {
            "year_quarter": 20133,
            "year": 2013,
            "quarter": 3,
            "eps": 0.35,
            "eps_growth_year": 49.29,
            "eps_4q": 1.86,
            "eps_4q_growth_year": 2220.46,
            "roe": 1.52,
            "roe_4q": 9.200000000000001,
            "gross_profit": 543333,
            "gross_margin": 14.7,
            "gross_margin_4q_avg": 12.97,
            "net_income": 176895,
            "net_income_4q": null,
            "revenue": 3695751,
            "revenue_4q": null,
            "common_shares": 5321549,
            "book_valuer_per_share": 21.91,
            "book_valuer_per_share_4q_avg": 21.39,
            "equity": 11723343,
            "current_ratio": 146.02,
            "debt_ratio": 48.11,
            "inventory_turnover_ratio": 1.43,
            "account_receivable_turnover_ratio": 0.73,
            "reinvestment_rate": 363.12,
            "research_to_sale_ratio": 2.57,
            "price_fair": 62.22,
            "eps_avg_yearly": 1.78,
            "eps_latest_yearly": 1.4,
            "eps_growth_yearly": 80.8
        },
        "20134": {
            "year_quarter": 20134,
            "year": 2013,
            "quarter": 4,
            "eps": 0.09,
            "eps_growth_year": -33.39,
            "eps_4q": 1.84,
            "eps_4q_growth_year": 172.11,
            "roe": 0.28,
            "roe_4q": 8.79,
            "gross_profit": 336267,
            "gross_margin": 10.12,
            "gross_margin_4q_avg": 12.27,
            "net_income": 33164,
            "net_income_4q": null,
            "revenue": 3322901,
            "revenue_4q": null,
            "common_shares": 5322010,
            "book_valuer_per_share": 22.17,
            "book_valuer_per_share_4q_avg": 21.97,
            "equity": 11851988,
            "current_ratio": 152.12,
            "debt_ratio": 47.44,
            "inventory_turnover_ratio": 1.41,
            "account_receivable_turnover_ratio": 0.66,
            "reinvestment_rate": 288.76,
            "research_to_sale_ratio": 2.91,
            "price_fair": 62.84,
            "eps_avg_yearly": 1.8,
            "eps_latest_yearly": 0.36,
            "eps_growth_yearly": 86.23
        },
        "20141": {
            "year_quarter": 20141,
            "year": 2014,
            "quarter": 1,
            "eps": 0.05,
            "eps_growth_year": -94.57,
            "eps_4q": 1.03,
            "eps_4q_growth_year": -21.38,
            "roe": 0.17,
            "roe_4q": 4.59,
            "gross_profit": 401472,
            "gross_margin": 12.46,
            "gross_margin_4q_avg": 13.68,
            "net_income": 21060,
            "net_income_4q": null,
            "revenue": 3222384,
            "revenue_4q": null,
            "common_shares": 5324188,
            "book_valuer_per_share": 22.73,
            "book_valuer_per_share_4q_avg": 22.19,
            "equity": 12266054,
            "current_ratio": 171.67,
            "debt_ratio": 44.55,
            "inventory_turnover_ratio": 1.26,
            "account_receivable_turnover_ratio": 0.7,
            "reinvestment_rate": 193.43,
            "research_to_sale_ratio": 2.97,
            "price_fair": 57.26,
            "eps_avg_yearly": 1.64,
            "eps_latest_yearly": 0.2,
            "eps_growth_yearly": 59.83
        },
        "20142": {
            "year_quarter": 20142,
            "year": 2014,
            "quarter": 2,
            "eps": 0.32,
            "eps_growth_year": -45.76,
            "eps_4q": 0.79,
            "eps_4q_growth_year": -54.75,
            "roe": 1.36,
            "roe_4q": 3.33,
            "gross_profit": 548081,
            "gross_margin": 14.45,
            "gross_margin_4q_avg": 12.93,
            "net_income": 163396,
            "net_income_4q": null,
            "revenue": 3792690,
            "revenue_4q": null,
            "common_shares": 5399163,
            "book_valuer_per_share": 21.63,
            "book_valuer_per_share_4q_avg": 22.11,
            "equity": 11714863,
            "current_ratio": 169.79,
            "debt_ratio": 47.8,
            "inventory_turnover_ratio": 1.31,
            "account_receivable_turnover_ratio": 0.8,
            "reinvestment_rate": 106.92,
            "research_to_sale_ratio": 2.58,
            "price_fair": 56.13,
            "eps_avg_yearly": 1.6,
            "eps_latest_yearly": 1.28,
            "eps_growth_yearly": 250.75
        },
        "20143": {
            "year_quarter": 20143,
            "year": 2014,
            "quarter": 3,
            "eps": 0.59,
            "eps_growth_year": 68.57,
            "eps_4q": 1.03,
            "eps_4q_growth_year": -44.86,
            "roe": 2.59,
            "roe_4q": 4.4,
            "gross_profit": 702321,
            "gross_margin": 16.83,
            "gross_margin_4q_avg": 13.47,
            "net_income": 309268,
            "net_income_4q": null,
            "revenue": 4172885,
            "revenue_4q": null,
            "common_shares": 5400065,
            "book_valuer_per_share": 22.35,
            "book_valuer_per_share_4q_avg": 22.22,
            "equity": 12131297,
            "current_ratio": 180.43,
            "debt_ratio": 44.21,
            "inventory_turnover_ratio": 1.35,
            "account_receivable_turnover_ratio": 0.81,
            "reinvestment_rate": -1.69,
            "research_to_sale_ratio": 2.7,
            "price_fair": 46.07,
            "eps_avg_yearly": 1.32,
            "eps_latest_yearly": 2.36,
            "eps_growth_yearly": 277.33
        },
        "20144": {
            "year_quarter": 20144,
            "year": 2014,
            "quarter": 4,
            "eps": 0.2,
            "eps_growth_year": 118.75,
            "eps_4q": 1.01,
            "eps_4q_growth_year": -45.01,
            "roe": 0.9,
            "roe_4q": 5.02,
            "gross_profit": 473216,
            "gross_margin": 14.21,
            "gross_margin_4q_avg": 14.49,
            "net_income": 121938,
            "net_income_4q": null,
            "revenue": 3329178,
            "revenue_4q": null,
            "common_shares": 6228300,
            "book_valuer_per_share": 23.83,
            "book_valuer_per_share_4q_avg": 22.64,
            "equity": 14895059,
            "current_ratio": 246.23,
            "debt_ratio": 38.68,
            "inventory_turnover_ratio": 1.05,
            "account_receivable_turnover_ratio": 0.63,
            "reinvestment_rate": 15.64,
            "research_to_sale_ratio": 3.78,
            "price_fair": 44.93,
            "eps_avg_yearly": 1.28,
            "eps_latest_yearly": 0.8,
            "eps_growth_yearly": 282.01
        },
        "20151": {
            "year_quarter": 20151,
            "year": 2015,
            "quarter": 1,
            "eps": 0.26,
            "eps_growth_year": 420,
            "eps_4q": 1.23,
            "eps_4q_growth_year": 18.99,
            "roe": 1.07,
            "roe_4q": 5.920000000000001,
            "gross_profit": 535317,
            "gross_margin": 15.29,
            "gross_margin_4q_avg": 15.2,
            "net_income": 159591,
            "net_income_4q": null,
            "revenue": 3501896,
            "revenue_4q": null,
            "common_shares": 6228265,
            "book_valuer_per_share": 24.06,
            "book_valuer_per_share_4q_avg": 22.97,
            "equity": 15040391,
            "current_ratio": 258.58,
            "debt_ratio": 37.67,
            "inventory_turnover_ratio": 0.99,
            "account_receivable_turnover_ratio": 0.71,
            "reinvestment_rate": -26.18,
            "research_to_sale_ratio": 3.77,
            "price_fair": 44.22,
            "eps_avg_yearly": 1.26,
            "eps_latest_yearly": 1.04,
            "eps_growth_yearly": 268.51
        },
        "20152": {
            "year_quarter": 20152,
            "year": 2015,
            "quarter": 2,
            "eps": 0.07,
            "eps_growth_year": -78.12,
            "eps_4q": 1.03,
            "eps_4q_growth_year": 30.88,
            "roe": 0.28,
            "roe_4q": 4.84,
            "gross_profit": 385057,
            "gross_margin": 10.7,
            "gross_margin_4q_avg": 14.26,
            "net_income": 40787,
            "net_income_4q": null,
            "revenue": 3599864,
            "revenue_4q": null,
            "common_shares": 6231095,
            "book_valuer_per_share": 23.02,
            "book_valuer_per_share_4q_avg": 23.32,
            "equity": 14340010,
            "current_ratio": 250.67,
            "debt_ratio": 38.92,
            "inventory_turnover_ratio": 1.02,
            "account_receivable_turnover_ratio": 0.76,
            "reinvestment_rate": -85.6,
            "research_to_sale_ratio": 3.87,
            "price_fair": 41.57,
            "eps_avg_yearly": 1.19,
            "eps_latest_yearly": 0.28,
            "eps_growth_yearly": 225.37
        },
        "20153": {
            "year_quarter": 20153,
            "year": 2015,
            "quarter": 3,
            "eps": 0.06,
            "eps_growth_year": -89.83,
            "eps_4q": 0.6,
            "eps_4q_growth_year": -41.04,
            "roe": 0.25,
            "roe_4q": 2.5,
            "gross_profit": 299507,
            "gross_margin": 8.51,
            "gross_margin_4q_avg": 12.18,
            "net_income": 35920,
            "net_income_4q": null,
            "revenue": 3517783,
            "revenue_4q": null,
            "common_shares": 6228675,
            "book_valuer_per_share": 23.74,
            "book_valuer_per_share_4q_avg": 23.66,
            "equity": 14325487,
            "current_ratio": 262.84,
            "debt_ratio": 36.99,
            "inventory_turnover_ratio": 1.03,
            "account_receivable_turnover_ratio": 0.73,
            "reinvestment_rate": -198.18,
            "research_to_sale_ratio": 4.05,
            "price_fair": 41.68,
            "eps_avg_yearly": 1.19,
            "eps_latest_yearly": 0.24,
            "eps_growth_yearly": 246.25
        },
        "20154": {
            "year_quarter": 20154,
            "year": 2015,
            "quarter": 4,
            "eps": 0.06,
            "eps_growth_year": -70.92,
            "eps_4q": 0.47,
            "eps_4q_growth_year": -53.29,
            "roe": 0.24,
            "roe_4q": 1.84,
            "gross_profit": 377693,
            "gross_margin": 10.46,
            "gross_margin_4q_avg": 11.24,
            "net_income": 33450,
            "net_income_4q": null,
            "revenue": 3610991,
            "revenue_4q": null,
            "common_shares": 6025723,
            "book_valuer_per_share": 24.03,
            "book_valuer_per_share_4q_avg": 23.71,
            "equity": 14001483,
            "current_ratio": 252.77,
            "debt_ratio": 37.48,
            "inventory_turnover_ratio": 1.05,
            "account_receivable_turnover_ratio": 0.73,
            "reinvestment_rate": -125.45,
            "research_to_sale_ratio": 4.13,
            "price_fair": 39.3,
            "eps_avg_yearly": 1.12,
            "eps_latest_yearly": 0.24,
            "eps_growth_yearly": 228.66
        },
        "20161": {
            "year_quarter": 20161,
            "year": 2016,
            "quarter": 1,
            "eps": -0.03,
            "eps_growth_year": -111.54,
            "eps_4q": 0.16,
            "eps_4q_growth_year": -86.74,
            "roe": -0.13,
            "roe_4q": 0.64,
            "gross_profit": 284142,
            "gross_margin": 8.38,
            "gross_margin_4q_avg": 9.51,
            "net_income": -17609,
            "net_income_4q": null,
            "revenue": 3390327,
            "revenue_4q": null,
            "common_shares": 5825743,
            "book_valuer_per_share": 23.88,
            "book_valuer_per_share_4q_avg": 23.67,
            "equity": 13915547,
            "current_ratio": 191.62,
            "debt_ratio": 31.02,
            "inventory_turnover_ratio": 1.03,
            "account_receivable_turnover_ratio": 0.73,
            "reinvestment_rate": -138.83,
            "research_to_sale_ratio": 4.11,
            "price_fair": 39.3,
            "eps_avg_yearly": 1.12,
            "eps_latest_yearly": 0.24,
            "eps_growth_yearly": 228.66
        },
        "20162": {
            "year_quarter": 20162,
            "year": 2016,
            "quarter": 2,
            "eps": -0.21,
            "eps_growth_year": -400,
            "eps_4q": -0.13,
            "eps_4q_growth_year": -112.36,
            "roe": -0.91,
            "roe_4q": -0.55,
            "gross_profit": 273316,
            "gross_margin": 7.59,
            "gross_margin_4q_avg": 8.74,
            "net_income": -123388,
            "net_income_4q": null,
            "revenue": 3600034,
            "revenue_4q": null,
            "common_shares": 5826433,
            "book_valuer_per_share": 23.26,
            "book_valuer_per_share_4q_avg": 23.73,
            "equity": 13088533,
            "current_ratio": 176.22,
            "debt_ratio": 33.85,
            "inventory_turnover_ratio": 1.14,
            "account_receivable_turnover_ratio": 0.8,
            "reinvestment_rate": -168.69,
            "research_to_sale_ratio": 4.16,
            "price_fair": 39.3,
            "eps_avg_yearly": 1.12,
            "eps_latest_yearly": 0.24,
            "eps_growth_yearly": 228.66
        },
        "20163": {
            "year_quarter": 20163,
            "year": 2016,
            "quarter": 3,
            "eps": -0.06,
            "eps_growth_year": -200,
            "eps_4q": -0.25,
            "eps_4q_growth_year": -141.11,
            "roe": -0.25,
            "roe_4q": -1.05,
            "gross_profit": 416112,
            "gross_margin": 12.01,
            "gross_margin_4q_avg": 9.61,
            "net_income": -32260,
            "net_income_4q": null,
            "revenue": 3465195,
            "revenue_4q": null,
            "common_shares": 5625022,
            "book_valuer_per_share": 23.02,
            "book_valuer_per_share_4q_avg": 23.55,
            "equity": 12948705,
            "current_ratio": 179.33,
            "debt_ratio": 33.73,
            "inventory_turnover_ratio": 1.06,
            "account_receivable_turnover_ratio": 0.76,
            "reinvestment_rate": -200.04,
            "research_to_sale_ratio": 4.6,
            "price_fair": 39.85,
            "eps_avg_yearly": 1.14,
            "eps_latest_yearly": 0.24,
            "eps_growth_yearly": 253.43
        },
        "20164": {
            "year_quarter": 20164,
            "year": 2016,
            "quarter": 4,
            "eps": -0.99,
            "eps_growth_year": -1818.43,
            "eps_4q": -1.29,
            "eps_4q_growth_year": -374.11,
            "roe": -4.36,
            "roe_4q": -5.65,
            "gross_profit": -189115,
            "gross_margin": -5.67,
            "gross_margin_4q_avg": 5.58,
            "net_income": -554790,
            "net_income_4q": null,
            "revenue": 3333040,
            "revenue_4q": null,
            "common_shares": 5623424,
            "book_valuer_per_share": 22.19,
            "book_valuer_per_share_4q_avg": 23.09,
            "equity": 12478367,
            "current_ratio": 171.14,
            "debt_ratio": 34.89,
            "inventory_turnover_ratio": 1.38,
            "account_receivable_turnover_ratio": 0.75,
            "reinvestment_rate": -270.36,
            "research_to_sale_ratio": 5.1,
            "price_fair": 41.53,
            "eps_avg_yearly": 1.19,
            "eps_latest_yearly": 0.24,
            "eps_growth_yearly": 287.59
        },
        "20171": {
            "year_quarter": 20171,
            "year": 2017,
            "quarter": 1,
            "eps": 0,
            "eps_growth_year": null,
            "eps_4q": -1.32,
            "eps_4q_growth_year": -910.1,
            "roe": 0,
            "roe_4q": -5.5200000000000005,
            "gross_profit": 437160,
            "gross_margin": 13.92,
            "gross_margin_4q_avg": 6.96,
            "net_income": 110,
            "net_income_4q": null,
            "revenue": 3140888,
            "revenue_4q": null,
            "common_shares": 5470424,
            "book_valuer_per_share": 21.94,
            "book_valuer_per_share_4q_avg": 22.6,
            "equity": 11808814,
            "current_ratio": 271.7,
            "debt_ratio": 33.01,
            "inventory_turnover_ratio": 1.31,
            "account_receivable_turnover_ratio": 0.77,
            "reinvestment_rate": -592.4,
            "research_to_sale_ratio": 4.63,
            "price_fair": 33.6,
            "eps_avg_yearly": 0.96,
            "eps_latest_yearly": 0.24,
            "eps_growth_yearly": 111.14
        },
        "20172": {
            "year_quarter": 20172,
            "year": 2017,
            "quarter": 2,
            "eps": 0.1,
            "eps_growth_year": null,
            "eps_4q": -1.05,
            "eps_4q_growth_year": null,
            "roe": 0.42,
            "roe_4q": -4.19,
            "gross_profit": 469769,
            "gross_margin": 15.49,
            "gross_margin_4q_avg": 8.94,
            "net_income": 49190,
            "net_income_4q": null,
            "revenue": 3033639,
            "revenue_4q": null,
            "common_shares": 5123276,
            "book_valuer_per_share": 22.2,
            "book_valuer_per_share_4q_avg": 22.34,
            "equity": 11374557,
            "current_ratio": 319.13,
            "debt_ratio": 33.75,
            "inventory_turnover_ratio": 1.4,
            "account_receivable_turnover_ratio": 0.81,
            "reinvestment_rate": -1266.79,
            "research_to_sale_ratio": 5.38,
            "price_fair": 28.7,
            "eps_avg_yearly": 0.82,
            "eps_latest_yearly": 0.24,
            "eps_growth_yearly": 136.6
        },
        "20173": {
            "year_quarter": 20173,
            "year": 2017,
            "quarter": 3,
            "eps": 0.08,
            "eps_growth_year": null,
            "eps_4q": -0.91,
            "eps_4q_growth_year": null,
            "roe": 0.36,
            "roe_4q": -3.58,
            "gross_profit": 489851,
            "gross_margin": 15.47,
            "gross_margin_4q_avg": 9.8,
            "net_income": 41648,
            "net_income_4q": null,
            "revenue": 3166666,
            "revenue_4q": null,
            "common_shares": 5123076,
            "book_valuer_per_share": 22.37,
            "book_valuer_per_share_4q_avg": 22.18,
            "equity": 11461520,
            "current_ratio": 237.81,
            "debt_ratio": 32.47,
            "inventory_turnover_ratio": 1.54,
            "account_receivable_turnover_ratio": 0.84,
            "reinvestment_rate": -1762.26,
            "research_to_sale_ratio": 5.45,
            "price_fair": 24.92,
            "eps_avg_yearly": 0.71,
            "eps_latest_yearly": 0.32,
            "eps_growth_yearly": 144.87
        },
        "20174": {
            "year_quarter": 20174,
            "year": 2017,
            "quarter": 4,
            "eps": 0.08,
            "eps_growth_year": null,
            "eps_4q": 0.25,
            "eps_4q_growth_year": null,
            "roe": 0.34,
            "roe_4q": 1.1199999999999999,
            "gross_profit": 400466,
            "gross_margin": 14.84,
            "gross_margin_4q_avg": 14.93,
            "net_income": 38547,
            "net_income_4q": null,
            "revenue": 2698075,
            "revenue_4q": null,
            "common_shares": 5122712,
            "book_valuer_per_share": 22.21,
            "book_valuer_per_share_4q_avg": 22.18,
            "equity": 11381637,
            "current_ratio": 287.19,
            "debt_ratio": 26.08,
            "inventory_turnover_ratio": 1.38,
            "account_receivable_turnover_ratio": 0.75,
            "reinvestment_rate": -1727.01,
            "research_to_sale_ratio": 6.28,
            "price_fair": 24.78,
            "eps_avg_yearly": 0.71,
            "eps_latest_yearly": 0.32,
            "eps_growth_yearly": 174.59
        },
        "20181": {
            "year_quarter": 20181,
            "year": 2018,
            "quarter": 1,
            "eps": -0.08,
            "eps_growth_year": null,
            "eps_4q": 0.18,
            "eps_4q_growth_year": null,
            "roe": -0.34,
            "roe_4q": 0.78,
            "gross_profit": 324217,
            "gross_margin": 12.24,
            "gross_margin_4q_avg": 14.51,
            "net_income": -38428,
            "net_income_4q": null,
            "revenue": 2648223,
            "revenue_4q": null,
            "common_shares": 5123714,
            "book_valuer_per_share": 22.25,
            "book_valuer_per_share_4q_avg": 22.26,
            "equity": 11384623,
            "current_ratio": 270.04,
            "debt_ratio": 24.78,
            "inventory_turnover_ratio": 1.44,
            "account_receivable_turnover_ratio": 0.83,
            "reinvestment_rate": -2085.88,
            "research_to_sale_ratio": 5.35,
            "price_fair": 26.76,
            "eps_avg_yearly": 0.76,
            "eps_latest_yearly": 0.32,
            "eps_growth_yearly": 213.74
        },
        "20182": {
            "year_quarter": 20182,
            "year": 2018,
            "quarter": 2,
            "eps": 0.1,
            "eps_growth_year": 0,
            "eps_4q": 0.18,
            "eps_4q_growth_year": null,
            "roe": 0.44,
            "roe_4q": 0.8,
            "gross_profit": 439719,
            "gross_margin": 14.75,
            "gross_margin_4q_avg": 14.33,
            "net_income": 50192,
            "net_income_4q": null,
            "revenue": 2981826,
            "revenue_4q": null,
            "common_shares": 5116964,
            "book_valuer_per_share": 22.32,
            "book_valuer_per_share_4q_avg": 22.29,
            "equity": 11421173,
            "current_ratio": 244.22,
            "debt_ratio": 27.17,
            "inventory_turnover_ratio": 1.55,
            "account_receivable_turnover_ratio": 0.9,
            "reinvestment_rate": -3575.1,
            "research_to_sale_ratio": 5.41,
            "price_fair": 2.1,
            "eps_avg_yearly": 0.7,
            "eps_latest_yearly": 0.32,
            "eps_growth_yearly": -29.54
        },
        "20183": {
            "year_quarter": 20183,
            "year": 2018,
            "quarter": 3,
            "eps": 0.22,
            "eps_growth_year": 175,
            "eps_4q": 0.31,
            "eps_4q_growth_year": null,
            "roe": 0.96,
            "roe_4q": 1.4,
            "gross_profit": 522388,
            "gross_margin": 17.37,
            "gross_margin_4q_avg": 14.8,
            "net_income": 109708,
            "net_income_4q": null,
            "revenue": 3006828,
            "revenue_4q": null,
            "common_shares": 5116514,
            "book_valuer_per_share": 22.25,
            "book_valuer_per_share_4q_avg": 22.26,
            "equity": 11383710,
            "current_ratio": 239.97,
            "debt_ratio": 27.42,
            "inventory_turnover_ratio": 1.47,
            "account_receivable_turnover_ratio": 0.82,
            "reinvestment_rate": null,
            "research_to_sale_ratio": 5.65,
            "price_fair": 1.55,
            "eps_avg_yearly": 0.52,
            "eps_latest_yearly": 0.88,
            "eps_growth_yearly": -11.73
        },
        "20184": {
            "year_quarter": 20184,
            "year": 2018,
            "quarter": 4,
            "eps": -0.14,
            "eps_growth_year": -287.36,
            "eps_4q": 0.1,
            "eps_4q_growth_year": -61.88,
            "roe": -0.63,
            "roe_4q": 0.43,
            "gross_profit": 274155,
            "gross_margin": 11.34,
            "gross_margin_4q_avg": 13.93,
            "net_income": -72088,
            "net_income_4q": null,
            "revenue": 2418346,
            "revenue_4q": null,
            "common_shares": 5116514,
            "book_valuer_per_share": 22.19,
            "book_valuer_per_share_4q_avg": 22.25,
            "equity": 11355447,
            "current_ratio": 230.4,
            "debt_ratio": 27.88,
            "inventory_turnover_ratio": 1.27,
            "account_receivable_turnover_ratio": 0.67,
            "reinvestment_rate": null,
            "research_to_sale_ratio": 7.85,
            "price_fair": 16.3,
            "eps_avg_yearly": 0.47,
            "eps_latest_yearly": 0.88,
            "eps_growth_yearly": 24.36
        },
        "20191": {
            "year_quarter": 20191,
            "year": 2019,
            "quarter": 1,
            "eps": 0.22,
            "eps_growth_year": null,
            "eps_4q": 0.39,
            "eps_4q_growth_year": 117.03,
            "roe": 0.96,
            "roe_4q": 1.73,
            "gross_profit": 20463,
            "gross_margin": 0.94,
            "gross_margin_4q_avg": 11.1,
            "net_income": 110234,
            "net_income_4q": null,
            "revenue": 2167606,
            "revenue_4q": null,
            "common_shares": 5201514,
            "book_valuer_per_share": 22.12,
            "book_valuer_per_share_4q_avg": 22.22,
            "equity": 11673081,
            "current_ratio": 260.13,
            "debt_ratio": 26.16,
            "inventory_turnover_ratio": 1.25,
            "account_receivable_turnover_ratio": 0.67,
            "reinvestment_rate": null,
            "research_to_sale_ratio": 8.27,
            "price_fair": 7,
            "eps_avg_yearly": 0.38,
            "eps_latest_yearly": 0.88,
            "eps_growth_yearly": 8.42
        },
        "20192": {
            "year_quarter": 20192,
            "year": 2019,
            "quarter": 2,
            "eps": 0.05,
            "eps_growth_year": -50,
            "eps_4q": 0.34,
            "eps_4q_growth_year": 88.59,
            "roe": 0.13,
            "roe_4q": 1.42,
            "gross_profit": 440954,
            "gross_margin": 18.4,
            "gross_margin_4q_avg": 12.01,
            "net_income": 15140,
            "net_income_4q": null,
            "revenue": 2395846,
            "revenue_4q": null,
            "common_shares": 5193864,
            "book_valuer_per_share": 21.99,
            "book_valuer_per_share_4q_avg": 22.14,
            "equity": 11598189,
            "current_ratio": 250.37,
            "debt_ratio": 26.38,
            "inventory_turnover_ratio": 1.11,
            "account_receivable_turnover_ratio": 0.78,
            "reinvestment_rate": null,
            "research_to_sale_ratio": 7.82,
            "price_fair": 5.73,
            "eps_avg_yearly": 0.37,
            "eps_latest_yearly": 0.2,
            "eps_growth_yearly": 5.63
        },
        "20193": {
            "year_quarter": 20193,
            "year": 2019,
            "quarter": 3,
            "eps": -0.19,
            "eps_growth_year": -186.36,
            "eps_4q": -0.06,
            "eps_4q_growth_year": -119.66,
            "roe": -0.94,
            "roe_4q": -0.48,
            "gross_profit": 296181,
            "gross_margin": 12.29,
            "gross_margin_4q_avg": 10.74,
            "net_income": -109058,
            "net_income_4q": null,
            "revenue": 2409928,
            "revenue_4q": null,
            "common_shares": 5193864,
            "book_valuer_per_share": 21.72,
            "book_valuer_per_share_4q_avg": 22.01,
            "equity": 11618348,
            "current_ratio": 266.48,
            "debt_ratio": 24.95,
            "inventory_turnover_ratio": 1.28,
            "account_receivable_turnover_ratio": 0.77,
            "reinvestment_rate": null,
            "research_to_sale_ratio": 7.99,
            "price_fair": 11.05,
            "eps_avg_yearly": 0.39,
            "eps_latest_yearly": 0.2,
            "eps_growth_yearly": 18.18
        },
        "20194": {
            "year_quarter": 20194,
            "year": 2019,
            "quarter": 4,
            "eps": -0.67,
            "eps_growth_year": null,
            "eps_4q": -0.6,
            "eps_4q_growth_year": -718.84,
            "roe": -3.34,
            "roe_4q": -3.1899999999999995,
            "gross_profit": 116063,
            "gross_margin": 5.58,
            "gross_margin_4q_avg": 9.3,
            "net_income": -381368,
            "net_income_4q": null,
            "revenue": 2081553,
            "revenue_4q": null,
            "common_shares": 5193864,
            "book_valuer_per_share": 20.95,
            "book_valuer_per_share_4q_avg": 21.7,
            "equity": 11185121,
            "current_ratio": 265.65,
            "debt_ratio": 24.57,
            "inventory_turnover_ratio": 1.37,
            "account_receivable_turnover_ratio": 0.75,
            "reinvestment_rate": null,
            "research_to_sale_ratio": 10.3,
            "price_fair": 14.07,
            "eps_avg_yearly": 0.43,
            "eps_latest_yearly": 0.2,
            "eps_growth_yearly": 22.73
        },
        "20201": {
            "year_quarter": 20201,
            "year": 2020,
            "quarter": 1,
            "eps": -0.34,
            "eps_growth_year": -254.55,
            "eps_4q": -1.16,
            "eps_4q_growth_year": -400.5,
            "roe": -1.7,
            "roe_4q": -5.8500000000000005,
            "gross_profit": 149303,
            "gross_margin": 8.89,
            "gross_margin_4q_avg": 11.29,
            "net_income": -188332,
            "net_income_4q": null,
            "revenue": 1678799,
            "revenue_4q": null,
            "common_shares": 5193864,
            "book_valuer_per_share": 20.67,
            "book_valuer_per_share_4q_avg": 21.33,
            "equity": 10937950,
            "current_ratio": 286.13,
            "debt_ratio": 22.92,
            "inventory_turnover_ratio": 1.13,
            "account_receivable_turnover_ratio": 0.75,
            "reinvestment_rate": null,
            "research_to_sale_ratio": 11.22,
            "price_fair": 14.07,
            "eps_avg_yearly": 0.43,
            "eps_latest_yearly": 0.2,
            "eps_growth_yearly": 22.73
        },
        "20202": {
            "year_quarter": 20202,
            "year": 2020,
            "quarter": 2,
            "eps": -0.22,
            "eps_growth_year": -540,
            "eps_4q": -1.42,
            "eps_4q_growth_year": -519.92,
            "roe": -1.16,
            "roe_4q": -7.139999999999999,
            "gross_profit": 244038,
            "gross_margin": 11.45,
            "gross_margin_4q_avg": 9.55,
            "net_income": -125329,
            "net_income_4q": null,
            "revenue": 2131052,
            "revenue_4q": null,
            "common_shares": 5150364,
            "book_valuer_per_share": 20.34,
            "book_valuer_per_share_4q_avg": 20.92,
            "equity": 10751858,
            "current_ratio": 268.63,
            "debt_ratio": 24.44,
            "inventory_turnover_ratio": 1.4,
            "account_receivable_turnover_ratio": 0.99,
            "reinvestment_rate": null,
            "research_to_sale_ratio": 9.18,
            "price_fair": 14.07,
            "eps_avg_yearly": 0.43,
            "eps_latest_yearly": 0.2,
            "eps_growth_yearly": 22.73
        },
        "20203": {
            "year_quarter": 20203,
            "year": 2020,
            "quarter": 3,
            "eps": -0.41,
            "eps_growth_year": null,
            "eps_4q": -1.63,
            "eps_4q_growth_year": null,
            "roe": -2.06,
            "roe_4q": -8.26,
            "gross_profit": 402541,
            "gross_margin": 14.17,
            "gross_margin_4q_avg": 10.02,
            "net_income": -219065,
            "net_income_4q": null,
            "revenue": 2841378,
            "revenue_4q": null,
            "common_shares": 5149164,
            "book_valuer_per_share": 19.92,
            "book_valuer_per_share_4q_avg": 20.47,
            "equity": 10515244,
            "current_ratio": 223.22,
            "debt_ratio": 29.26,
            "inventory_turnover_ratio": 1.93,
            "account_receivable_turnover_ratio": 1.05,
            "reinvestment_rate": null,
            "research_to_sale_ratio": 7.53,
            "price_fair": 14.07,
            "eps_avg_yearly": 0.43,
            "eps_latest_yearly": 0.2,
            "eps_growth_yearly": 22.73
        }
    },
    "months": {
        "2010-03": {
            "month": "2010-03",
            "price": "69.74",
            "revenue": 554169
        },
        "2010-04": {
            "month": "2010-04",
            "price": "71.85",
            "revenue": 598359
        },
        "2010-05": {
            "month": "2010-05",
            "price": "64.79",
            "revenue": 757102
        },
        "2010-06": {
            "month": "2010-06",
            "price": "62.68",
            "revenue": 1025479
        },
        "2010-07": {
            "month": "2010-07",
            "price": "61.88",
            "revenue": 925995
        },
        "2010-08": {
            "month": "2010-08",
            "price": "57.80",
            "revenue": 911324
        },
        "2010-09": {
            "month": "2010-09",
            "price": "60.18",
            "revenue": 802560
        },
        "2010-10": {
            "month": "2010-10",
            "price": "58.58",
            "revenue": 501557
        },
        "2010-11": {
            "month": "2010-11",
            "price": "55.58",
            "revenue": 565719
        },
        "2010-12": {
            "month": "2010-12",
            "price": "57.30",
            "revenue": 659816
        },
        "2011-01": {
            "month": "2011-01",
            "price": "54.24",
            "revenue": 480978
        },
        "2011-02": {
            "month": "2011-02",
            "price": "50.35",
            "revenue": 539613
        },
        "2011-03": {
            "month": "2011-03",
            "price": "48.90",
            "revenue": 776679
        },
        "2011-04": {
            "month": "2011-04",
            "price": "44.87",
            "revenue": 825682
        },
        "2011-05": {
            "month": "2011-05",
            "price": "37.82",
            "revenue": 787213
        },
        "2011-06": {
            "month": "2011-06",
            "price": "39.74",
            "revenue": 763515
        },
        "2011-07": {
            "month": "2011-07",
            "price": "31.84",
            "revenue": 752783
        },
        "2011-08": {
            "month": "2011-08",
            "price": "25.83",
            "revenue": 876776
        },
        "2011-09": {
            "month": "2011-09",
            "price": "17.42",
            "revenue": 889158
        },
        "2011-10": {
            "month": "2011-10",
            "price": "19.25",
            "revenue": 886003
        },
        "2011-11": {
            "month": "2011-11",
            "price": "19.54",
            "revenue": 813681
        },
        "2011-12": {
            "month": "2011-12",
            "price": "19.25",
            "revenue": 710689
        },
        "2012-01": {
            "month": "2012-01",
            "price": "21.30",
            "revenue": 651617
        },
        "2012-02": {
            "month": "2012-02",
            "price": "30.27",
            "revenue": 745250
        },
        "2012-03": {
            "month": "2012-03",
            "price": "37.15",
            "revenue": 796648
        },
        "2012-04": {
            "month": "2012-04",
            "price": "34.30",
            "revenue": 840573
        },
        "2012-05": {
            "month": "2012-05",
            "price": "34.57",
            "revenue": 861757
        },
        "2012-06": {
            "month": "2012-06",
            "price": "32.61",
            "revenue": 908327
        },
        "2012-07": {
            "month": "2012-07",
            "price": "27.18",
            "revenue": 922783
        },
        "2012-08": {
            "month": "2012-08",
            "price": "27.21",
            "revenue": 964735
        },
        "2012-09": {
            "month": "2012-09",
            "price": "29.14",
            "revenue": 1006828
        },
        "2012-10": {
            "month": "2012-10",
            "price": "25.42",
            "revenue": 854588
        },
        "2012-11": {
            "month": "2012-11",
            "price": "21.20",
            "revenue": 779803
        },
        "2012-12": {
            "month": "2012-12",
            "price": "22.41",
            "revenue": 722872
        },
        "2013-01": {
            "month": "2013-01",
            "price": "25.57",
            "revenue": 951802
        },
        "2013-02": {
            "month": "2013-02",
            "price": "25.29",
            "revenue": 827927
        },
        "2013-03": {
            "month": "2013-03",
            "price": "31.80",
            "revenue": 1087530
        },
        "2013-04": {
            "month": "2013-04",
            "price": "31.62",
            "revenue": 1237886
        },
        "2013-05": {
            "month": "2013-05",
            "price": "31.94",
            "revenue": 1319898
        },
        "2013-06": {
            "month": "2013-06",
            "price": "28.95",
            "revenue": 1289921
        },
        "2013-07": {
            "month": "2013-07",
            "price": "26.57",
            "revenue": 1319728
        },
        "2013-08": {
            "month": "2013-08",
            "price": "26.36",
            "revenue": 1236813
        },
        "2013-09": {
            "month": "2013-09",
            "price": "27.65",
            "revenue": 1139209
        },
        "2013-10": {
            "month": "2013-10",
            "price": "26.02",
            "revenue": 1059033
        },
        "2013-11": {
            "month": "2013-11",
            "price": "23.55",
            "revenue": 1165989
        },
        "2013-12": {
            "month": "2013-12",
            "price": "27.67",
            "revenue": 1097880
        },
        "2014-01": {
            "month": "2014-01",
            "price": "33.00",
            "revenue": 1218836
        },
        "2014-02": {
            "month": "2014-02",
            "price": "33.21",
            "revenue": 880988
        },
        "2014-03": {
            "month": "2014-03",
            "price": "34.02",
            "revenue": 1122560
        },
        "2014-04": {
            "month": "2014-04",
            "price": "31.40",
            "revenue": 1176024
        },
        "2014-05": {
            "month": "2014-05",
            "price": "27.75",
            "revenue": 1261936
        },
        "2014-06": {
            "month": "2014-06",
            "price": "29.20",
            "revenue": 1354731
        },
        "2014-07": {
            "month": "2014-07",
            "price": "30.65",
            "revenue": 1414542
        },
        "2014-08": {
            "month": "2014-08",
            "price": "30.10",
            "revenue": 1418940
        },
        "2014-09": {
            "month": "2014-09",
            "price": "31.26",
            "revenue": 1339395
        },
        "2014-10": {
            "month": "2014-10",
            "price": "27.99",
            "revenue": 1116302
        },
        "2014-11": {
            "month": "2014-11",
            "price": "27.40",
            "revenue": 1089067
        },
        "2014-12": {
            "month": "2014-12",
            "price": "29.52",
            "revenue": 1123809
        },
        "2015-01": {
            "month": "2015-01",
            "price": "30.63",
            "revenue": 1270343
        },
        "2015-02": {
            "month": "2015-02",
            "price": "30.63",
            "revenue": 1053727
        },
        "2015-03": {
            "month": "2015-03",
            "price": "30.95",
            "revenue": 1177832
        },
        "2015-04": {
            "month": "2015-04",
            "price": "27.23",
            "revenue": 1206640
        },
        "2015-05": {
            "month": "2015-05",
            "price": "26.40",
            "revenue": 1202643
        },
        "2015-06": {
            "month": "2015-06",
            "price": "22.31",
            "revenue": 1190640
        },
        "2015-07": {
            "month": "2015-07",
            "price": "18.25",
            "revenue": 1091228
        },
        "2015-08": {
            "month": "2015-08",
            "price": "14.29",
            "revenue": 1152399
        },
        "2015-09": {
            "month": "2015-09",
            "price": "14.89",
            "revenue": 1274155
        },
        "2015-10": {
            "month": "2015-10",
            "price": "15.96",
            "revenue": 1308231
        },
        "2015-11": {
            "month": "2015-11",
            "price": "17.47",
            "revenue": 1167352
        },
        "2015-12": {
            "month": "2015-12",
            "price": "16.51",
            "revenue": 1135349
        },
        "2016-01": {
            "month": "2016-01",
            "price": "15.23",
            "revenue": 1177614
        },
        "2016-02": {
            "month": "2016-02",
            "price": "16.02",
            "revenue": 1001742
        },
        "2016-03": {
            "month": "2016-03",
            "price": "17.00",
            "revenue": 1210971
        },
        "2016-04": {
            "month": "2016-04",
            "price": "15.92",
            "revenue": 1251255
        },
        "2016-05": {
            "month": "2016-05",
            "price": "15.55",
            "revenue": 1183643
        },
        "2016-06": {
            "month": "2016-06",
            "price": "16.49",
            "revenue": 1165136
        },
        "2016-07": {
            "month": "2016-07",
            "price": "16.00",
            "revenue": 1045049
        },
        "2016-08": {
            "month": "2016-08",
            "price": "14.88",
            "revenue": 1181937
        },
        "2016-09": {
            "month": "2016-09",
            "price": "14.70",
            "revenue": 1238209
        },
        "2016-10": {
            "month": "2016-10",
            "price": "13.72",
            "revenue": 1140949
        },
        "2016-11": {
            "month": "2016-11",
            "price": "12.50",
            "revenue": 1138678
        },
        "2016-12": {
            "month": "2016-12",
            "price": "13.22",
            "revenue": 1053413
        },
        "2017-01": {
            "month": "2017-01",
            "price": "13.64",
            "revenue": 958493
        },
        "2017-02": {
            "month": "2017-02",
            "price": "14.72",
            "revenue": 951140
        },
        "2017-03": {
            "month": "2017-03",
            "price": "15.36",
            "revenue": 1231254
        },
        "2017-04": {
            "month": "2017-04",
            "price": "18.72",
            "revenue": 1017107
        },
        "2017-05": {
            "month": "2017-05",
            "price": "19.91",
            "revenue": 998250
        },
        "2017-06": {
            "month": "2017-06",
            "price": "18.57",
            "revenue": 1018282
        },
        "2017-07": {
            "month": "2017-07",
            "price": "18.24",
            "revenue": 1115221
        },
        "2017-08": {
            "month": "2017-08",
            "price": "16.99",
            "revenue": 1064346
        },
        "2017-09": {
            "month": "2017-09",
            "price": "17.61",
            "revenue": 987099
        },
        "2017-10": {
            "month": "2017-10",
            "price": "17.48",
            "revenue": 940334
        },
        "2017-11": {
            "month": "2017-11",
            "price": "23.62",
            "revenue": 892767
        },
        "2017-12": {
            "month": "2017-12",
            "price": "27.18",
            "revenue": 864974
        },
        "2018-01": {
            "month": "2018-01",
            "price": "25.07",
            "revenue": 968459
        },
        "2018-02": {
            "month": "2018-02",
            "price": "22.33",
            "revenue": 758377
        },
        "2018-03": {
            "month": "2018-03",
            "price": "21.38",
            "revenue": 921387
        },
        "2018-04": {
            "month": "2018-04",
            "price": "18.81",
            "revenue": 992363
        },
        "2018-05": {
            "month": "2018-05",
            "price": "17.56",
            "revenue": 1080331
        },
        "2018-06": {
            "month": "2018-06",
            "price": "19.94",
            "revenue": 909131
        },
        "2018-07": {
            "month": "2018-07",
            "price": "18.45",
            "revenue": 948038
        },
        "2018-08": {
            "month": "2018-08",
            "price": "20.11",
            "revenue": 1078386
        },
        "2018-09": {
            "month": "2018-09",
            "price": "19.04",
            "revenue": 980405
        },
        "2018-10": {
            "month": "2018-10",
            "price": "17.69",
            "revenue": 880037
        },
        "2018-11": {
            "month": "2018-11",
            "price": "17.60",
            "revenue": 823158
        },
        "2018-12": {
            "month": "2018-12",
            "price": "17.88",
            "revenue": 715151
        },
        "2019-01": {
            "month": "2019-01",
            "price": "18.06",
            "revenue": 851839
        },
        "2019-02": {
            "month": "2019-02",
            "price": "17.93",
            "revenue": 611233
        },
        "2019-03": {
            "month": "2019-03",
            "price": "17.70",
            "revenue": 704534
        },
        "2019-04": {
            "month": "2019-04",
            "price": "16.93",
            "revenue": 815899
        },
        "2019-05": {
            "month": "2019-05",
            "price": "14.93",
            "revenue": 734622
        },
        "2019-06": {
            "month": "2019-06",
            "price": "14.40",
            "revenue": 845324
        },
        "2019-07": {
            "month": "2019-07",
            "price": "15.41",
            "revenue": 771428
        },
        "2019-08": {
            "month": "2019-08",
            "price": "14.95",
            "revenue": 815672
        },
        "2019-09": {
            "month": "2019-09",
            "price": "16.43",
            "revenue": 822828
        },
        "2019-10": {
            "month": "2019-10",
            "price": "17.11",
            "revenue": 710190
        },
        "2019-11": {
            "month": "2019-11",
            "price": "17.46",
            "revenue": 641451
        },
        "2019-12": {
            "month": "2019-12",
            "price": "18.30",
            "revenue": 729911
        },
        "2020-01": {
            "month": "2020-01",
            "price": "17.84",
            "revenue": 613215
        },
        "2020-02": {
            "month": "2020-02",
            "price": "16.35",
            "revenue": 442362
        },
        "2020-03": {
            "month": "2020-03",
            "price": "12.91",
            "revenue": 623222
        },
        "2020-04": {
            "month": "2020-04",
            "price": "14.52",
            "revenue": 754604
        },
        "2020-05": {
            "month": "2020-05",
            "price": "18.45",
            "revenue": 707712
        },
        "2020-06": {
            "month": "2020-06",
            "price": "19.17",
            "revenue": 668736
        },
        "2020-07": {
            "month": "2020-07",
            "price": "21.00",
            "revenue": 983739
        },
        "2020-08": {
            "month": "2020-08",
            "price": "22.54",
            "revenue": 916513
        },
        "2020-09": {
            "month": "2020-09",
            "price": "21.14",
            "revenue": 941126
        },
        "2020-10": {
            "month": "2020-10",
            "price": "19.11",
            "revenue": 846548
        },
        "2020-11": {
            "month": "2020-11",
            "price": "19.57",
            "revenue": 844674
        },
        "2020-12": {
            "month": "2020-12",
            "price": "22.47",
            "revenue": 828851
        }
    }
}
