{
    "summary": {
        "stock_name": "大眾控",
        "stock_id": "3701",
        "category": "電腦及週邊設備",
        "main_business": "H201010一般投資業",
        "website_url": "http://www.ficg.com.tw/",
        "ceo": "簡民智",
        "pe_ratio": 28,
        "report_year_from": 2004,
        "report_year_to": 2023,
        "age": 20,
        "eps_negative_percentage": 65,
        "eps_growth_avg": {
            "last_all": -7.28,
            "last_2y": 23.01,
            "last_4y": -32.25,
            "last_8y": -7.28,
            "last_12y": -7.28,
            "last_16y": -7.28,
            "last_20y": null,
            "at_2006_last_3y": null,
            "at_2007_last_3y": null,
            "at_2008_last_3y": null,
            "at_2009_last_3y": null,
            "at_2010_last_3y": null,
            "at_2011_last_3y": null,
            "at_2012_last_3y": null,
            "at_2013_last_3y": null,
            "at_2014_last_3y": null,
            "at_2015_last_3y": null,
            "at_2016_last_3y": null,
            "at_2017_last_3y": -14.71,
            "at_2018_last_3y": 42.65,
            "at_2019_last_3y": 3.43,
            "at_2020_last_3y": -22.43,
            "at_2021_last_3y": -25,
            "at_2022_last_3y": -34.92,
            "at_2023_last_3y": -18,
            "at_2024_last_3y": -18,
            "at_2006_last_all": null,
            "at_2007_last_all": null,
            "at_2008_last_all": null,
            "at_2009_last_all": null,
            "at_2010_last_all": null,
            "at_2011_last_all": null,
            "at_2012_last_all": null,
            "at_2013_last_all": null,
            "at_2014_last_all": null,
            "at_2015_last_all": null,
            "at_2016_last_all": null,
            "at_2017_last_all": -14.71,
            "at_2018_last_all": 42.65,
            "at_2019_last_all": 3.43,
            "at_2020_last_all": -22.43,
            "at_2021_last_all": -22.43,
            "at_2022_last_all": -3.9,
            "at_2023_last_all": -7.28,
            "at_2024_last_all": -7.28
        },
        "latest_eps": 2.08,
        "latest_price": 57.5,
        "latest_roe": 13.7,
        "latest_gross_margin": 18.7,
        "latest_equity": 6544993,
        "latest_revenue": 3799561,
        "latest_gross_profit": 710629,
        "latest_net_income": 325603,
        "latest_debt_ratio": 45.24,
        "latest_current_ratio": 212.85,
        "latest_account_receivable_turnover_ratio": 1.37,
        "latest_inventory_turnover_ratio": 0.95,
        "latest_reinvestment_rate": 9.46,
        "latest_research_to_sale_ratio": 2.65
    },
    "eps_dividends": {
        "2001": {
            "cash": 0,
            "stock": 0,
            "eps": 0
        },
        "2002": {
            "cash": 0,
            "stock": 0,
            "eps": 0
        },
        "2003": {
            "cash": 0,
            "stock": 0,
            "eps": 0
        },
        "2004": {
            "cash": 0,
            "stock": 0,
            "eps": -3.66
        },
        "2005": {
            "cash": 0,
            "stock": 0,
            "eps": -5.55
        },
        "2006": {
            "cash": 0,
            "stock": 0,
            "eps": -5.37
        },
        "2007": {
            "cash": 0,
            "stock": 0,
            "eps": -4.26
        },
        "2008": {
            "cash": 0,
            "stock": 0,
            "eps": -2.98
        },
        "2009": {
            "cash": 0,
            "stock": 0,
            "eps": -5.92
        },
        "2010": {
            "cash": 0,
            "stock": 0,
            "eps": -3.76
        },
        "2011": {
            "cash": 0,
            "stock": 0,
            "eps": -3.43
        },
        "2012": {
            "cash": 0,
            "stock": 0,
            "eps": -1.55
        },
        "2013": {
            "cash": 0,
            "stock": 0,
            "eps": -1.24
        },
        "2014": {
            "cash": 0,
            "stock": 0,
            "eps": -1.04
        },
        "2015": {
            "cash": 0,
            "stock": 0,
            "eps": -1.02
        },
        "2016": {
            "cash": 0,
            "stock": 0,
            "eps": 0.34
        },
        "2017": {
            "cash": 0,
            "stock": 0,
            "eps": 0.29
        },
        "2018": {
            "cash": 0,
            "stock": 0,
            "eps": 0.92
        },
        "2019": {
            "cash": 0,
            "stock": 0,
            "eps": 0.23
        },
        "2020": {
            "cash": 0,
            "stock": 0,
            "eps": -0.21
        },
        "2021": {
            "cash": 0,
            "stock": 0,
            "eps": 1.31
        },
        "2022": {
            "cash": 0,
            "stock": 0,
            "eps": 2.23
        },
        "2023": {
            "cash": 0.5,
            "stock": 0,
            "eps": 1.69
        }
    },
    "dividends": {
        "2023-08-31": {
            "cash": 0.5,
            "stock": 0
        }
    },
    "prices": {
        "200101": "無",
        "200102": "無",
        "200103": "無",
        "200104": "無",
        "200105": "無",
        "200106": "無",
        "200107": "無",
        "200108": "無",
        "200109": "無",
        "200110": "無",
        "200111": "無",
        "200112": "無",
        "200201": "無",
        "200202": "無",
        "200203": "無",
        "200204": "無",
        "200205": "無",
        "200206": "無",
        "200207": "無",
        "200208": "無",
        "200209": "無",
        "200210": "無",
        "200211": "無",
        "200212": "無",
        "200301": "無",
        "200302": "無",
        "200303": "無",
        "200304": "無",
        "200305": "無",
        "200306": "無",
        "200307": "無",
        "200308": "無",
        "200309": "無",
        "200310": "無",
        "200311": "無",
        "200312": "無",
        "200401": "無",
        "200402": "無",
        "200403": "無",
        "200404": "無",
        "200405": "無",
        "200406": "無",
        "200407": "無",
        "200408": "9.65",
        "200409": "7.03",
        "200410": "6.18",
        "200411": "5.54",
        "200412": "4.98",
        "200501": "5.26",
        "200502": "5.12",
        "200503": "4.69",
        "200504": "3.84",
        "200505": "3.56",
        "200506": "4.50",
        "200507": "4.75",
        "200508": "4.45",
        "200509": "4.29",
        "200510": "4.20",
        "200511": "3.99",
        "200512": "4.16",
        "200601": "4.02",
        "200602": "3.82",
        "200603": "3.57",
        "200604": "3.81",
        "200605": "2.77",
        "200606": "2.34",
        "200607": "2.08",
        "200608": "2.03",
        "200609": "1.73",
        "200610": "3.88",
        "200611": "4.06",
        "200612": "4.82",
        "200701": "5.07",
        "200702": "5.70",
        "200703": "6.88",
        "200704": "5.65",
        "200705": "4.33",
        "200706": "4.71",
        "200707": "5.28",
        "200708": "5.55",
        "200709": "5.69",
        "200710": "10.31",
        "200711": "9.11",
        "200712": "9.04",
        "200801": "8.36",
        "200802": "6.46",
        "200803": "7.23",
        "200804": "7.55",
        "200805": "7.63",
        "200806": "7.42",
        "200807": "6.10",
        "200808": "5.41",
        "200809": "3.34",
        "200810": "2.89",
        "200811": "3.02",
        "200812": "3.64",
        "200901": "3.67",
        "200902": "3.83",
        "200903": "4.06",
        "200904": "4.52",
        "200905": "4.03",
        "200906": "4.14",
        "200907": "3.70",
        "200908": "3.52",
        "200909": "3.40",
        "200910": "3.32",
        "200911": "3.45",
        "200912": "3.84",
        "201001": "6.04",
        "201002": "5.20",
        "201003": "5.01",
        "201004": "4.44",
        "201005": "4.22",
        "201006": "4.19",
        "201007": "3.95",
        "201008": "4.41",
        "201009": "4.52",
        "201010": "4.55",
        "201011": "4.09",
        "201012": "11.16",
        "201101": "12.41",
        "201102": "12.04",
        "201103": "11.59",
        "201104": "11.77",
        "201105": "11.42",
        "201106": "10.67",
        "201107": "9.93",
        "201108": "9.60",
        "201109": "9.36",
        "201110": "9.14",
        "201111": "9.03",
        "201112": "8.86",
        "201201": "8.84",
        "201202": "9.10",
        "201203": "9.27",
        "201204": "9.16",
        "201205": "9.05",
        "201206": "9.03",
        "201207": "8.98",
        "201208": "9.73",
        "201209": "9.60",
        "201210": "9.51",
        "201211": "9.34",
        "201212": "9.33",
        "201301": "9.18",
        "201302": "9.02",
        "201303": "9.09",
        "201304": "9.10",
        "201305": "9.03",
        "201306": "8.76",
        "201307": "7.03",
        "201308": "6.20",
        "201309": "5.33",
        "201310": "6.23",
        "201311": "7.33",
        "201312": "7.17",
        "201401": "7.77",
        "201402": "7.44",
        "201403": "7.90",
        "201404": "8.45",
        "201405": "8.96",
        "201406": "8.98",
        "201407": "8.92",
        "201408": "8.97",
        "201409": "8.83",
        "201410": "8.84",
        "201411": "8.96",
        "201412": "8.97",
        "201501": "9.01",
        "201502": "9.00",
        "201503": "8.98",
        "201504": "8.96",
        "201505": "9.00",
        "201506": "9.00",
        "201507": "9.01",
        "201508": "8.93",
        "201509": "8.76",
        "201510": "8.43",
        "201511": "8.56",
        "201512": "8.98",
        "201601": "8.83",
        "201602": "8.50",
        "201603": "8.35",
        "201604": "8.78",
        "201605": "8.21",
        "201606": "6.54",
        "201607": "5.60",
        "201608": "無",
        "201609": "無",
        "201610": "無",
        "201611": "無",
        "201612": "6.72",
        "201701": "6.42",
        "201702": "6.09",
        "201703": "6.01",
        "201704": "5.91",
        "201705": "6.07",
        "201706": "6.51",
        "201707": "6.65",
        "201708": "6.42",
        "201709": "6.37",
        "201710": "6.74",
        "201711": "6.47",
        "201712": "6.67",
        "201801": "6.96",
        "201802": "6.84",
        "201803": "7.33",
        "201804": "7.57",
        "201805": "7.23",
        "201806": "7.17",
        "201807": "7.08",
        "201808": "6.94",
        "201809": "6.89",
        "201810": "6.40",
        "201811": "11.82",
        "201812": "12.65",
        "201901": "12.47",
        "201902": "12.66",
        "201903": "13.42",
        "201904": "14.22",
        "201905": "14.23",
        "201906": "14.29",
        "201907": "14.23",
        "201908": "14.28",
        "201909": "14.09",
        "201910": "13.99",
        "201911": "14.00",
        "201912": "14.02",
        "202001": "13.89",
        "202002": "13.76",
        "202003": "12.81",
        "202004": "13.36",
        "202005": "13.58",
        "202006": "13.51",
        "202007": "13.07",
        "202008": "13.09",
        "202009": "13.19",
        "202010": "13.14",
        "202011": "13.07",
        "202012": "13.33",
        "202101": "13.63",
        "202102": "13.79",
        "202103": "13.75",
        "202104": "14.62",
        "202105": "14.49",
        "202106": "14.28",
        "202107": "15.66",
        "202108": "18.79",
        "202109": "28.02",
        "202110": "42.07",
        "202111": "63.02",
        "202112": "81.95",
        "202201": "66.94",
        "202202": "67.65",
        "202203": "64.11",
        "202204": "60.27",
        "202205": "49.63",
        "202206": "50.34",
        "202207": "42.81",
        "202208": "46.85",
        "202209": "45.20",
        "202210": "34.82",
        "202211": "38.20",
        "202212": "40.07",
        "202301": "39.01",
        "202302": "44.54",
        "202303": "48.75",
        "202304": "57.41",
        "202305": "62.99",
        "202306": "67.08",
        "202307": "63.81",
        "202308": "57.55",
        "202309": "58.87",
        "202310": "65.36",
        "202311": "69.86",
        "202312": "61.13"
    },
    "quarters": {
        "20011": {
            "year_quarter": 20011,
            "year": 2001,
            "quarter": 1,
            "eps": null,
            "eps_growth_year": null,
            "eps_4q": null,
            "eps_4q_growth_year": null,
            "roe": null,
            "roe_4q": 0,
            "gross_profit": null,
            "gross_margin": null,
            "gross_margin_4q_avg": 0,
            "net_income": null,
            "net_income_4q": null,
            "revenue": null,
            "revenue_4q": null,
            "common_shares": null,
            "book_valuer_per_share": null,
            "book_valuer_per_share_4q_avg": 0,
            "equity": null,
            "current_ratio": null,
            "debt_ratio": null,
            "inventory_turnover_ratio": null,
            "account_receivable_turnover_ratio": null,
            "reinvestment_rate": null,
            "research_to_sale_ratio": null,
            "price_fair": 0,
            "eps_avg_yearly": 0,
            "eps_latest_yearly": 0,
            "eps_growth_yearly": 0
        },
        "20012": {
            "year_quarter": 20012,
            "year": 2001,
            "quarter": 2,
            "eps": null,
            "eps_growth_year": null,
            "eps_4q": null,
            "eps_4q_growth_year": null,
            "roe": null,
            "roe_4q": 0,
            "gross_profit": null,
            "gross_margin": null,
            "gross_margin_4q_avg": 0,
            "net_income": null,
            "net_income_4q": null,
            "revenue": null,
            "revenue_4q": null,
            "common_shares": null,
            "book_valuer_per_share": null,
            "book_valuer_per_share_4q_avg": 0,
            "equity": null,
            "current_ratio": null,
            "debt_ratio": null,
            "inventory_turnover_ratio": null,
            "account_receivable_turnover_ratio": null,
            "reinvestment_rate": null,
            "research_to_sale_ratio": null,
            "price_fair": 0,
            "eps_avg_yearly": 0,
            "eps_latest_yearly": 0,
            "eps_growth_yearly": 0
        },
        "20013": {
            "year_quarter": 20013,
            "year": 2001,
            "quarter": 3,
            "eps": null,
            "eps_growth_year": null,
            "eps_4q": null,
            "eps_4q_growth_year": null,
            "roe": null,
            "roe_4q": 0,
            "gross_profit": null,
            "gross_margin": null,
            "gross_margin_4q_avg": 0,
            "net_income": null,
            "net_income_4q": null,
            "revenue": null,
            "revenue_4q": null,
            "common_shares": null,
            "book_valuer_per_share": null,
            "book_valuer_per_share_4q_avg": 0,
            "equity": null,
            "current_ratio": null,
            "debt_ratio": null,
            "inventory_turnover_ratio": null,
            "account_receivable_turnover_ratio": null,
            "reinvestment_rate": null,
            "research_to_sale_ratio": null,
            "price_fair": 0,
            "eps_avg_yearly": 0,
            "eps_latest_yearly": 0,
            "eps_growth_yearly": 0
        },
        "20014": {
            "year_quarter": 20014,
            "year": 2001,
            "quarter": 4,
            "eps": null,
            "eps_growth_year": null,
            "eps_4q": null,
            "eps_4q_growth_year": null,
            "roe": null,
            "roe_4q": 0,
            "gross_profit": null,
            "gross_margin": null,
            "gross_margin_4q_avg": 0,
            "net_income": null,
            "net_income_4q": null,
            "revenue": null,
            "revenue_4q": null,
            "common_shares": null,
            "book_valuer_per_share": null,
            "book_valuer_per_share_4q_avg": 0,
            "equity": null,
            "current_ratio": null,
            "debt_ratio": null,
            "inventory_turnover_ratio": null,
            "account_receivable_turnover_ratio": null,
            "reinvestment_rate": null,
            "research_to_sale_ratio": null,
            "price_fair": 0,
            "eps_avg_yearly": 0,
            "eps_latest_yearly": 0,
            "eps_growth_yearly": 0
        },
        "20021": {
            "year_quarter": 20021,
            "year": 2002,
            "quarter": 1,
            "eps": null,
            "eps_growth_year": null,
            "eps_4q": null,
            "eps_4q_growth_year": null,
            "roe": null,
            "roe_4q": 0,
            "gross_profit": null,
            "gross_margin": null,
            "gross_margin_4q_avg": 0,
            "net_income": null,
            "net_income_4q": null,
            "revenue": null,
            "revenue_4q": null,
            "common_shares": null,
            "book_valuer_per_share": null,
            "book_valuer_per_share_4q_avg": 0,
            "equity": null,
            "current_ratio": null,
            "debt_ratio": null,
            "inventory_turnover_ratio": null,
            "account_receivable_turnover_ratio": null,
            "reinvestment_rate": null,
            "research_to_sale_ratio": null,
            "price_fair": 0,
            "eps_avg_yearly": 0,
            "eps_latest_yearly": 0,
            "eps_growth_yearly": 0
        },
        "20022": {
            "year_quarter": 20022,
            "year": 2002,
            "quarter": 2,
            "eps": null,
            "eps_growth_year": null,
            "eps_4q": null,
            "eps_4q_growth_year": null,
            "roe": null,
            "roe_4q": 0,
            "gross_profit": null,
            "gross_margin": null,
            "gross_margin_4q_avg": 0,
            "net_income": null,
            "net_income_4q": null,
            "revenue": null,
            "revenue_4q": null,
            "common_shares": null,
            "book_valuer_per_share": null,
            "book_valuer_per_share_4q_avg": 0,
            "equity": null,
            "current_ratio": null,
            "debt_ratio": null,
            "inventory_turnover_ratio": null,
            "account_receivable_turnover_ratio": null,
            "reinvestment_rate": null,
            "research_to_sale_ratio": null,
            "price_fair": 0,
            "eps_avg_yearly": 0,
            "eps_latest_yearly": 0,
            "eps_growth_yearly": 0
        },
        "20023": {
            "year_quarter": 20023,
            "year": 2002,
            "quarter": 3,
            "eps": null,
            "eps_growth_year": null,
            "eps_4q": null,
            "eps_4q_growth_year": null,
            "roe": null,
            "roe_4q": 0,
            "gross_profit": null,
            "gross_margin": null,
            "gross_margin_4q_avg": 0,
            "net_income": null,
            "net_income_4q": null,
            "revenue": null,
            "revenue_4q": null,
            "common_shares": null,
            "book_valuer_per_share": null,
            "book_valuer_per_share_4q_avg": 0,
            "equity": null,
            "current_ratio": null,
            "debt_ratio": null,
            "inventory_turnover_ratio": null,
            "account_receivable_turnover_ratio": null,
            "reinvestment_rate": null,
            "research_to_sale_ratio": null,
            "price_fair": 0,
            "eps_avg_yearly": 0,
            "eps_latest_yearly": 0,
            "eps_growth_yearly": 0
        },
        "20024": {
            "year_quarter": 20024,
            "year": 2002,
            "quarter": 4,
            "eps": null,
            "eps_growth_year": null,
            "eps_4q": null,
            "eps_4q_growth_year": null,
            "roe": null,
            "roe_4q": 0,
            "gross_profit": null,
            "gross_margin": null,
            "gross_margin_4q_avg": 0,
            "net_income": null,
            "net_income_4q": null,
            "revenue": null,
            "revenue_4q": null,
            "common_shares": null,
            "book_valuer_per_share": null,
            "book_valuer_per_share_4q_avg": 0,
            "equity": null,
            "current_ratio": null,
            "debt_ratio": null,
            "inventory_turnover_ratio": null,
            "account_receivable_turnover_ratio": null,
            "reinvestment_rate": null,
            "research_to_sale_ratio": null,
            "price_fair": 0,
            "eps_avg_yearly": 0,
            "eps_latest_yearly": 0,
            "eps_growth_yearly": 0
        },
        "20031": {
            "year_quarter": 20031,
            "year": 2003,
            "quarter": 1,
            "eps": null,
            "eps_growth_year": null,
            "eps_4q": null,
            "eps_4q_growth_year": null,
            "roe": null,
            "roe_4q": 0,
            "gross_profit": null,
            "gross_margin": null,
            "gross_margin_4q_avg": 0,
            "net_income": null,
            "net_income_4q": null,
            "revenue": null,
            "revenue_4q": null,
            "common_shares": null,
            "book_valuer_per_share": null,
            "book_valuer_per_share_4q_avg": 0,
            "equity": null,
            "current_ratio": null,
            "debt_ratio": null,
            "inventory_turnover_ratio": null,
            "account_receivable_turnover_ratio": null,
            "reinvestment_rate": null,
            "research_to_sale_ratio": null,
            "price_fair": 0,
            "eps_avg_yearly": 0,
            "eps_latest_yearly": 0,
            "eps_growth_yearly": 0
        },
        "20032": {
            "year_quarter": 20032,
            "year": 2003,
            "quarter": 2,
            "eps": null,
            "eps_growth_year": null,
            "eps_4q": null,
            "eps_4q_growth_year": null,
            "roe": null,
            "roe_4q": 0,
            "gross_profit": null,
            "gross_margin": null,
            "gross_margin_4q_avg": 0,
            "net_income": null,
            "net_income_4q": null,
            "revenue": null,
            "revenue_4q": null,
            "common_shares": null,
            "book_valuer_per_share": null,
            "book_valuer_per_share_4q_avg": 0,
            "equity": null,
            "current_ratio": null,
            "debt_ratio": null,
            "inventory_turnover_ratio": null,
            "account_receivable_turnover_ratio": null,
            "reinvestment_rate": null,
            "research_to_sale_ratio": null,
            "price_fair": 0,
            "eps_avg_yearly": 0,
            "eps_latest_yearly": 0,
            "eps_growth_yearly": 0
        },
        "20033": {
            "year_quarter": 20033,
            "year": 2003,
            "quarter": 3,
            "eps": null,
            "eps_growth_year": null,
            "eps_4q": null,
            "eps_4q_growth_year": null,
            "roe": null,
            "roe_4q": 0,
            "gross_profit": null,
            "gross_margin": null,
            "gross_margin_4q_avg": 0,
            "net_income": null,
            "net_income_4q": null,
            "revenue": null,
            "revenue_4q": null,
            "common_shares": null,
            "book_valuer_per_share": null,
            "book_valuer_per_share_4q_avg": 0,
            "equity": null,
            "current_ratio": null,
            "debt_ratio": null,
            "inventory_turnover_ratio": null,
            "account_receivable_turnover_ratio": null,
            "reinvestment_rate": null,
            "research_to_sale_ratio": null,
            "price_fair": 0,
            "eps_avg_yearly": 0,
            "eps_latest_yearly": 0,
            "eps_growth_yearly": 0
        },
        "20034": {
            "year_quarter": 20034,
            "year": 2003,
            "quarter": 4,
            "eps": null,
            "eps_growth_year": null,
            "eps_4q": null,
            "eps_4q_growth_year": null,
            "roe": null,
            "roe_4q": 0,
            "gross_profit": null,
            "gross_margin": null,
            "gross_margin_4q_avg": 0,
            "net_income": null,
            "net_income_4q": null,
            "revenue": null,
            "revenue_4q": null,
            "common_shares": null,
            "book_valuer_per_share": null,
            "book_valuer_per_share_4q_avg": 0,
            "equity": null,
            "current_ratio": null,
            "debt_ratio": null,
            "inventory_turnover_ratio": null,
            "account_receivable_turnover_ratio": null,
            "reinvestment_rate": null,
            "research_to_sale_ratio": null,
            "price_fair": 0,
            "eps_avg_yearly": 0,
            "eps_latest_yearly": 0,
            "eps_growth_yearly": 0
        },
        "20041": {
            "year_quarter": 20041,
            "year": 2004,
            "quarter": 1,
            "eps": null,
            "eps_growth_year": null,
            "eps_4q": null,
            "eps_4q_growth_year": null,
            "roe": null,
            "roe_4q": 0,
            "gross_profit": null,
            "gross_margin": null,
            "gross_margin_4q_avg": 0,
            "net_income": null,
            "net_income_4q": null,
            "revenue": null,
            "revenue_4q": null,
            "common_shares": null,
            "book_valuer_per_share": null,
            "book_valuer_per_share_4q_avg": 0,
            "equity": null,
            "current_ratio": null,
            "debt_ratio": null,
            "inventory_turnover_ratio": null,
            "account_receivable_turnover_ratio": null,
            "reinvestment_rate": null,
            "research_to_sale_ratio": null,
            "price_fair": 0,
            "eps_avg_yearly": 0,
            "eps_latest_yearly": 0,
            "eps_growth_yearly": 0
        },
        "20042": {
            "year_quarter": 20042,
            "year": 2004,
            "quarter": 2,
            "eps": null,
            "eps_growth_year": null,
            "eps_4q": null,
            "eps_4q_growth_year": null,
            "roe": null,
            "roe_4q": 0,
            "gross_profit": null,
            "gross_margin": null,
            "gross_margin_4q_avg": 0,
            "net_income": null,
            "net_income_4q": null,
            "revenue": null,
            "revenue_4q": null,
            "common_shares": null,
            "book_valuer_per_share": null,
            "book_valuer_per_share_4q_avg": 0,
            "equity": null,
            "current_ratio": null,
            "debt_ratio": null,
            "inventory_turnover_ratio": null,
            "account_receivable_turnover_ratio": null,
            "reinvestment_rate": null,
            "research_to_sale_ratio": null,
            "price_fair": 0,
            "eps_avg_yearly": 0,
            "eps_latest_yearly": 0,
            "eps_growth_yearly": 0
        },
        "20043": {
            "year_quarter": 20043,
            "year": 2004,
            "quarter": 3,
            "eps": null,
            "eps_growth_year": null,
            "eps_4q": null,
            "eps_4q_growth_year": null,
            "roe": null,
            "roe_4q": 0,
            "gross_profit": null,
            "gross_margin": null,
            "gross_margin_4q_avg": 0,
            "net_income": null,
            "net_income_4q": null,
            "revenue": null,
            "revenue_4q": null,
            "common_shares": null,
            "book_valuer_per_share": null,
            "book_valuer_per_share_4q_avg": 0,
            "equity": null,
            "current_ratio": null,
            "debt_ratio": null,
            "inventory_turnover_ratio": null,
            "account_receivable_turnover_ratio": null,
            "reinvestment_rate": null,
            "research_to_sale_ratio": null,
            "price_fair": 0,
            "eps_avg_yearly": 0,
            "eps_latest_yearly": 0,
            "eps_growth_yearly": 0
        },
        "20044": {
            "year_quarter": 20044,
            "year": 2004,
            "quarter": 4,
            "eps": -3.66,
            "eps_growth_year": null,
            "eps_4q": null,
            "eps_4q_growth_year": null,
            "roe": -34.89,
            "roe_4q": -34.89,
            "gross_profit": 950899,
            "gross_margin": 1.52,
            "gross_margin_4q_avg": 0.38,
            "net_income": -1801626,
            "net_income_4q": null,
            "revenue": 62423410,
            "revenue_4q": null,
            "common_shares": 5488273,
            "book_valuer_per_share": 8.84,
            "book_valuer_per_share_4q_avg": 2.21,
            "equity": 5164284,
            "current_ratio": 110.87,
            "debt_ratio": 83.64,
            "inventory_turnover_ratio": 11.35,
            "account_receivable_turnover_ratio": null,
            "reinvestment_rate": null,
            "research_to_sale_ratio": null,
            "price_fair": 0,
            "eps_avg_yearly": 0,
            "eps_latest_yearly": 0,
            "eps_growth_yearly": 0
        },
        "20051": {
            "year_quarter": 20051,
            "year": 2005,
            "quarter": 1,
            "eps": -1.56,
            "eps_growth_year": null,
            "eps_4q": null,
            "eps_4q_growth_year": null,
            "roe": -16.97,
            "roe_4q": -51.86,
            "gross_profit": -775674,
            "gross_margin": -9487.21,
            "gross_margin_4q_avg": -2371.42,
            "net_income": -778735,
            "net_income_4q": null,
            "revenue": 8176,
            "revenue_4q": null,
            "common_shares": 5488273,
            "book_valuer_per_share": 7.32,
            "book_valuer_per_share_4q_avg": 4.04,
            "equity": 4015141,
            "current_ratio": 12.88,
            "debt_ratio": 2.61,
            "inventory_turnover_ratio": 0.29,
            "account_receivable_turnover_ratio": null,
            "reinvestment_rate": null,
            "research_to_sale_ratio": null,
            "price_fair": 0,
            "eps_avg_yearly": 0,
            "eps_latest_yearly": 0,
            "eps_growth_yearly": 0
        },
        "20052": {
            "year_quarter": 20052,
            "year": 2005,
            "quarter": 2,
            "eps": -1.04,
            "eps_growth_year": null,
            "eps_4q": null,
            "eps_4q_growth_year": null,
            "roe": -13.63,
            "roe_4q": -65.49000000000001,
            "gross_profit": -502792,
            "gross_margin": -4255.54,
            "gross_margin_4q_avg": -3435.31,
            "net_income": -509039,
            "net_income_4q": null,
            "revenue": 11815,
            "revenue_4q": null,
            "common_shares": 5488273,
            "book_valuer_per_share": 6.29,
            "book_valuer_per_share_4q_avg": 5.61,
            "equity": 3453059,
            "current_ratio": 31.39,
            "debt_ratio": 2.22,
            "inventory_turnover_ratio": null,
            "account_receivable_turnover_ratio": null,
            "reinvestment_rate": null,
            "research_to_sale_ratio": null,
            "price_fair": 0,
            "eps_avg_yearly": 0,
            "eps_latest_yearly": 0,
            "eps_growth_yearly": 0
        },
        "20053": {
            "year_quarter": 20053,
            "year": 2005,
            "quarter": 3,
            "eps": -1.37,
            "eps_growth_year": null,
            "eps_4q": -6.96,
            "eps_4q_growth_year": null,
            "roe": -7.23,
            "roe_4q": -72.72,
            "gross_profit": 1041627,
            "gross_margin": 5.04,
            "gross_margin_4q_avg": -3434.05,
            "net_income": -435463,
            "net_income_4q": null,
            "revenue": 20668867,
            "revenue_4q": null,
            "common_shares": 5488273,
            "book_valuer_per_share": 8.4,
            "book_valuer_per_share_4q_avg": 7.71,
            "equity": 8595043,
            "current_ratio": 106.81,
            "debt_ratio": 81.8,
            "inventory_turnover_ratio": 4.62,
            "account_receivable_turnover_ratio": null,
            "reinvestment_rate": null,
            "research_to_sale_ratio": null,
            "price_fair": 0,
            "eps_avg_yearly": 0,
            "eps_latest_yearly": 0,
            "eps_growth_yearly": 0
        },
        "20054": {
            "year_quarter": 20054,
            "year": 2005,
            "quarter": 4,
            "eps": -1.58,
            "eps_growth_year": null,
            "eps_4q": -6.27,
            "eps_4q_growth_year": null,
            "roe": -9.55,
            "roe_4q": -47.38,
            "gross_profit": 1323562,
            "gross_margin": 5.04,
            "gross_margin_4q_avg": -3433.17,
            "net_income": -777730,
            "net_income_4q": null,
            "revenue": 26243852,
            "revenue_4q": null,
            "common_shares": 5488273,
            "book_valuer_per_share": 6.18,
            "book_valuer_per_share_4q_avg": 7.05,
            "equity": 7695439,
            "current_ratio": 104.2,
            "debt_ratio": 81.12,
            "inventory_turnover_ratio": 3.28,
            "account_receivable_turnover_ratio": null,
            "reinvestment_rate": null,
            "research_to_sale_ratio": null,
            "price_fair": 0,
            "eps_avg_yearly": 0,
            "eps_latest_yearly": 0,
            "eps_growth_yearly": 0
        },
        "20061": {
            "year_quarter": 20061,
            "year": 2006,
            "quarter": 1,
            "eps": -1.3,
            "eps_growth_year": null,
            "eps_4q": -5.39,
            "eps_4q_growth_year": null,
            "roe": -8.72,
            "roe_4q": -39.13,
            "gross_profit": 973639,
            "gross_margin": 6.35,
            "gross_margin_4q_avg": -1059.78,
            "net_income": -640020,
            "net_income_4q": null,
            "revenue": 15328289,
            "revenue_4q": null,
            "common_shares": 5488273,
            "book_valuer_per_share": 5.01,
            "book_valuer_per_share_4q_avg": 6.47,
            "equity": 6984183,
            "current_ratio": 100.26,
            "debt_ratio": 81.29,
            "inventory_turnover_ratio": 2.26,
            "account_receivable_turnover_ratio": null,
            "reinvestment_rate": null,
            "research_to_sale_ratio": null,
            "price_fair": 0,
            "eps_avg_yearly": 0,
            "eps_latest_yearly": 0,
            "eps_growth_yearly": 0
        },
        "20062": {
            "year_quarter": 20062,
            "year": 2006,
            "quarter": 2,
            "eps": -1.6,
            "eps_growth_year": null,
            "eps_4q": -5.39,
            "eps_4q_growth_year": null,
            "roe": -10.15,
            "roe_4q": -35.650000000000006,
            "gross_profit": 890814,
            "gross_margin": 7.23,
            "gross_margin_4q_avg": 5.92,
            "net_income": -671201,
            "net_income_4q": null,
            "revenue": 12328231,
            "revenue_4q": null,
            "common_shares": 5488273,
            "book_valuer_per_share": 3.6,
            "book_valuer_per_share_4q_avg": 5.8,
            "equity": 6246791,
            "current_ratio": 96.47,
            "debt_ratio": 82.09,
            "inventory_turnover_ratio": 2,
            "account_receivable_turnover_ratio": null,
            "reinvestment_rate": null,
            "research_to_sale_ratio": null,
            "price_fair": 0,
            "eps_avg_yearly": 0,
            "eps_latest_yearly": 0,
            "eps_growth_yearly": 0
        },
        "20063": {
            "year_quarter": 20063,
            "year": 2006,
            "quarter": 3,
            "eps": -1.18,
            "eps_growth_year": null,
            "eps_4q": -11.95,
            "eps_4q_growth_year": null,
            "roe": -1.85,
            "roe_4q": -30.27,
            "gross_profit": 1069435,
            "gross_margin": 7.45,
            "gross_margin_4q_avg": 6.52,
            "net_income": -115636,
            "net_income_4q": null,
            "revenue": 14352078,
            "revenue_4q": null,
            "common_shares": 2096520,
            "book_valuer_per_share": 8.6,
            "book_valuer_per_share_4q_avg": 5.85,
            "equity": 6230776,
            "current_ratio": 98.28,
            "debt_ratio": 82.61,
            "inventory_turnover_ratio": 2.23,
            "account_receivable_turnover_ratio": null,
            "reinvestment_rate": null,
            "research_to_sale_ratio": null,
            "price_fair": 0,
            "eps_avg_yearly": 0,
            "eps_latest_yearly": 0,
            "eps_growth_yearly": 0
        },
        "20064": {
            "year_quarter": 20064,
            "year": 2006,
            "quarter": 4,
            "eps": -1.29,
            "eps_growth_year": null,
            "eps_4q": -9.26,
            "eps_4q_growth_year": null,
            "roe": -10.98,
            "roe_4q": -31.700000000000003,
            "gross_profit": 1148671,
            "gross_margin": 7.92,
            "gross_margin_4q_avg": 7.24,
            "net_income": -675765,
            "net_income_4q": null,
            "revenue": 14511059,
            "revenue_4q": null,
            "common_shares": 2096520,
            "book_valuer_per_share": 7.65,
            "book_valuer_per_share_4q_avg": 6.22,
            "equity": 6079264,
            "current_ratio": 99.8,
            "debt_ratio": 83.15,
            "inventory_turnover_ratio": 2.2,
            "account_receivable_turnover_ratio": null,
            "reinvestment_rate": null,
            "research_to_sale_ratio": null,
            "price_fair": 0,
            "eps_avg_yearly": 0,
            "eps_latest_yearly": 0,
            "eps_growth_yearly": 0
        },
        "20071": {
            "year_quarter": 20071,
            "year": 2007,
            "quarter": 1,
            "eps": -1.24,
            "eps_growth_year": null,
            "eps_4q": -6.06,
            "eps_4q_growth_year": null,
            "roe": -5.21,
            "roe_4q": -28.190000000000005,
            "gross_profit": 929613,
            "gross_margin": 5.93,
            "gross_margin_4q_avg": 7.13,
            "net_income": -311631,
            "net_income_4q": null,
            "revenue": 15679852,
            "revenue_4q": null,
            "common_shares": 2096520,
            "book_valuer_per_share": 6.67,
            "book_valuer_per_share_4q_avg": 6.63,
            "equity": 5888326,
            "current_ratio": 90.63,
            "debt_ratio": 84.43,
            "inventory_turnover_ratio": 2.64,
            "account_receivable_turnover_ratio": null,
            "reinvestment_rate": null,
            "research_to_sale_ratio": null,
            "price_fair": 0,
            "eps_avg_yearly": 0,
            "eps_latest_yearly": 0,
            "eps_growth_yearly": 0
        },
        "20072": {
            "year_quarter": 20072,
            "year": 2007,
            "quarter": 2,
            "eps": 1.49,
            "eps_growth_year": null,
            "eps_4q": -2.51,
            "eps_4q_growth_year": null,
            "roe": 5.65,
            "roe_4q": -12.389999999999999,
            "gross_profit": 1162362,
            "gross_margin": 7.48,
            "gross_margin_4q_avg": 7.2,
            "net_income": 335761,
            "net_income_4q": null,
            "revenue": 15540766,
            "revenue_4q": null,
            "common_shares": 2096520,
            "book_valuer_per_share": 7.31,
            "book_valuer_per_share_4q_avg": 7.56,
            "equity": 5993536,
            "current_ratio": 92.6,
            "debt_ratio": 83.99,
            "inventory_turnover_ratio": 2.53,
            "account_receivable_turnover_ratio": null,
            "reinvestment_rate": null,
            "research_to_sale_ratio": null,
            "price_fair": 0,
            "eps_avg_yearly": 0,
            "eps_latest_yearly": 0,
            "eps_growth_yearly": 0
        },
        "20073": {
            "year_quarter": 20073,
            "year": 2007,
            "quarter": 3,
            "eps": -0.53,
            "eps_growth_year": null,
            "eps_4q": -1.77,
            "eps_4q_growth_year": null,
            "roe": 0.36,
            "roe_4q": -10.18,
            "gross_profit": 897091,
            "gross_margin": 6.72,
            "gross_margin_4q_avg": 7.01,
            "net_income": 23674,
            "net_income_4q": null,
            "revenue": 13352243,
            "revenue_4q": null,
            "common_shares": 2248260,
            "book_valuer_per_share": 12.26,
            "book_valuer_per_share_4q_avg": 8.47,
            "equity": 7148393,
            "current_ratio": 95.07,
            "debt_ratio": 80.45,
            "inventory_turnover_ratio": 2.01,
            "account_receivable_turnover_ratio": null,
            "reinvestment_rate": null,
            "research_to_sale_ratio": null,
            "price_fair": 0,
            "eps_avg_yearly": 0,
            "eps_latest_yearly": 0,
            "eps_growth_yearly": 0
        },
        "20074": {
            "year_quarter": 20074,
            "year": 2007,
            "quarter": 4,
            "eps": -3.98,
            "eps_growth_year": null,
            "eps_4q": -8.23,
            "eps_4q_growth_year": null,
            "roe": -7.06,
            "roe_4q": -6.259999999999999,
            "gross_profit": 1114513,
            "gross_margin": 8.19,
            "gross_margin_4q_avg": 7.08,
            "net_income": -492673,
            "net_income_4q": null,
            "revenue": 13605920,
            "revenue_4q": null,
            "common_shares": 2248260,
            "book_valuer_per_share": 10.14,
            "book_valuer_per_share_4q_avg": 9.1,
            "equity": 6815075,
            "current_ratio": 93.86,
            "debt_ratio": 80.72,
            "inventory_turnover_ratio": 2,
            "account_receivable_turnover_ratio": null,
            "reinvestment_rate": null,
            "research_to_sale_ratio": null,
            "price_fair": 0,
            "eps_avg_yearly": 0,
            "eps_latest_yearly": 0,
            "eps_growth_yearly": 0
        },
        "20081": {
            "year_quarter": 20081,
            "year": 2008,
            "quarter": 1,
            "eps": -0.74,
            "eps_growth_year": null,
            "eps_4q": -2.26,
            "eps_4q_growth_year": null,
            "roe": -3.17,
            "roe_4q": -4.220000000000001,
            "gross_profit": 681286,
            "gross_margin": 7.16,
            "gross_margin_4q_avg": 7.39,
            "net_income": -209007,
            "net_income_4q": null,
            "revenue": 9514826,
            "revenue_4q": null,
            "common_shares": 2248260,
            "book_valuer_per_share": 9.22,
            "book_valuer_per_share_4q_avg": 9.73,
            "equity": 6361930,
            "current_ratio": 86.67,
            "debt_ratio": 80.18,
            "inventory_turnover_ratio": 1.59,
            "account_receivable_turnover_ratio": null,
            "reinvestment_rate": null,
            "research_to_sale_ratio": null,
            "price_fair": 0,
            "eps_avg_yearly": 0,
            "eps_latest_yearly": 0,
            "eps_growth_yearly": 0
        },
        "20082": {
            "year_quarter": 20082,
            "year": 2008,
            "quarter": 2,
            "eps": -1.69,
            "eps_growth_year": -213.42,
            "eps_4q": -5.13,
            "eps_4q_growth_year": null,
            "roe": -5.79,
            "roe_4q": -15.66,
            "gross_profit": 664679,
            "gross_margin": 5.27,
            "gross_margin_4q_avg": 6.84,
            "net_income": -362040,
            "net_income_4q": null,
            "revenue": 12610178,
            "revenue_4q": null,
            "common_shares": 2248260,
            "book_valuer_per_share": 7.87,
            "book_valuer_per_share_4q_avg": 9.87,
            "equity": 6136690,
            "current_ratio": 84.81,
            "debt_ratio": 79.93,
            "inventory_turnover_ratio": 2.38,
            "account_receivable_turnover_ratio": null,
            "reinvestment_rate": null,
            "research_to_sale_ratio": null,
            "price_fair": 0,
            "eps_avg_yearly": 0,
            "eps_latest_yearly": 0,
            "eps_growth_yearly": 0
        },
        "20083": {
            "year_quarter": 20083,
            "year": 2008,
            "quarter": 3,
            "eps": 2.63,
            "eps_growth_year": null,
            "eps_4q": -2.5,
            "eps_4q_growth_year": null,
            "roe": 8.81,
            "roe_4q": -7.209999999999999,
            "gross_profit": 739992,
            "gross_margin": 7.67,
            "gross_margin_4q_avg": 7.07,
            "net_income": 547534,
            "net_income_4q": null,
            "revenue": 9653767,
            "revenue_4q": null,
            "common_shares": 2248260,
            "book_valuer_per_share": 10.76,
            "book_valuer_per_share_4q_avg": 9.5,
            "equity": 6298135,
            "current_ratio": 82.97,
            "debt_ratio": 79.5,
            "inventory_turnover_ratio": 1.67,
            "account_receivable_turnover_ratio": null,
            "reinvestment_rate": null,
            "research_to_sale_ratio": null,
            "price_fair": 0,
            "eps_avg_yearly": 0,
            "eps_latest_yearly": 0,
            "eps_growth_yearly": 0
        },
        "20084": {
            "year_quarter": 20084,
            "year": 2008,
            "quarter": 4,
            "eps": -3.18,
            "eps_growth_year": null,
            "eps_4q": -1.87,
            "eps_4q_growth_year": null,
            "roe": -17.31,
            "roe_4q": -17.46,
            "gross_profit": -278806,
            "gross_margin": -3.09,
            "gross_margin_4q_avg": 4.25,
            "net_income": -1001049,
            "net_income_4q": null,
            "revenue": 9012387,
            "revenue_4q": null,
            "common_shares": 2248260,
            "book_valuer_per_share": 7.57,
            "book_valuer_per_share_4q_avg": 8.86,
            "equity": 5270181,
            "current_ratio": 85.89,
            "debt_ratio": 79.72,
            "inventory_turnover_ratio": 1.94,
            "account_receivable_turnover_ratio": null,
            "reinvestment_rate": null,
            "research_to_sale_ratio": null,
            "price_fair": 0,
            "eps_avg_yearly": 0,
            "eps_latest_yearly": 0,
            "eps_growth_yearly": 0
        },
        "20091": {
            "year_quarter": 20091,
            "year": 2009,
            "quarter": 1,
            "eps": -2.02,
            "eps_growth_year": null,
            "eps_4q": -4.11,
            "eps_4q_growth_year": null,
            "roe": -13.82,
            "roe_4q": -28.11,
            "gross_profit": 44027,
            "gross_margin": 1.07,
            "gross_margin_4q_avg": 2.73,
            "net_income": -693293,
            "net_income_4q": null,
            "revenue": 4120647,
            "revenue_4q": null,
            "common_shares": 2248260,
            "book_valuer_per_share": 5.85,
            "book_valuer_per_share_4q_avg": 8.01,
            "equity": 4765842,
            "current_ratio": 72.43,
            "debt_ratio": 78.2,
            "inventory_turnover_ratio": 1.18,
            "account_receivable_turnover_ratio": null,
            "reinvestment_rate": null,
            "research_to_sale_ratio": null,
            "price_fair": 0,
            "eps_avg_yearly": 0,
            "eps_latest_yearly": 0,
            "eps_growth_yearly": 0
        },
        "20092": {
            "year_quarter": 20092,
            "year": 2009,
            "quarter": 2,
            "eps": -1.62,
            "eps_growth_year": null,
            "eps_4q": -4.05,
            "eps_4q_growth_year": null,
            "roe": -10.27,
            "roe_4q": -32.589999999999996,
            "gross_profit": 198993,
            "gross_margin": 3.92,
            "gross_margin_4q_avg": 2.39,
            "net_income": -462530,
            "net_income_4q": null,
            "revenue": 5081551,
            "revenue_4q": null,
            "common_shares": 2248260,
            "book_valuer_per_share": 4.39,
            "book_valuer_per_share_4q_avg": 7.14,
            "equity": 4241967,
            "current_ratio": 72.07,
            "debt_ratio": 78.87,
            "inventory_turnover_ratio": 1.65,
            "account_receivable_turnover_ratio": 2.53,
            "reinvestment_rate": null,
            "research_to_sale_ratio": null,
            "price_fair": 0,
            "eps_avg_yearly": 0,
            "eps_latest_yearly": 0,
            "eps_growth_yearly": 0
        },
        "20093": {
            "year_quarter": 20093,
            "year": 2009,
            "quarter": 3,
            "eps": -1.19,
            "eps_growth_year": -145.25,
            "eps_4q": -7.79,
            "eps_4q_growth_year": null,
            "roe": -7.53,
            "roe_4q": -48.93,
            "gross_profit": 400821,
            "gross_margin": 7.68,
            "gross_margin_4q_avg": 2.4,
            "net_income": -305141,
            "net_income_4q": null,
            "revenue": 5219132,
            "revenue_4q": null,
            "common_shares": 2248260,
            "book_valuer_per_share": 3.06,
            "book_valuer_per_share_4q_avg": 5.22,
            "equity": 3866020,
            "current_ratio": 68.78,
            "debt_ratio": 80.56,
            "inventory_turnover_ratio": 1.82,
            "account_receivable_turnover_ratio": 1.24,
            "reinvestment_rate": null,
            "research_to_sale_ratio": null,
            "price_fair": 0,
            "eps_avg_yearly": 0,
            "eps_latest_yearly": 0,
            "eps_growth_yearly": 0
        },
        "20094": {
            "year_quarter": 20094,
            "year": 2009,
            "quarter": 4,
            "eps": -1.09,
            "eps_growth_year": null,
            "eps_4q": -4.3,
            "eps_4q_growth_year": null,
            "roe": -6.23,
            "roe_4q": -37.85,
            "gross_profit": 344941,
            "gross_margin": 6.83,
            "gross_margin_4q_avg": 4.88,
            "net_income": -265746,
            "net_income_4q": null,
            "revenue": 5053512,
            "revenue_4q": null,
            "common_shares": 3448260,
            "book_valuer_per_share": 4.6,
            "book_valuer_per_share_4q_avg": 4.48,
            "equity": 4671494,
            "current_ratio": 76.59,
            "debt_ratio": 76.47,
            "inventory_turnover_ratio": 1.96,
            "account_receivable_turnover_ratio": 1.13,
            "reinvestment_rate": null,
            "research_to_sale_ratio": null,
            "price_fair": 0,
            "eps_avg_yearly": 0,
            "eps_latest_yearly": 0,
            "eps_growth_yearly": 0
        },
        "20101": {
            "year_quarter": 20101,
            "year": 2010,
            "quarter": 1,
            "eps": null,
            "eps_growth_year": null,
            "eps_4q": null,
            "eps_4q_growth_year": null,
            "roe": null,
            "roe_4q": -24.03,
            "gross_profit": 396509,
            "gross_margin": null,
            "gross_margin_4q_avg": 4.61,
            "net_income": 219506,
            "net_income_4q": null,
            "revenue": 4673023,
            "revenue_4q": null,
            "common_shares": 3448260,
            "book_valuer_per_share": 4.97,
            "book_valuer_per_share_4q_avg": 4.26,
            "equity": 4831724,
            "current_ratio": 78.55,
            "debt_ratio": 76.21,
            "inventory_turnover_ratio": null,
            "account_receivable_turnover_ratio": null,
            "reinvestment_rate": null,
            "research_to_sale_ratio": null,
            "price_fair": 0,
            "eps_avg_yearly": 0,
            "eps_latest_yearly": 0,
            "eps_growth_yearly": 0
        },
        "20102": {
            "year_quarter": 20102,
            "year": 2010,
            "quarter": 2,
            "eps": 0.1,
            "eps_growth_year": null,
            "eps_4q": -1.39,
            "eps_4q_growth_year": null,
            "roe": 0.69,
            "roe_4q": -13.07,
            "gross_profit": 311847,
            "gross_margin": 5.6,
            "gross_margin_4q_avg": 5.03,
            "net_income": 33492,
            "net_income_4q": null,
            "revenue": 5566049,
            "revenue_4q": null,
            "common_shares": 3448260,
            "book_valuer_per_share": 4,
            "book_valuer_per_share_4q_avg": 4.16,
            "equity": 4846185,
            "current_ratio": 80.29,
            "debt_ratio": 77.37,
            "inventory_turnover_ratio": 1.83,
            "account_receivable_turnover_ratio": 2.01,
            "reinvestment_rate": null,
            "research_to_sale_ratio": null,
            "price_fair": 0,
            "eps_avg_yearly": 0,
            "eps_latest_yearly": 0,
            "eps_growth_yearly": 0
        },
        "20103": {
            "year_quarter": 20103,
            "year": 2010,
            "quarter": 3,
            "eps": -1.52,
            "eps_growth_year": null,
            "eps_4q": -3.32,
            "eps_4q_growth_year": null,
            "roe": -4.84,
            "roe_4q": -10.38,
            "gross_profit": 224976,
            "gross_margin": 2.93,
            "gross_margin_4q_avg": 3.84,
            "net_income": -228409,
            "net_income_4q": null,
            "revenue": 7678270,
            "revenue_4q": null,
            "common_shares": 1206891,
            "book_valuer_per_share": 10.34,
            "book_valuer_per_share_4q_avg": 5.98,
            "equity": 4598146,
            "current_ratio": 93.34,
            "debt_ratio": 77.78,
            "inventory_turnover_ratio": 2.64,
            "account_receivable_turnover_ratio": 1.46,
            "reinvestment_rate": null,
            "research_to_sale_ratio": null,
            "price_fair": 0,
            "eps_avg_yearly": 0,
            "eps_latest_yearly": 0,
            "eps_growth_yearly": 0
        },
        "20104": {
            "year_quarter": 20104,
            "year": 2010,
            "quarter": 4,
            "eps": -2.34,
            "eps_growth_year": null,
            "eps_4q": -3.27,
            "eps_4q_growth_year": null,
            "roe": -11.44,
            "roe_4q": -15.590000000000002,
            "gross_profit": 173181,
            "gross_margin": 10.33,
            "gross_margin_4q_avg": 4.72,
            "net_income": -478014,
            "net_income_4q": null,
            "revenue": 1675851,
            "revenue_4q": null,
            "common_shares": 1606891,
            "book_valuer_per_share": 5.95,
            "book_valuer_per_share_4q_avg": 6.32,
            "equity": 3756305,
            "current_ratio": 87.61,
            "debt_ratio": 78.35,
            "inventory_turnover_ratio": 0.59,
            "account_receivable_turnover_ratio": 0.37,
            "reinvestment_rate": null,
            "research_to_sale_ratio": null,
            "price_fair": 0,
            "eps_avg_yearly": 0,
            "eps_latest_yearly": 0,
            "eps_growth_yearly": 0
        },
        "20111": {
            "year_quarter": 20111,
            "year": 2011,
            "quarter": 1,
            "eps": -1.73,
            "eps_growth_year": null,
            "eps_4q": -3.23,
            "eps_4q_growth_year": null,
            "roe": -10.8,
            "roe_4q": -26.39,
            "gross_profit": 31401,
            "gross_margin": 0.8,
            "gross_margin_4q_avg": 4.92,
            "net_income": -481175,
            "net_income_4q": null,
            "revenue": 3920755,
            "revenue_4q": null,
            "common_shares": 2706891,
            "book_valuer_per_share": 8.81,
            "book_valuer_per_share_4q_avg": 7.28,
            "equity": 5152471,
            "current_ratio": 96.58,
            "debt_ratio": 70.61,
            "inventory_turnover_ratio": 1.63,
            "account_receivable_turnover_ratio": 1.03,
            "reinvestment_rate": null,
            "research_to_sale_ratio": null,
            "price_fair": 0,
            "eps_avg_yearly": 0,
            "eps_latest_yearly": 0,
            "eps_growth_yearly": 0
        },
        "20112": {
            "year_quarter": 20112,
            "year": 2011,
            "quarter": 2,
            "eps": -0.97,
            "eps_growth_year": -1097.72,
            "eps_4q": -3.8,
            "eps_4q_growth_year": null,
            "roe": -7.26,
            "roe_4q": -34.34,
            "gross_profit": 136952,
            "gross_margin": 3.59,
            "gross_margin_4q_avg": 4.41,
            "net_income": -384517,
            "net_income_4q": null,
            "revenue": 3816310,
            "revenue_4q": null,
            "common_shares": 3206891,
            "book_valuer_per_share": 8.68,
            "book_valuer_per_share_4q_avg": 8.45,
            "equity": 5442745,
            "current_ratio": 103.02,
            "debt_ratio": 67.89,
            "inventory_turnover_ratio": 1.65,
            "account_receivable_turnover_ratio": 1.02,
            "reinvestment_rate": null,
            "research_to_sale_ratio": null,
            "price_fair": 0,
            "eps_avg_yearly": 0,
            "eps_latest_yearly": 0,
            "eps_growth_yearly": 0
        },
        "20113": {
            "year_quarter": 20113,
            "year": 2011,
            "quarter": 3,
            "eps": -0.78,
            "eps_growth_year": null,
            "eps_4q": -4.01,
            "eps_4q_growth_year": null,
            "roe": -5.19,
            "roe_4q": -34.69,
            "gross_profit": 461521,
            "gross_margin": 11.61,
            "gross_margin_4q_avg": 6.58,
            "net_income": -285843,
            "net_income_4q": null,
            "revenue": 3974580,
            "revenue_4q": null,
            "common_shares": 3206891,
            "book_valuer_per_share": 8.55,
            "book_valuer_per_share_4q_avg": 8,
            "equity": 5566208,
            "current_ratio": 106.23,
            "debt_ratio": 68.47,
            "inventory_turnover_ratio": 1.63,
            "account_receivable_turnover_ratio": 0.97,
            "reinvestment_rate": null,
            "research_to_sale_ratio": null,
            "price_fair": 0,
            "eps_avg_yearly": 0,
            "eps_latest_yearly": 0,
            "eps_growth_yearly": 0
        },
        "20114": {
            "year_quarter": 20114,
            "year": 2011,
            "quarter": 4,
            "eps": 0.05,
            "eps_growth_year": null,
            "eps_4q": -2.79,
            "eps_4q_growth_year": null,
            "roe": 0.97,
            "roe_4q": -22.28,
            "gross_profit": 427408,
            "gross_margin": 9.98,
            "gross_margin_4q_avg": 6.5,
            "net_income": 54675,
            "net_income_4q": null,
            "revenue": 4283557,
            "revenue_4q": null,
            "common_shares": 3206891,
            "book_valuer_per_share": 8.62,
            "book_valuer_per_share_4q_avg": 8.67,
            "equity": 5651395,
            "current_ratio": 111.62,
            "debt_ratio": 66.61,
            "inventory_turnover_ratio": 1.76,
            "account_receivable_turnover_ratio": 0.98,
            "reinvestment_rate": null,
            "research_to_sale_ratio": null,
            "price_fair": 0,
            "eps_avg_yearly": 0,
            "eps_latest_yearly": 0,
            "eps_growth_yearly": 0
        },
        "20121": {
            "year_quarter": 20121,
            "year": 2012,
            "quarter": 1,
            "eps": -0.14,
            "eps_growth_year": null,
            "eps_4q": -1.85,
            "eps_4q_growth_year": null,
            "roe": -1.2,
            "roe_4q": -12.68,
            "gross_profit": 280985,
            "gross_margin": 8.07,
            "gross_margin_4q_avg": 8.31,
            "net_income": -66338,
            "net_income_4q": null,
            "revenue": 3481200,
            "revenue_4q": null,
            "common_shares": 3206891,
            "book_valuer_per_share": 8.27,
            "book_valuer_per_share_4q_avg": 8.53,
            "equity": 5443318,
            "current_ratio": 112.92,
            "debt_ratio": 66.38,
            "inventory_turnover_ratio": 1.51,
            "account_receivable_turnover_ratio": 0.86,
            "reinvestment_rate": null,
            "research_to_sale_ratio": null,
            "price_fair": 0,
            "eps_avg_yearly": 0,
            "eps_latest_yearly": 0,
            "eps_growth_yearly": 0
        },
        "20122": {
            "year_quarter": 20122,
            "year": 2012,
            "quarter": 2,
            "eps": -0.34,
            "eps_growth_year": null,
            "eps_4q": -1.21,
            "eps_4q_growth_year": null,
            "roe": -2.66,
            "roe_4q": -8.080000000000002,
            "gross_profit": 399540,
            "gross_margin": 11.55,
            "gross_margin_4q_avg": 10.3,
            "net_income": -142508,
            "net_income_4q": null,
            "revenue": 3458334,
            "revenue_4q": null,
            "common_shares": 3206891,
            "book_valuer_per_share": 7.89,
            "book_valuer_per_share_4q_avg": 8.33,
            "equity": 5286784,
            "current_ratio": 107.78,
            "debt_ratio": 65.36,
            "inventory_turnover_ratio": 1.52,
            "account_receivable_turnover_ratio": 0.91,
            "reinvestment_rate": null,
            "research_to_sale_ratio": null,
            "price_fair": 0,
            "eps_avg_yearly": 0,
            "eps_latest_yearly": 0,
            "eps_growth_yearly": 0
        },
        "20123": {
            "year_quarter": 20123,
            "year": 2012,
            "quarter": 3,
            "eps": -0,
            "eps_growth_year": null,
            "eps_4q": -0.44,
            "eps_4q_growth_year": null,
            "roe": 0.11,
            "roe_4q": -2.7800000000000002,
            "gross_profit": 460072,
            "gross_margin": 12.86,
            "gross_margin_4q_avg": 10.62,
            "net_income": 5769,
            "net_income_4q": null,
            "revenue": 3577941,
            "revenue_4q": null,
            "common_shares": 3206891,
            "book_valuer_per_share": 7.79,
            "book_valuer_per_share_4q_avg": 8.14,
            "equity": 5235825,
            "current_ratio": 85.64,
            "debt_ratio": 64.6,
            "inventory_turnover_ratio": 1.61,
            "account_receivable_turnover_ratio": 0.94,
            "reinvestment_rate": null,
            "research_to_sale_ratio": null,
            "price_fair": 0,
            "eps_avg_yearly": 0,
            "eps_latest_yearly": 0,
            "eps_growth_yearly": 0
        },
        "20124": {
            "year_quarter": 20124,
            "year": 2012,
            "quarter": 4,
            "eps": -1.07,
            "eps_growth_year": -2294.91,
            "eps_4q": -1.56,
            "eps_4q_growth_year": null,
            "roe": -12.33,
            "roe_4q": -16.080000000000002,
            "gross_profit": 174508,
            "gross_margin": 5.44,
            "gross_margin_4q_avg": 9.48,
            "net_income": -597687,
            "net_income_4q": null,
            "revenue": 3209135,
            "revenue_4q": null,
            "common_shares": 3206891,
            "book_valuer_per_share": 6.46,
            "book_valuer_per_share_4q_avg": 7.6,
            "equity": 4462366,
            "current_ratio": 88.69,
            "debt_ratio": 67.58,
            "inventory_turnover_ratio": 1.78,
            "account_receivable_turnover_ratio": 0.92,
            "reinvestment_rate": null,
            "research_to_sale_ratio": null,
            "price_fair": 0,
            "eps_avg_yearly": 0,
            "eps_latest_yearly": 0,
            "eps_growth_yearly": 0
        },
        "20131": {
            "year_quarter": 20131,
            "year": 2013,
            "quarter": 1,
            "eps": -0.45,
            "eps_growth_year": null,
            "eps_4q": -1.86,
            "eps_4q_growth_year": null,
            "roe": -4.69,
            "roe_4q": -19.57,
            "gross_profit": 196259,
            "gross_margin": 7.58,
            "gross_margin_4q_avg": 9.36,
            "net_income": -210339,
            "net_income_4q": null,
            "revenue": 2588952,
            "revenue_4q": null,
            "common_shares": 3206891,
            "book_valuer_per_share": 6.67,
            "book_valuer_per_share_4q_avg": 7.2,
            "equity": 4516619,
            "current_ratio": 87.77,
            "debt_ratio": 68.97,
            "inventory_turnover_ratio": 1.53,
            "account_receivable_turnover_ratio": 0.86,
            "reinvestment_rate": null,
            "research_to_sale_ratio": null,
            "price_fair": 0,
            "eps_avg_yearly": 0,
            "eps_latest_yearly": 0,
            "eps_growth_yearly": 0
        },
        "20132": {
            "year_quarter": 20132,
            "year": 2013,
            "quarter": 2,
            "eps": -0.28,
            "eps_growth_year": null,
            "eps_4q": -1.8,
            "eps_4q_growth_year": null,
            "roe": -2.58,
            "roe_4q": -19.490000000000002,
            "gross_profit": 320727,
            "gross_margin": 9.61,
            "gross_margin_4q_avg": 8.87,
            "net_income": -116530,
            "net_income_4q": null,
            "revenue": 3336127,
            "revenue_4q": null,
            "common_shares": 3206891,
            "book_valuer_per_share": 6.57,
            "book_valuer_per_share_4q_avg": 6.87,
            "equity": 4506421,
            "current_ratio": 88.26,
            "debt_ratio": 69.48,
            "inventory_turnover_ratio": 1.79,
            "account_receivable_turnover_ratio": 1.14,
            "reinvestment_rate": null,
            "research_to_sale_ratio": null,
            "price_fair": 0,
            "eps_avg_yearly": 0,
            "eps_latest_yearly": 0,
            "eps_growth_yearly": 0
        },
        "20133": {
            "year_quarter": 20133,
            "year": 2013,
            "quarter": 3,
            "eps": -0.2,
            "eps_growth_year": null,
            "eps_4q": -2,
            "eps_4q_growth_year": null,
            "roe": -2.56,
            "roe_4q": -22.160000000000004,
            "gross_profit": 250880,
            "gross_margin": 8.03,
            "gross_margin_4q_avg": 7.67,
            "net_income": -114114,
            "net_income_4q": null,
            "revenue": 3125826,
            "revenue_4q": null,
            "common_shares": 3206891,
            "book_valuer_per_share": 6.52,
            "book_valuer_per_share_4q_avg": 6.56,
            "equity": 4411393,
            "current_ratio": 88.32,
            "debt_ratio": 69.3,
            "inventory_turnover_ratio": 1.7,
            "account_receivable_turnover_ratio": 1.02,
            "reinvestment_rate": null,
            "research_to_sale_ratio": null,
            "price_fair": 0,
            "eps_avg_yearly": 0,
            "eps_latest_yearly": 0,
            "eps_growth_yearly": 0
        },
        "20134": {
            "year_quarter": 20134,
            "year": 2013,
            "quarter": 4,
            "eps": -0.31,
            "eps_growth_year": null,
            "eps_4q": -1.24,
            "eps_4q_growth_year": null,
            "roe": -4.41,
            "roe_4q": -14.240000000000002,
            "gross_profit": 297042,
            "gross_margin": 7.88,
            "gross_margin_4q_avg": 8.28,
            "net_income": -192966,
            "net_income_4q": null,
            "revenue": 3767771,
            "revenue_4q": null,
            "common_shares": 3206891,
            "book_valuer_per_share": 6.43,
            "book_valuer_per_share_4q_avg": 6.55,
            "equity": 4349658,
            "current_ratio": 88.01,
            "debt_ratio": 68.24,
            "inventory_turnover_ratio": 2.11,
            "account_receivable_turnover_ratio": 1.28,
            "reinvestment_rate": null,
            "research_to_sale_ratio": null,
            "price_fair": 0,
            "eps_avg_yearly": 0,
            "eps_latest_yearly": 0,
            "eps_growth_yearly": 0
        },
        "20141": {
            "year_quarter": 20141,
            "year": 2014,
            "quarter": 1,
            "eps": -0.69,
            "eps_growth_year": null,
            "eps_4q": -1.48,
            "eps_4q_growth_year": null,
            "roe": -9.71,
            "roe_4q": -19.259999999999998,
            "gross_profit": 300453,
            "gross_margin": 9.19,
            "gross_margin_4q_avg": 8.68,
            "net_income": -401878,
            "net_income_4q": null,
            "revenue": 3270468,
            "revenue_4q": null,
            "common_shares": 3206891,
            "book_valuer_per_share": 5.72,
            "book_valuer_per_share_4q_avg": 6.31,
            "equity": 3925096,
            "current_ratio": 85.51,
            "debt_ratio": 71.78,
            "inventory_turnover_ratio": 1.76,
            "account_receivable_turnover_ratio": 1.21,
            "reinvestment_rate": null,
            "research_to_sale_ratio": null,
            "price_fair": 0,
            "eps_avg_yearly": 0,
            "eps_latest_yearly": 0,
            "eps_growth_yearly": 0
        },
        "20142": {
            "year_quarter": 20142,
            "year": 2014,
            "quarter": 2,
            "eps": -0.16,
            "eps_growth_year": null,
            "eps_4q": -1.36,
            "eps_4q_growth_year": null,
            "roe": -1.84,
            "roe_4q": -18.52,
            "gross_profit": 446414,
            "gross_margin": 11.44,
            "gross_margin_4q_avg": 9.14,
            "net_income": -70759,
            "net_income_4q": null,
            "revenue": 3901305,
            "revenue_4q": null,
            "common_shares": 3206891,
            "book_valuer_per_share": 5.38,
            "book_valuer_per_share_4q_avg": 6.01,
            "equity": 3760269,
            "current_ratio": 86.13,
            "debt_ratio": 72.92,
            "inventory_turnover_ratio": 1.99,
            "account_receivable_turnover_ratio": 1.5,
            "reinvestment_rate": null,
            "research_to_sale_ratio": null,
            "price_fair": 0,
            "eps_avg_yearly": 0,
            "eps_latest_yearly": 0,
            "eps_growth_yearly": 0
        },
        "20143": {
            "year_quarter": 20143,
            "year": 2014,
            "quarter": 3,
            "eps": 0.14,
            "eps_growth_year": null,
            "eps_4q": -1.02,
            "eps_4q_growth_year": null,
            "roe": 2.37,
            "roe_4q": -13.590000000000002,
            "gross_profit": 491011,
            "gross_margin": 13.45,
            "gross_margin_4q_avg": 10.49,
            "net_income": 94433,
            "net_income_4q": null,
            "revenue": 3651692,
            "revenue_4q": null,
            "common_shares": 3206891,
            "book_valuer_per_share": 6.28,
            "book_valuer_per_share_4q_avg": 5.95,
            "equity": 4224843,
            "current_ratio": 89.88,
            "debt_ratio": 69.09,
            "inventory_turnover_ratio": 1.68,
            "account_receivable_turnover_ratio": 1.49,
            "reinvestment_rate": null,
            "research_to_sale_ratio": null,
            "price_fair": 0,
            "eps_avg_yearly": 0,
            "eps_latest_yearly": 0,
            "eps_growth_yearly": 0
        },
        "20144": {
            "year_quarter": 20144,
            "year": 2014,
            "quarter": 4,
            "eps": -0.33,
            "eps_growth_year": null,
            "eps_4q": -1.04,
            "eps_4q_growth_year": null,
            "roe": -6.47,
            "roe_4q": -15.65,
            "gross_profit": 391443,
            "gross_margin": 11.33,
            "gross_margin_4q_avg": 11.35,
            "net_income": -268263,
            "net_income_4q": null,
            "revenue": 3453556,
            "revenue_4q": null,
            "common_shares": 3206891,
            "book_valuer_per_share": 6.08,
            "book_valuer_per_share_4q_avg": 5.87,
            "equity": 4065575,
            "current_ratio": 89.98,
            "debt_ratio": 70.09,
            "inventory_turnover_ratio": 1.52,
            "account_receivable_turnover_ratio": 1.36,
            "reinvestment_rate": null,
            "research_to_sale_ratio": null,
            "price_fair": 0,
            "eps_avg_yearly": 0,
            "eps_latest_yearly": 0,
            "eps_growth_yearly": 0
        },
        "20151": {
            "year_quarter": 20151,
            "year": 2015,
            "quarter": 1,
            "eps": 0.04,
            "eps_growth_year": null,
            "eps_4q": -0.32,
            "eps_4q_growth_year": null,
            "roe": 0.05,
            "roe_4q": -5.89,
            "gross_profit": 276504,
            "gross_margin": 8.82,
            "gross_margin_4q_avg": 11.26,
            "net_income": 1927,
            "net_income_4q": null,
            "revenue": 3136158,
            "revenue_4q": null,
            "common_shares": 3206891,
            "book_valuer_per_share": 5.79,
            "book_valuer_per_share_4q_avg": 5.88,
            "equity": 3939338,
            "current_ratio": 89.52,
            "debt_ratio": 70.11,
            "inventory_turnover_ratio": 1.43,
            "account_receivable_turnover_ratio": 1.23,
            "reinvestment_rate": null,
            "research_to_sale_ratio": null,
            "price_fair": 0,
            "eps_avg_yearly": 0,
            "eps_latest_yearly": 0,
            "eps_growth_yearly": 0
        },
        "20152": {
            "year_quarter": 20152,
            "year": 2015,
            "quarter": 2,
            "eps": -0.4,
            "eps_growth_year": null,
            "eps_4q": -0.56,
            "eps_4q_growth_year": null,
            "roe": -5.37,
            "roe_4q": -9.419999999999998,
            "gross_profit": 238298,
            "gross_margin": 7.27,
            "gross_margin_4q_avg": 10.22,
            "net_income": -205910,
            "net_income_4q": null,
            "revenue": 3276642,
            "revenue_4q": null,
            "common_shares": 3206891,
            "book_valuer_per_share": 5.45,
            "book_valuer_per_share_4q_avg": 5.9,
            "equity": 3725800,
            "current_ratio": 90,
            "debt_ratio": 69.65,
            "inventory_turnover_ratio": 1.55,
            "account_receivable_turnover_ratio": 1.45,
            "reinvestment_rate": null,
            "research_to_sale_ratio": null,
            "price_fair": 0,
            "eps_avg_yearly": 0,
            "eps_latest_yearly": 0,
            "eps_growth_yearly": 0
        },
        "20153": {
            "year_quarter": 20153,
            "year": 2015,
            "quarter": 3,
            "eps": -0.1,
            "eps_growth_year": -171.43,
            "eps_4q": -0.81,
            "eps_4q_growth_year": null,
            "roe": -2.55,
            "roe_4q": -14.34,
            "gross_profit": 339841,
            "gross_margin": 10.69,
            "gross_margin_4q_avg": 9.53,
            "net_income": -95958,
            "net_income_4q": null,
            "revenue": 3180149,
            "revenue_4q": null,
            "common_shares": 3206891,
            "book_valuer_per_share": 5.65,
            "book_valuer_per_share_4q_avg": 5.74,
            "equity": 3800372,
            "current_ratio": 89.75,
            "debt_ratio": 68.88,
            "inventory_turnover_ratio": 1.49,
            "account_receivable_turnover_ratio": 1.41,
            "reinvestment_rate": null,
            "research_to_sale_ratio": null,
            "price_fair": 0,
            "eps_avg_yearly": 0,
            "eps_latest_yearly": 0,
            "eps_growth_yearly": 0
        },
        "20154": {
            "year_quarter": 20154,
            "year": 2015,
            "quarter": 4,
            "eps": -0.56,
            "eps_growth_year": null,
            "eps_4q": -1.03,
            "eps_4q_growth_year": null,
            "roe": -10.18,
            "roe_4q": -18.05,
            "gross_profit": 378834,
            "gross_margin": 11.83,
            "gross_margin_4q_avg": 9.65,
            "net_income": -355528,
            "net_income_4q": null,
            "revenue": 3202883,
            "revenue_4q": null,
            "common_shares": 3206891,
            "book_valuer_per_share": 4.61,
            "book_valuer_per_share_4q_avg": 5.38,
            "equity": 3186208,
            "current_ratio": 87.69,
            "debt_ratio": 71.06,
            "inventory_turnover_ratio": 1.58,
            "account_receivable_turnover_ratio": 1.34,
            "reinvestment_rate": null,
            "research_to_sale_ratio": null,
            "price_fair": 0,
            "eps_avg_yearly": 0,
            "eps_latest_yearly": 0,
            "eps_growth_yearly": 0
        },
        "20161": {
            "year_quarter": 20161,
            "year": 2016,
            "quarter": 1,
            "eps": 0.06,
            "eps_growth_year": 50,
            "eps_4q": -1.01,
            "eps_4q_growth_year": null,
            "roe": 0.96,
            "roe_4q": -17.14,
            "gross_profit": 435938,
            "gross_margin": 14.34,
            "gross_margin_4q_avg": 11.03,
            "net_income": 30646,
            "net_income_4q": null,
            "revenue": 3040842,
            "revenue_4q": null,
            "common_shares": 3206891,
            "book_valuer_per_share": 4.67,
            "book_valuer_per_share_4q_avg": 5.1,
            "equity": 3220228,
            "current_ratio": 88.82,
            "debt_ratio": 69.07,
            "inventory_turnover_ratio": 1.58,
            "account_receivable_turnover_ratio": 1.2,
            "reinvestment_rate": null,
            "research_to_sale_ratio": null,
            "price_fair": 0,
            "eps_avg_yearly": 0,
            "eps_latest_yearly": 0,
            "eps_growth_yearly": 0
        },
        "20162": {
            "year_quarter": 20162,
            "year": 2016,
            "quarter": 2,
            "eps": 0.11,
            "eps_growth_year": null,
            "eps_4q": -0.49,
            "eps_4q_growth_year": null,
            "roe": 1.18,
            "roe_4q": -10.59,
            "gross_profit": 379771,
            "gross_margin": 13.16,
            "gross_margin_4q_avg": 12.51,
            "net_income": 37504,
            "net_income_4q": null,
            "revenue": 2885667,
            "revenue_4q": null,
            "common_shares": 3206891,
            "book_valuer_per_share": 4.64,
            "book_valuer_per_share_4q_avg": 4.89,
            "equity": 3140936,
            "current_ratio": 90.57,
            "debt_ratio": 69.22,
            "inventory_turnover_ratio": 1.71,
            "account_receivable_turnover_ratio": 1.14,
            "reinvestment_rate": null,
            "research_to_sale_ratio": null,
            "price_fair": 15.4,
            "eps_avg_yearly": 0.44,
            "eps_latest_yearly": 0.44,
            "eps_growth_yearly": 333.33
        },
        "20163": {
            "year_quarter": 20163,
            "year": 2016,
            "quarter": 3,
            "eps": 0.11,
            "eps_growth_year": null,
            "eps_4q": -0.27,
            "eps_4q_growth_year": null,
            "roe": 3.03,
            "roe_4q": -5.01,
            "gross_profit": 317986,
            "gross_margin": 14.4,
            "gross_margin_4q_avg": 13.43,
            "net_income": 94453,
            "net_income_4q": null,
            "revenue": 2207936,
            "revenue_4q": null,
            "common_shares": 3206891,
            "book_valuer_per_share": 4.49,
            "book_valuer_per_share_4q_avg": 4.6,
            "equity": 3088406,
            "current_ratio": 92.12,
            "debt_ratio": 66.74,
            "inventory_turnover_ratio": 1.33,
            "account_receivable_turnover_ratio": 1.02,
            "reinvestment_rate": null,
            "research_to_sale_ratio": null,
            "price_fair": 15.4,
            "eps_avg_yearly": 0.44,
            "eps_latest_yearly": 0.44,
            "eps_growth_yearly": 166.67
        },
        "20164": {
            "year_quarter": 20164,
            "year": 2016,
            "quarter": 4,
            "eps": 0.06,
            "eps_growth_year": null,
            "eps_4q": 0.3,
            "eps_4q_growth_year": null,
            "roe": 2.41,
            "roe_4q": 7.579999999999999,
            "gross_profit": 320446,
            "gross_margin": 14.19,
            "gross_margin_4q_avg": 14.02,
            "net_income": 78962,
            "net_income_4q": null,
            "revenue": 2258152,
            "revenue_4q": null,
            "common_shares": 3806891,
            "book_valuer_per_share": 4.75,
            "book_valuer_per_share_4q_avg": 4.64,
            "equity": 3468685,
            "current_ratio": 98.69,
            "debt_ratio": 62.95,
            "inventory_turnover_ratio": 1.32,
            "account_receivable_turnover_ratio": 1.09,
            "reinvestment_rate": null,
            "research_to_sale_ratio": null,
            "price_fair": 13.07,
            "eps_avg_yearly": 0.37,
            "eps_latest_yearly": 0.24,
            "eps_growth_yearly": 50.51
        },
        "20171": {
            "year_quarter": 20171,
            "year": 2017,
            "quarter": 1,
            "eps": 0.36,
            "eps_growth_year": 500,
            "eps_4q": 0.61,
            "eps_4q_growth_year": null,
            "roe": 3.87,
            "roe_4q": 10.49,
            "gross_profit": 129409,
            "gross_margin": 7.23,
            "gross_margin_4q_avg": 12.25,
            "net_income": 133187,
            "net_income_4q": null,
            "revenue": 1789918,
            "revenue_4q": null,
            "common_shares": 3806891,
            "book_valuer_per_share": 4.81,
            "book_valuer_per_share_4q_avg": 4.67,
            "equity": 3413953,
            "current_ratio": 101.45,
            "debt_ratio": 62.22,
            "inventory_turnover_ratio": 1.1,
            "account_receivable_turnover_ratio": 0.86,
            "reinvestment_rate": null,
            "research_to_sale_ratio": null,
            "price_fair": 22.4,
            "eps_avg_yearly": 0.64,
            "eps_latest_yearly": 1.44,
            "eps_growth_yearly": 537.88
        },
        "20172": {
            "year_quarter": 20172,
            "year": 2017,
            "quarter": 2,
            "eps": 0.04,
            "eps_growth_year": -63.64,
            "eps_4q": 0.55,
            "eps_4q_growth_year": null,
            "roe": 0.61,
            "roe_4q": 9.92,
            "gross_profit": 223504,
            "gross_margin": 12.47,
            "gross_margin_4q_avg": 12.07,
            "net_income": 21228,
            "net_income_4q": null,
            "revenue": 1793034,
            "revenue_4q": null,
            "common_shares": 3806891,
            "book_valuer_per_share": 4.95,
            "book_valuer_per_share_4q_avg": 4.75,
            "equity": 3500570,
            "current_ratio": 118.77,
            "debt_ratio": 59.38,
            "inventory_turnover_ratio": 1.07,
            "account_receivable_turnover_ratio": 1,
            "reinvestment_rate": null,
            "research_to_sale_ratio": null,
            "price_fair": 19.04,
            "eps_avg_yearly": 0.54,
            "eps_latest_yearly": 0.16,
            "eps_growth_yearly": 359.19
        },
        "20173": {
            "year_quarter": 20173,
            "year": 2017,
            "quarter": 3,
            "eps": -0.01,
            "eps_growth_year": -109.09,
            "eps_4q": 0.45,
            "eps_4q_growth_year": null,
            "roe": -0.99,
            "roe_4q": 5.9,
            "gross_profit": 256656,
            "gross_margin": 10.97,
            "gross_margin_4q_avg": 11.22,
            "net_income": -35294,
            "net_income_4q": null,
            "revenue": 2339829,
            "revenue_4q": null,
            "common_shares": 3806891,
            "book_valuer_per_share": 5.08,
            "book_valuer_per_share_4q_avg": 4.9,
            "equity": 3602845,
            "current_ratio": 175.46,
            "debt_ratio": 56.87,
            "inventory_turnover_ratio": 1.4,
            "account_receivable_turnover_ratio": 1.39,
            "reinvestment_rate": null,
            "research_to_sale_ratio": null,
            "price_fair": 19.04,
            "eps_avg_yearly": 0.54,
            "eps_latest_yearly": 0.16,
            "eps_growth_yearly": 359.19
        },
        "20174": {
            "year_quarter": 20174,
            "year": 2017,
            "quarter": 4,
            "eps": -0.1,
            "eps_growth_year": -260.37,
            "eps_4q": 0.29,
            "eps_4q_growth_year": -0.93,
            "roe": -1.73,
            "roe_4q": 1.7600000000000002,
            "gross_profit": 159961,
            "gross_margin": 8.53,
            "gross_margin_4q_avg": 9.8,
            "net_income": -62172,
            "net_income_4q": null,
            "revenue": 1875627,
            "revenue_4q": null,
            "common_shares": 3806891,
            "book_valuer_per_share": 5.01,
            "book_valuer_per_share_4q_avg": 4.96,
            "equity": 3576625,
            "current_ratio": 171.73,
            "debt_ratio": 55.87,
            "inventory_turnover_ratio": 1.17,
            "account_receivable_turnover_ratio": 1.06,
            "reinvestment_rate": null,
            "research_to_sale_ratio": null,
            "price_fair": 19.04,
            "eps_avg_yearly": 0.54,
            "eps_latest_yearly": 0.16,
            "eps_growth_yearly": 359.19
        },
        "20181": {
            "year_quarter": 20181,
            "year": 2018,
            "quarter": 1,
            "eps": -0.19,
            "eps_growth_year": -152.78,
            "eps_4q": -0.26,
            "eps_4q_growth_year": -142.54,
            "roe": -3.49,
            "roe_4q": -5.6000000000000005,
            "gross_profit": 31820,
            "gross_margin": 2.35,
            "gross_margin_4q_avg": 8.58,
            "net_income": -121411,
            "net_income_4q": null,
            "revenue": 1351948,
            "revenue_4q": null,
            "common_shares": 3806891,
            "book_valuer_per_share": 5.01,
            "book_valuer_per_share_4q_avg": 5.01,
            "equity": 3371801,
            "current_ratio": 182.46,
            "debt_ratio": 55.37,
            "inventory_turnover_ratio": 0.99,
            "account_receivable_turnover_ratio": 0.88,
            "reinvestment_rate": null,
            "research_to_sale_ratio": null,
            "price_fair": 19.04,
            "eps_avg_yearly": 0.54,
            "eps_latest_yearly": 0.16,
            "eps_growth_yearly": 359.19
        },
        "20182": {
            "year_quarter": 20182,
            "year": 2018,
            "quarter": 2,
            "eps": 0.56,
            "eps_growth_year": 1300,
            "eps_4q": 0.26,
            "eps_4q_growth_year": -51.82,
            "roe": 12.21,
            "roe_4q": 6,
            "gross_profit": 176495,
            "gross_margin": 13.09,
            "gross_margin_4q_avg": 8.74,
            "net_income": 418954,
            "net_income_4q": null,
            "revenue": 1348120,
            "revenue_4q": null,
            "common_shares": 3806891,
            "book_valuer_per_share": 5.52,
            "book_valuer_per_share_4q_avg": 5.16,
            "equity": 3488473,
            "current_ratio": 200.9,
            "debt_ratio": 51.24,
            "inventory_turnover_ratio": 0.88,
            "account_receivable_turnover_ratio": 1.12,
            "reinvestment_rate": null,
            "research_to_sale_ratio": null,
            "price_fair": 19.04,
            "eps_avg_yearly": 0.54,
            "eps_latest_yearly": 0.16,
            "eps_growth_yearly": 359.19
        },
        "20183": {
            "year_quarter": 20183,
            "year": 2018,
            "quarter": 3,
            "eps": 0.05,
            "eps_growth_year": null,
            "eps_4q": 0.59,
            "eps_4q_growth_year": 30.66,
            "roe": 1.03,
            "roe_4q": 8.02,
            "gross_profit": 291318,
            "gross_margin": 17.09,
            "gross_margin_4q_avg": 10.27,
            "net_income": 35234,
            "net_income_4q": null,
            "revenue": 1704680,
            "revenue_4q": null,
            "common_shares": 1903446,
            "book_valuer_per_share": 10.53,
            "book_valuer_per_share_4q_avg": 6.52,
            "equity": 3356699,
            "current_ratio": 184.07,
            "debt_ratio": 54.25,
            "inventory_turnover_ratio": 0.94,
            "account_receivable_turnover_ratio": 1.36,
            "reinvestment_rate": null,
            "research_to_sale_ratio": null,
            "price_fair": 17.03,
            "eps_avg_yearly": 0.49,
            "eps_latest_yearly": 0.2,
            "eps_growth_yearly": 238.61
        },
        "20184": {
            "year_quarter": 20184,
            "year": 2018,
            "quarter": 4,
            "eps": 0.5,
            "eps_growth_year": null,
            "eps_4q": 1.29,
            "eps_4q_growth_year": 338.46,
            "roe": 5.36,
            "roe_4q": 15.110000000000001,
            "gross_profit": 328761,
            "gross_margin": 16.85,
            "gross_margin_4q_avg": 12.35,
            "net_income": 185724,
            "net_income_4q": null,
            "revenue": 1951279,
            "revenue_4q": null,
            "common_shares": 1903446,
            "book_valuer_per_share": 11.19,
            "book_valuer_per_share_4q_avg": 8.06,
            "equity": 3578439,
            "current_ratio": 218.68,
            "debt_ratio": 47.61,
            "inventory_turnover_ratio": 1.02,
            "account_receivable_turnover_ratio": 1.35,
            "reinvestment_rate": -1729.55,
            "research_to_sale_ratio": null,
            "price_fair": 24.6,
            "eps_avg_yearly": 0.7,
            "eps_latest_yearly": 2,
            "eps_growth_yearly": 718.81
        },
        "20191": {
            "year_quarter": 20191,
            "year": 2019,
            "quarter": 1,
            "eps": 0.03,
            "eps_growth_year": null,
            "eps_4q": 1.71,
            "eps_4q_growth_year": null,
            "roe": 0.11,
            "roe_4q": 18.71,
            "gross_profit": 248269,
            "gross_margin": 13.96,
            "gross_margin_4q_avg": 15.25,
            "net_income": 3881,
            "net_income_4q": null,
            "revenue": 1778841,
            "revenue_4q": null,
            "common_shares": 1903446,
            "book_valuer_per_share": 11.45,
            "book_valuer_per_share_4q_avg": 9.67,
            "equity": 3701260,
            "current_ratio": 201.08,
            "debt_ratio": 51.73,
            "inventory_turnover_ratio": 0.96,
            "account_receivable_turnover_ratio": 1.16,
            "reinvestment_rate": -1718.18,
            "research_to_sale_ratio": null,
            "price_fair": 22.05,
            "eps_avg_yearly": 0.63,
            "eps_latest_yearly": 0.12,
            "eps_growth_yearly": 581.96
        },
        "20192": {
            "year_quarter": 20192,
            "year": 2019,
            "quarter": 2,
            "eps": 0.11,
            "eps_growth_year": -80.36,
            "eps_4q": 0.7,
            "eps_4q_growth_year": 163.8,
            "roe": 1.42,
            "roe_4q": 7.920000000000001,
            "gross_profit": 293785,
            "gross_margin": 16.93,
            "gross_margin_4q_avg": 16.21,
            "net_income": 52266,
            "net_income_4q": null,
            "revenue": 1735405,
            "revenue_4q": null,
            "common_shares": 1903446,
            "book_valuer_per_share": 11.31,
            "book_valuer_per_share_4q_avg": 11.12,
            "equity": 3676687,
            "current_ratio": 226.67,
            "debt_ratio": 48.68,
            "inventory_turnover_ratio": 0.9,
            "account_receivable_turnover_ratio": 1.29,
            "reinvestment_rate": -734.12,
            "research_to_sale_ratio": null,
            "price_fair": 21.31,
            "eps_avg_yearly": 0.61,
            "eps_latest_yearly": 0.44,
            "eps_growth_yearly": 635.82
        },
        "20193": {
            "year_quarter": 20193,
            "year": 2019,
            "quarter": 3,
            "eps": 0.11,
            "eps_growth_year": 120,
            "eps_4q": 0.75,
            "eps_4q_growth_year": 26.95,
            "roe": 1.96,
            "roe_4q": 8.85,
            "gross_profit": 308386,
            "gross_margin": 17.99,
            "gross_margin_4q_avg": 16.43,
            "net_income": 70731,
            "net_income_4q": null,
            "revenue": 1714607,
            "revenue_4q": null,
            "common_shares": 1903446,
            "book_valuer_per_share": 10.78,
            "book_valuer_per_share_4q_avg": 11.18,
            "equity": 3555244,
            "current_ratio": 216.27,
            "debt_ratio": 50.59,
            "inventory_turnover_ratio": 0.9,
            "account_receivable_turnover_ratio": 1.56,
            "reinvestment_rate": -614.03,
            "research_to_sale_ratio": null,
            "price_fair": 20.72,
            "eps_avg_yearly": 0.59,
            "eps_latest_yearly": 0.44,
            "eps_growth_yearly": 572.23
        },
        "20194": {
            "year_quarter": 20194,
            "year": 2019,
            "quarter": 4,
            "eps": -0.02,
            "eps_growth_year": -104.81,
            "eps_4q": 0.22,
            "eps_4q_growth_year": -82.73,
            "roe": -0.68,
            "roe_4q": 2.8099999999999996,
            "gross_profit": 295649,
            "gross_margin": 15.67,
            "gross_margin_4q_avg": 16.14,
            "net_income": -24183,
            "net_income_4q": null,
            "revenue": 1887175,
            "revenue_4q": null,
            "common_shares": 1903446,
            "book_valuer_per_share": 10.67,
            "book_valuer_per_share_4q_avg": 11.05,
            "equity": 3507826,
            "current_ratio": 239.21,
            "debt_ratio": 48.23,
            "inventory_turnover_ratio": 1.07,
            "account_receivable_turnover_ratio": 1.59,
            "reinvestment_rate": -324.27,
            "research_to_sale_ratio": null,
            "price_fair": 20.72,
            "eps_avg_yearly": 0.59,
            "eps_latest_yearly": 0.44,
            "eps_growth_yearly": 572.23
        },
        "20201": {
            "year_quarter": 20201,
            "year": 2020,
            "quarter": 1,
            "eps": -0.27,
            "eps_growth_year": -1000,
            "eps_4q": -0.08,
            "eps_4q_growth_year": -104.82,
            "roe": -1.34,
            "roe_4q": 1.3599999999999999,
            "gross_profit": 214463,
            "gross_margin": 15.71,
            "gross_margin_4q_avg": 16.58,
            "net_income": -46721,
            "net_income_4q": null,
            "revenue": 1365037,
            "revenue_4q": null,
            "common_shares": 1903446,
            "book_valuer_per_share": 10.49,
            "book_valuer_per_share_4q_avg": 10.81,
            "equity": 3450081,
            "current_ratio": 247.46,
            "debt_ratio": 47.16,
            "inventory_turnover_ratio": 0.82,
            "account_receivable_turnover_ratio": 1.08,
            "reinvestment_rate": -326.84,
            "research_to_sale_ratio": 3.72,
            "price_fair": 20.72,
            "eps_avg_yearly": 0.59,
            "eps_latest_yearly": 0.44,
            "eps_growth_yearly": 572.23
        },
        "20202": {
            "year_quarter": 20202,
            "year": 2020,
            "quarter": 2,
            "eps": 0.2,
            "eps_growth_year": 81.82,
            "eps_4q": 0.01,
            "eps_4q_growth_year": -98.39,
            "roe": 1.93,
            "roe_4q": 1.8699999999999997,
            "gross_profit": 232933,
            "gross_margin": 14.1,
            "gross_margin_4q_avg": 15.87,
            "net_income": 66383,
            "net_income_4q": null,
            "revenue": 1652525,
            "revenue_4q": null,
            "common_shares": 1903446,
            "book_valuer_per_share": 10.47,
            "book_valuer_per_share_4q_avg": 10.6,
            "equity": 3446225,
            "current_ratio": 229.45,
            "debt_ratio": 49.03,
            "inventory_turnover_ratio": 1.01,
            "account_receivable_turnover_ratio": 1.1,
            "reinvestment_rate": -269.3,
            "research_to_sale_ratio": 4.42,
            "price_fair": 21.31,
            "eps_avg_yearly": 0.61,
            "eps_latest_yearly": 0.44,
            "eps_growth_yearly": 598.78
        },
        "20203": {
            "year_quarter": 20203,
            "year": 2020,
            "quarter": 3,
            "eps": 0,
            "eps_growth_year": -100,
            "eps_4q": -0.1,
            "eps_4q_growth_year": -112.83,
            "roe": 0.03,
            "roe_4q": -0.060000000000000164,
            "gross_profit": 240104,
            "gross_margin": 11.83,
            "gross_margin_4q_avg": 14.33,
            "net_income": 1185,
            "net_income_4q": null,
            "revenue": 2029688,
            "revenue_4q": null,
            "common_shares": 1903446,
            "book_valuer_per_share": 10.82,
            "book_valuer_per_share_4q_avg": 10.61,
            "equity": 3553581,
            "current_ratio": 201.85,
            "debt_ratio": 52.23,
            "inventory_turnover_ratio": 1.18,
            "account_receivable_turnover_ratio": 1.11,
            "reinvestment_rate": -193.48,
            "research_to_sale_ratio": 2.46,
            "price_fair": 22.05,
            "eps_avg_yearly": 0.63,
            "eps_latest_yearly": 0.44,
            "eps_growth_yearly": 673.63
        },
        "20204": {
            "year_quarter": 20204,
            "year": 2020,
            "quarter": 4,
            "eps": -0.14,
            "eps_growth_year": null,
            "eps_4q": -0.21,
            "eps_4q_growth_year": -193.14,
            "roe": -0.93,
            "roe_4q": -0.3100000000000003,
            "gross_profit": 247825,
            "gross_margin": 10.51,
            "gross_margin_4q_avg": 13.04,
            "net_income": -33536,
            "net_income_4q": null,
            "revenue": 2357018,
            "revenue_4q": null,
            "common_shares": 1903446,
            "book_valuer_per_share": 11.15,
            "book_valuer_per_share_4q_avg": 10.73,
            "equity": 3663885,
            "current_ratio": 201.17,
            "debt_ratio": 52.34,
            "inventory_turnover_ratio": 1.25,
            "account_receivable_turnover_ratio": 1.22,
            "reinvestment_rate": -206.27,
            "research_to_sale_ratio": 3.09,
            "price_fair": 24,
            "eps_avg_yearly": 0.69,
            "eps_latest_yearly": 0.44,
            "eps_growth_yearly": 795.83
        },
        "20211": {
            "year_quarter": 20211,
            "year": 2021,
            "quarter": 1,
            "eps": 0.18,
            "eps_growth_year": null,
            "eps_4q": 0.25,
            "eps_4q_growth_year": null,
            "roe": 1.66,
            "roe_4q": 2.69,
            "gross_profit": 258852,
            "gross_margin": 11.88,
            "gross_margin_4q_avg": 12.08,
            "net_income": 60964,
            "net_income_4q": null,
            "revenue": 2179466,
            "revenue_4q": null,
            "common_shares": 1903446,
            "book_valuer_per_share": 11.18,
            "book_valuer_per_share_4q_avg": 10.91,
            "equity": 3680898,
            "current_ratio": 202.88,
            "debt_ratio": 51.83,
            "inventory_turnover_ratio": 1.06,
            "account_receivable_turnover_ratio": 1.18,
            "reinvestment_rate": -263.42,
            "research_to_sale_ratio": 2.98,
            "price_fair": 19.6,
            "eps_avg_yearly": 0.56,
            "eps_latest_yearly": 0.44,
            "eps_growth_yearly": 595.14
        },
        "20212": {
            "year_quarter": 20212,
            "year": 2021,
            "quarter": 2,
            "eps": 0.43,
            "eps_growth_year": 115,
            "eps_4q": 0.48,
            "eps_4q_growth_year": 4147.2,
            "roe": 3.58,
            "roe_4q": 4.340000000000001,
            "gross_profit": 297295,
            "gross_margin": 13.17,
            "gross_margin_4q_avg": 11.85,
            "net_income": 133667,
            "net_income_4q": null,
            "revenue": 2257839,
            "revenue_4q": null,
            "common_shares": 1903446,
            "book_valuer_per_share": 11.51,
            "book_valuer_per_share_4q_avg": 11.17,
            "equity": 3788202,
            "current_ratio": 191.62,
            "debt_ratio": 53.61,
            "inventory_turnover_ratio": 0.92,
            "account_receivable_turnover_ratio": 1.21,
            "reinvestment_rate": -108.26,
            "research_to_sale_ratio": 2.67,
            "price_fair": 28.7,
            "eps_avg_yearly": 0.82,
            "eps_latest_yearly": 1.72,
            "eps_growth_yearly": 746.99
        },
        "20213": {
            "year_quarter": 20213,
            "year": 2021,
            "quarter": 3,
            "eps": 0.58,
            "eps_growth_year": null,
            "eps_4q": 1.06,
            "eps_4q_growth_year": null,
            "roe": 4.63,
            "roe_4q": 8.940000000000001,
            "gross_profit": 376696,
            "gross_margin": 13.78,
            "gross_margin_4q_avg": 12.34,
            "net_income": 180460,
            "net_income_4q": null,
            "revenue": 2733248,
            "revenue_4q": null,
            "common_shares": 1903446,
            "book_valuer_per_share": 12.27,
            "book_valuer_per_share_4q_avg": 11.53,
            "equity": 4000923,
            "current_ratio": 217.82,
            "debt_ratio": 56.26,
            "inventory_turnover_ratio": 0.9,
            "account_receivable_turnover_ratio": 1.24,
            "reinvestment_rate": -106.53,
            "research_to_sale_ratio": 2.42,
            "price_fair": 36.2,
            "eps_avg_yearly": 1.03,
            "eps_latest_yearly": 2.32,
            "eps_growth_yearly": 660.21
        },
        "20214": {
            "year_quarter": 20214,
            "year": 2021,
            "quarter": 4,
            "eps": 0.12,
            "eps_growth_year": null,
            "eps_4q": 1.19,
            "eps_4q_growth_year": null,
            "roe": 0.77,
            "roe_4q": 10.64,
            "gross_profit": 281733,
            "gross_margin": 9.82,
            "gross_margin_4q_avg": 12.16,
            "net_income": 32829,
            "net_income_4q": null,
            "revenue": 2869438,
            "revenue_4q": null,
            "common_shares": 2109305,
            "book_valuer_per_share": 13.02,
            "book_valuer_per_share_4q_avg": 12,
            "equity": 4522808,
            "current_ratio": 220.3,
            "debt_ratio": 51.15,
            "inventory_turnover_ratio": 0.89,
            "account_receivable_turnover_ratio": 1.17,
            "reinvestment_rate": -88.61,
            "research_to_sale_ratio": 2.9,
            "price_fair": 33.78,
            "eps_avg_yearly": 0.97,
            "eps_latest_yearly": 0.48,
            "eps_growth_yearly": 538.03
        },
        "20221": {
            "year_quarter": 20221,
            "year": 2022,
            "quarter": 1,
            "eps": 0.44,
            "eps_growth_year": 144.44,
            "eps_4q": 1.46,
            "eps_4q_growth_year": 483.22,
            "roe": 2.27,
            "roe_4q": 11.25,
            "gross_profit": 271027,
            "gross_margin": 9.54,
            "gross_margin_4q_avg": 11.58,
            "net_income": 105257,
            "net_income_4q": null,
            "revenue": 2840216,
            "revenue_4q": null,
            "common_shares": 2133881,
            "book_valuer_per_share": 13.67,
            "book_valuer_per_share_4q_avg": 12.62,
            "equity": 4764310,
            "current_ratio": 223.67,
            "debt_ratio": 50.07,
            "inventory_turnover_ratio": 0.85,
            "account_receivable_turnover_ratio": 1.18,
            "reinvestment_rate": -43.08,
            "research_to_sale_ratio": 2.74,
            "price_fair": 36.87,
            "eps_avg_yearly": 1.05,
            "eps_latest_yearly": 1.76,
            "eps_growth_yearly": 596.77
        },
        "20222": {
            "year_quarter": 20222,
            "year": 2022,
            "quarter": 2,
            "eps": 0.65,
            "eps_growth_year": 51.16,
            "eps_4q": 1.72,
            "eps_4q_growth_year": 261.82,
            "roe": 4.8,
            "roe_4q": 12.469999999999999,
            "gross_profit": 454329,
            "gross_margin": 14.59,
            "gross_margin_4q_avg": 11.93,
            "net_income": 231257,
            "net_income_4q": null,
            "revenue": 3113404,
            "revenue_4q": null,
            "common_shares": 2136349,
            "book_valuer_per_share": 13.95,
            "book_valuer_per_share_4q_avg": 13.23,
            "equity": 4870829,
            "current_ratio": 219.22,
            "debt_ratio": 50.59,
            "inventory_turnover_ratio": 0.84,
            "account_receivable_turnover_ratio": 1.34,
            "reinvestment_rate": -54.11,
            "research_to_sale_ratio": 2.48,
            "price_fair": 42.28,
            "eps_avg_yearly": 1.21,
            "eps_latest_yearly": 2.6,
            "eps_growth_yearly": 556.18
        },
        "20223": {
            "year_quarter": 20223,
            "year": 2022,
            "quarter": 3,
            "eps": 0.65,
            "eps_growth_year": 12.07,
            "eps_4q": 1.84,
            "eps_4q_growth_year": 73.89,
            "roe": 4.72,
            "roe_4q": 12.559999999999999,
            "gross_profit": 416542,
            "gross_margin": 14.52,
            "gross_margin_4q_avg": 12.12,
            "net_income": 238261,
            "net_income_4q": null,
            "revenue": 2868724,
            "revenue_4q": null,
            "common_shares": 2151207,
            "book_valuer_per_share": 14.62,
            "book_valuer_per_share_4q_avg": 13.82,
            "equity": 5230671,
            "current_ratio": 234.49,
            "debt_ratio": 48.19,
            "inventory_turnover_ratio": 0.72,
            "account_receivable_turnover_ratio": 1.16,
            "reinvestment_rate": -44.83,
            "research_to_sale_ratio": 2.51,
            "price_fair": 50.68,
            "eps_avg_yearly": 1.45,
            "eps_latest_yearly": 2.6,
            "eps_growth_yearly": 592.61
        },
        "20224": {
            "year_quarter": 20224,
            "year": 2022,
            "quarter": 4,
            "eps": 0.49,
            "eps_growth_year": 317.51,
            "eps_4q": 2.21,
            "eps_4q_growth_year": 85.36,
            "roe": 2.8,
            "roe_4q": 14.59,
            "gross_profit": 524637,
            "gross_margin": 14.47,
            "gross_margin_4q_avg": 13.28,
            "net_income": 148278,
            "net_income_4q": null,
            "revenue": 3626091,
            "revenue_4q": null,
            "common_shares": 2151721,
            "book_valuer_per_share": 15.02,
            "book_valuer_per_share_4q_avg": 14.32,
            "equity": 5348540,
            "current_ratio": 221.7,
            "debt_ratio": 47.42,
            "inventory_turnover_ratio": 0.91,
            "account_receivable_turnover_ratio": 1.32,
            "reinvestment_rate": -39.31,
            "research_to_sale_ratio": 2.58,
            "price_fair": 50.54,
            "eps_avg_yearly": 1.44,
            "eps_latest_yearly": 1.96,
            "eps_growth_yearly": 222.76
        },
        "20231": {
            "year_quarter": 20231,
            "year": 2023,
            "quarter": 1,
            "eps": 0.12,
            "eps_growth_year": -72.73,
            "eps_4q": 1.89,
            "eps_4q_growth_year": 29.98,
            "roe": 1.11,
            "roe_4q": 13.43,
            "gross_profit": 433726,
            "gross_margin": 14.87,
            "gross_margin_4q_avg": 14.61,
            "net_income": 60404,
            "net_income_4q": null,
            "revenue": 2917088,
            "revenue_4q": null,
            "common_shares": 2155835,
            "book_valuer_per_share": 15.43,
            "book_valuer_per_share_4q_avg": 14.76,
            "equity": 5516584,
            "current_ratio": 215.46,
            "debt_ratio": 46.82,
            "inventory_turnover_ratio": 0.76,
            "account_receivable_turnover_ratio": 1.09,
            "reinvestment_rate": 8.36,
            "research_to_sale_ratio": 2.81,
            "price_fair": 51.8,
            "eps_avg_yearly": 1.48,
            "eps_latest_yearly": 0.48,
            "eps_growth_yearly": 230.16
        },
        "20232": {
            "year_quarter": 20232,
            "year": 2023,
            "quarter": 2,
            "eps": 0.7,
            "eps_growth_year": 7.69,
            "eps_4q": 1.93,
            "eps_4q_growth_year": 12.44,
            "roe": 4.94,
            "roe_4q": 13.57,
            "gross_profit": 541456,
            "gross_margin": 16.25,
            "gross_margin_4q_avg": 15.03,
            "net_income": 272531,
            "net_income_4q": null,
            "revenue": 3331813,
            "revenue_4q": null,
            "common_shares": 2181027,
            "book_valuer_per_share": 15.21,
            "book_valuer_per_share_4q_avg": 15.07,
            "equity": 5527516,
            "current_ratio": 204.13,
            "debt_ratio": 49.7,
            "inventory_turnover_ratio": 0.85,
            "account_receivable_turnover_ratio": 1.3,
            "reinvestment_rate": 3.98,
            "research_to_sale_ratio": 2.11,
            "price_fair": 60.06,
            "eps_avg_yearly": 1.72,
            "eps_latest_yearly": 2.8,
            "eps_growth_yearly": 316.83
        },
        "20233": {
            "year_quarter": 20233,
            "year": 2023,
            "quarter": 3,
            "eps": 0.87,
            "eps_growth_year": 33.85,
            "eps_4q": 2.08,
            "eps_4q_growth_year": 13.07,
            "roe": 5.39,
            "roe_4q": 14.239999999999998,
            "gross_profit": 710629,
            "gross_margin": 18.7,
            "gross_margin_4q_avg": 16.07,
            "net_income": 325603,
            "net_income_4q": null,
            "revenue": 3799561,
            "revenue_4q": null,
            "common_shares": 2294208,
            "book_valuer_per_share": 18.1,
            "book_valuer_per_share_4q_avg": 15.94,
            "equity": 6544993,
            "current_ratio": 212.85,
            "debt_ratio": 45.24,
            "inventory_turnover_ratio": 0.95,
            "account_receivable_turnover_ratio": 1.37,
            "reinvestment_rate": 9.46,
            "research_to_sale_ratio": 2.65,
            "price_fair": 70.7,
            "eps_avg_yearly": 2.02,
            "eps_latest_yearly": 3.48,
            "eps_growth_yearly": 326.54
        }
    },
    "months": {
        "2004-08": {
            "month": "2004-08",
            "price": "9.65",
            "revenue": 0
        },
        "2004-09": {
            "month": "2004-09",
            "price": "7.03",
            "revenue": 2420
        },
        "2004-10": {
            "month": "2004-10",
            "price": "6.18",
            "revenue": 2420
        },
        "2004-11": {
            "month": "2004-11",
            "price": "5.54",
            "revenue": 2570
        },
        "2004-12": {
            "month": "2004-12",
            "price": "4.98",
            "revenue": 3858
        },
        "2005-01": {
            "month": "2005-01",
            "price": "5.26",
            "revenue": 4743103
        },
        "2005-02": {
            "month": "2005-02",
            "price": "5.12",
            "revenue": 4698506
        },
        "2005-03": {
            "month": "2005-03",
            "price": "4.69",
            "revenue": 4821282
        },
        "2005-04": {
            "month": "2005-04",
            "price": "3.84",
            "revenue": 5230437
        },
        "2005-05": {
            "month": "2005-05",
            "price": "3.56",
            "revenue": 4032580
        },
        "2005-06": {
            "month": "2005-06",
            "price": "4.50",
            "revenue": 4480439
        },
        "2005-07": {
            "month": "2005-07",
            "price": "4.75",
            "revenue": 3852825
        },
        "2005-08": {
            "month": "2005-08",
            "price": "4.45",
            "revenue": 5520487
        },
        "2005-09": {
            "month": "2005-09",
            "price": "4.29",
            "revenue": 5096765
        },
        "2005-10": {
            "month": "2005-10",
            "price": "4.20",
            "revenue": 6609794
        },
        "2005-11": {
            "month": "2005-11",
            "price": "3.99",
            "revenue": 6398140
        },
        "2005-12": {
            "month": "2005-12",
            "price": "4.16",
            "revenue": 5781877
        },
        "2006-01": {
            "month": "2006-01",
            "price": "4.02",
            "revenue": 4894592
        },
        "2006-02": {
            "month": "2006-02",
            "price": "3.82",
            "revenue": 3473543
        },
        "2006-03": {
            "month": "2006-03",
            "price": "3.57",
            "revenue": 2912950
        },
        "2006-04": {
            "month": "2006-04",
            "price": "3.81",
            "revenue": 3644114
        },
        "2006-05": {
            "month": "2006-05",
            "price": "2.77",
            "revenue": 2976338
        },
        "2006-06": {
            "month": "2006-06",
            "price": "2.34",
            "revenue": 2175647
        },
        "2006-07": {
            "month": "2006-07",
            "price": "2.08",
            "revenue": 3201930
        },
        "2006-08": {
            "month": "2006-08",
            "price": "2.03",
            "revenue": 2578162
        },
        "2006-09": {
            "month": "2006-09",
            "price": "1.73",
            "revenue": 3287710
        },
        "2006-10": {
            "month": "2006-10",
            "price": "3.88",
            "revenue": 4256503
        },
        "2006-11": {
            "month": "2006-11",
            "price": "4.06",
            "revenue": 4276760
        },
        "2006-12": {
            "month": "2006-12",
            "price": "4.82",
            "revenue": 3817309
        },
        "2007-01": {
            "month": "2007-01",
            "price": "5.07",
            "revenue": 5300765
        },
        "2007-02": {
            "month": "2007-02",
            "price": "5.70",
            "revenue": 2730094
        },
        "2007-03": {
            "month": "2007-03",
            "price": "6.88",
            "revenue": 3787177
        },
        "2007-04": {
            "month": "2007-04",
            "price": "5.65",
            "revenue": 3512184
        },
        "2007-05": {
            "month": "2007-05",
            "price": "4.33",
            "revenue": 3139126
        },
        "2007-06": {
            "month": "2007-06",
            "price": "4.71",
            "revenue": 3497769
        },
        "2007-07": {
            "month": "2007-07",
            "price": "5.28",
            "revenue": 2539967
        },
        "2007-08": {
            "month": "2007-08",
            "price": "5.55",
            "revenue": 2535754
        },
        "2007-09": {
            "month": "2007-09",
            "price": "5.69",
            "revenue": 3778683
        },
        "2007-10": {
            "month": "2007-10",
            "price": "10.31",
            "revenue": 3274320
        },
        "2007-11": {
            "month": "2007-11",
            "price": "9.11",
            "revenue": 2859465
        },
        "2007-12": {
            "month": "2007-12",
            "price": "9.04",
            "revenue": 3196453
        },
        "2008-01": {
            "month": "2008-01",
            "price": "8.36",
            "revenue": 2462965
        },
        "2008-02": {
            "month": "2008-02",
            "price": "6.46",
            "revenue": 1630522
        },
        "2008-03": {
            "month": "2008-03",
            "price": "7.23",
            "revenue": 2652912
        },
        "2008-04": {
            "month": "2008-04",
            "price": "7.55",
            "revenue": 2229947
        },
        "2008-05": {
            "month": "2008-05",
            "price": "7.63",
            "revenue": 2566881
        },
        "2008-06": {
            "month": "2008-06",
            "price": "7.42",
            "revenue": 1875988
        },
        "2008-07": {
            "month": "2008-07",
            "price": "6.10",
            "revenue": 2358137
        },
        "2008-08": {
            "month": "2008-08",
            "price": "5.41",
            "revenue": 1497068
        },
        "2008-09": {
            "month": "2008-09",
            "price": "3.34",
            "revenue": 1545839
        },
        "2008-10": {
            "month": "2008-10",
            "price": "2.89",
            "revenue": 2246028
        },
        "2008-11": {
            "month": "2008-11",
            "price": "3.02",
            "revenue": 1495486
        },
        "2008-12": {
            "month": "2008-12",
            "price": "3.64",
            "revenue": 760487
        },
        "2009-01": {
            "month": "2009-01",
            "price": "3.67",
            "revenue": 722031
        },
        "2009-02": {
            "month": "2009-02",
            "price": "3.83",
            "revenue": 593942
        },
        "2009-03": {
            "month": "2009-03",
            "price": "4.06",
            "revenue": 540232
        },
        "2009-04": {
            "month": "2009-04",
            "price": "4.52",
            "revenue": 690994
        },
        "2009-05": {
            "month": "2009-05",
            "price": "4.03",
            "revenue": 679508
        },
        "2009-06": {
            "month": "2009-06",
            "price": "4.14",
            "revenue": 632865
        },
        "2009-07": {
            "month": "2009-07",
            "price": "3.70",
            "revenue": 699468
        },
        "2009-08": {
            "month": "2009-08",
            "price": "3.52",
            "revenue": 512606
        },
        "2009-09": {
            "month": "2009-09",
            "price": "3.40",
            "revenue": 584579
        },
        "2009-10": {
            "month": "2009-10",
            "price": "3.32",
            "revenue": 374249
        },
        "2009-11": {
            "month": "2009-11",
            "price": "3.45",
            "revenue": 618589
        },
        "2009-12": {
            "month": "2009-12",
            "price": "3.84",
            "revenue": 451154
        },
        "2010-01": {
            "month": "2010-01",
            "price": "6.04",
            "revenue": 1657572
        },
        "2010-02": {
            "month": "2010-02",
            "price": "5.20",
            "revenue": 1331466
        },
        "2010-03": {
            "month": "2010-03",
            "price": "5.01",
            "revenue": 1793453
        },
        "2010-04": {
            "month": "2010-04",
            "price": "4.44",
            "revenue": 1822704
        },
        "2010-05": {
            "month": "2010-05",
            "price": "4.22",
            "revenue": 1853393
        },
        "2010-06": {
            "month": "2010-06",
            "price": "4.19",
            "revenue": 1893777
        },
        "2010-07": {
            "month": "2010-07",
            "price": "3.95",
            "revenue": 1628705
        },
        "2010-08": {
            "month": "2010-08",
            "price": "4.41",
            "revenue": 1643032
        },
        "2010-09": {
            "month": "2010-09",
            "price": "4.52",
            "revenue": 1429587
        },
        "2010-10": {
            "month": "2010-10",
            "price": "4.55",
            "revenue": 1271054
        },
        "2010-11": {
            "month": "2010-11",
            "price": "4.09",
            "revenue": 1271253
        },
        "2010-12": {
            "month": "2010-12",
            "price": "11.16",
            "revenue": 1294212
        },
        "2011-01": {
            "month": "2011-01",
            "price": "12.41",
            "revenue": 1187052
        },
        "2011-02": {
            "month": "2011-02",
            "price": "12.04",
            "revenue": 1212546
        },
        "2011-03": {
            "month": "2011-03",
            "price": "11.59",
            "revenue": 1322172
        },
        "2011-04": {
            "month": "2011-04",
            "price": "11.77",
            "revenue": 1130622
        },
        "2011-05": {
            "month": "2011-05",
            "price": "11.42",
            "revenue": 1253845
        },
        "2011-06": {
            "month": "2011-06",
            "price": "10.67",
            "revenue": 1331385
        },
        "2011-07": {
            "month": "2011-07",
            "price": "9.93",
            "revenue": 1267249
        },
        "2011-08": {
            "month": "2011-08",
            "price": "9.60",
            "revenue": 1448639
        },
        "2011-09": {
            "month": "2011-09",
            "price": "9.36",
            "revenue": 1455453
        },
        "2011-10": {
            "month": "2011-10",
            "price": "9.14",
            "revenue": 1437520
        },
        "2011-11": {
            "month": "2011-11",
            "price": "9.03",
            "revenue": 1485007
        },
        "2011-12": {
            "month": "2011-12",
            "price": "8.86",
            "revenue": 1556578
        },
        "2012-01": {
            "month": "2012-01",
            "price": "8.84",
            "revenue": 1001753
        },
        "2012-02": {
            "month": "2012-02",
            "price": "9.10",
            "revenue": 1169504
        },
        "2012-03": {
            "month": "2012-03",
            "price": "9.27",
            "revenue": 1366206
        },
        "2012-04": {
            "month": "2012-04",
            "price": "9.16",
            "revenue": 1142439
        },
        "2012-05": {
            "month": "2012-05",
            "price": "9.05",
            "revenue": 1270981
        },
        "2012-06": {
            "month": "2012-06",
            "price": "9.03",
            "revenue": 1204937
        },
        "2012-07": {
            "month": "2012-07",
            "price": "8.98",
            "revenue": 1164697
        },
        "2012-08": {
            "month": "2012-08",
            "price": "9.73",
            "revenue": 1083747
        },
        "2012-09": {
            "month": "2012-09",
            "price": "9.60",
            "revenue": 1184135
        },
        "2012-10": {
            "month": "2012-10",
            "price": "9.51",
            "revenue": 1108214
        },
        "2012-11": {
            "month": "2012-11",
            "price": "9.34",
            "revenue": 1174740
        },
        "2012-12": {
            "month": "2012-12",
            "price": "9.33",
            "revenue": 969504
        },
        "2013-01": {
            "month": "2013-01",
            "price": "9.18",
            "revenue": 1060507
        },
        "2013-02": {
            "month": "2013-02",
            "price": "9.02",
            "revenue": 587050
        },
        "2013-03": {
            "month": "2013-03",
            "price": "9.09",
            "revenue": 972400
        },
        "2013-04": {
            "month": "2013-04",
            "price": "9.10",
            "revenue": 1196245
        },
        "2013-05": {
            "month": "2013-05",
            "price": "9.03",
            "revenue": 1151233
        },
        "2013-06": {
            "month": "2013-06",
            "price": "8.76",
            "revenue": 1021078
        },
        "2013-07": {
            "month": "2013-07",
            "price": "7.03",
            "revenue": 1064575
        },
        "2013-08": {
            "month": "2013-08",
            "price": "6.20",
            "revenue": 916513
        },
        "2013-09": {
            "month": "2013-09",
            "price": "5.33",
            "revenue": 1121245
        },
        "2013-10": {
            "month": "2013-10",
            "price": "6.23",
            "revenue": 1067630
        },
        "2013-11": {
            "month": "2013-11",
            "price": "7.33",
            "revenue": 1247634
        },
        "2013-12": {
            "month": "2013-12",
            "price": "7.17",
            "revenue": 1378022
        },
        "2014-01": {
            "month": "2014-01",
            "price": "7.77",
            "revenue": 961582
        },
        "2014-02": {
            "month": "2014-02",
            "price": "7.44",
            "revenue": 1001817
        },
        "2014-03": {
            "month": "2014-03",
            "price": "7.90",
            "revenue": 1253641
        },
        "2014-04": {
            "month": "2014-04",
            "price": "8.45",
            "revenue": 1345688
        },
        "2014-05": {
            "month": "2014-05",
            "price": "8.96",
            "revenue": 1264579
        },
        "2014-06": {
            "month": "2014-06",
            "price": "8.98",
            "revenue": 1293842
        },
        "2014-07": {
            "month": "2014-07",
            "price": "8.92",
            "revenue": 1186885
        },
        "2014-08": {
            "month": "2014-08",
            "price": "8.97",
            "revenue": 1137158
        },
        "2014-09": {
            "month": "2014-09",
            "price": "8.83",
            "revenue": 1271913
        },
        "2014-10": {
            "month": "2014-10",
            "price": "8.84",
            "revenue": 1200394
        },
        "2014-11": {
            "month": "2014-11",
            "price": "8.96",
            "revenue": 1110584
        },
        "2014-12": {
            "month": "2014-12",
            "price": "8.97",
            "revenue": 1382649
        },
        "2015-01": {
            "month": "2015-01",
            "price": "9.01",
            "revenue": 1203558
        },
        "2015-02": {
            "month": "2015-02",
            "price": "9.00",
            "revenue": 799378
        },
        "2015-03": {
            "month": "2015-03",
            "price": "8.98",
            "revenue": 1098628
        },
        "2015-04": {
            "month": "2015-04",
            "price": "8.96",
            "revenue": 1185349
        },
        "2015-05": {
            "month": "2015-05",
            "price": "9.00",
            "revenue": 1069481
        },
        "2015-06": {
            "month": "2015-06",
            "price": "9.00",
            "revenue": 1084495
        },
        "2015-07": {
            "month": "2015-07",
            "price": "9.01",
            "revenue": 957187
        },
        "2015-08": {
            "month": "2015-08",
            "price": "8.93",
            "revenue": 1086012
        },
        "2015-09": {
            "month": "2015-09",
            "price": "8.76",
            "revenue": 1067105
        },
        "2015-10": {
            "month": "2015-10",
            "price": "8.43",
            "revenue": 1090345
        },
        "2015-11": {
            "month": "2015-11",
            "price": "8.56",
            "revenue": 1099932
        },
        "2015-12": {
            "month": "2015-12",
            "price": "8.98",
            "revenue": 1199281
        },
        "2016-01": {
            "month": "2016-01",
            "price": "8.83",
            "revenue": 1120480
        },
        "2016-02": {
            "month": "2016-02",
            "price": "8.50",
            "revenue": 800366
        },
        "2016-03": {
            "month": "2016-03",
            "price": "8.35",
            "revenue": 1215700
        },
        "2016-04": {
            "month": "2016-04",
            "price": "8.78",
            "revenue": 1055890
        },
        "2016-05": {
            "month": "2016-05",
            "price": "8.21",
            "revenue": 1103684
        },
        "2016-06": {
            "month": "2016-06",
            "price": "6.54",
            "revenue": 789832
        },
        "2016-07": {
            "month": "2016-07",
            "price": "5.60",
            "revenue": 770444
        },
        "2016-12": {
            "month": "2016-12",
            "price": "6.72",
            "revenue": 832120
        },
        "2017-01": {
            "month": "2017-01",
            "price": "6.42",
            "revenue": 622152
        },
        "2017-02": {
            "month": "2017-02",
            "price": "6.09",
            "revenue": 585464
        },
        "2017-03": {
            "month": "2017-03",
            "price": "6.01",
            "revenue": 688578
        },
        "2017-04": {
            "month": "2017-04",
            "price": "5.91",
            "revenue": 601343
        },
        "2017-05": {
            "month": "2017-05",
            "price": "6.07",
            "revenue": 599412
        },
        "2017-06": {
            "month": "2017-06",
            "price": "6.51",
            "revenue": 748326
        },
        "2017-07": {
            "month": "2017-07",
            "price": "6.65",
            "revenue": 610203
        },
        "2017-08": {
            "month": "2017-08",
            "price": "6.42",
            "revenue": 719621
        },
        "2017-09": {
            "month": "2017-09",
            "price": "6.37",
            "revenue": 957982
        },
        "2017-10": {
            "month": "2017-10",
            "price": "6.74",
            "revenue": 610212
        },
        "2017-11": {
            "month": "2017-11",
            "price": "6.47",
            "revenue": 729358
        },
        "2017-12": {
            "month": "2017-12",
            "price": "6.67",
            "revenue": 580041
        },
        "2018-01": {
            "month": "2018-01",
            "price": "6.96",
            "revenue": 532120
        },
        "2018-02": {
            "month": "2018-02",
            "price": "6.84",
            "revenue": 314170
        },
        "2018-03": {
            "month": "2018-03",
            "price": "7.33",
            "revenue": 501365
        },
        "2018-04": {
            "month": "2018-04",
            "price": "7.57",
            "revenue": 399185
        },
        "2018-05": {
            "month": "2018-05",
            "price": "7.23",
            "revenue": 439879
        },
        "2018-06": {
            "month": "2018-06",
            "price": "7.17",
            "revenue": 421386
        },
        "2018-07": {
            "month": "2018-07",
            "price": "7.08",
            "revenue": 656260
        },
        "2018-08": {
            "month": "2018-08",
            "price": "6.94",
            "revenue": 505474
        },
        "2018-09": {
            "month": "2018-09",
            "price": "6.89",
            "revenue": 534575
        },
        "2018-10": {
            "month": "2018-10",
            "price": "6.40",
            "revenue": 619106
        },
        "2018-11": {
            "month": "2018-11",
            "price": "11.82",
            "revenue": 655937
        },
        "2018-12": {
            "month": "2018-12",
            "price": "12.65",
            "revenue": 690617
        },
        "2019-01": {
            "month": "2019-01",
            "price": "12.47",
            "revenue": 659533
        },
        "2019-02": {
            "month": "2019-02",
            "price": "12.66",
            "revenue": 490323
        },
        "2019-03": {
            "month": "2019-03",
            "price": "13.42",
            "revenue": 653908
        },
        "2019-04": {
            "month": "2019-04",
            "price": "14.22",
            "revenue": 636823
        },
        "2019-05": {
            "month": "2019-05",
            "price": "14.23",
            "revenue": 556051
        },
        "2019-06": {
            "month": "2019-06",
            "price": "14.29",
            "revenue": 529304
        },
        "2019-07": {
            "month": "2019-07",
            "price": "14.23",
            "revenue": 526379
        },
        "2019-08": {
            "month": "2019-08",
            "price": "14.28",
            "revenue": 553296
        },
        "2019-09": {
            "month": "2019-09",
            "price": "14.09",
            "revenue": 603322
        },
        "2019-10": {
            "month": "2019-10",
            "price": "13.99",
            "revenue": 609377
        },
        "2019-11": {
            "month": "2019-11",
            "price": "14.00",
            "revenue": 632173
        },
        "2019-12": {
            "month": "2019-12",
            "price": "14.02",
            "revenue": 657034
        },
        "2020-01": {
            "month": "2020-01",
            "price": "13.89",
            "revenue": 456456
        },
        "2020-02": {
            "month": "2020-02",
            "price": "13.76",
            "revenue": 370950
        },
        "2020-03": {
            "month": "2020-03",
            "price": "12.81",
            "revenue": 486271
        },
        "2020-04": {
            "month": "2020-04",
            "price": "13.36",
            "revenue": 585496
        },
        "2020-05": {
            "month": "2020-05",
            "price": "13.58",
            "revenue": 545612
        },
        "2020-06": {
            "month": "2020-06",
            "price": "13.51",
            "revenue": 627298
        },
        "2020-07": {
            "month": "2020-07",
            "price": "13.07",
            "revenue": 622113
        },
        "2020-08": {
            "month": "2020-08",
            "price": "13.09",
            "revenue": 684438
        },
        "2020-09": {
            "month": "2020-09",
            "price": "13.19",
            "revenue": 709854
        },
        "2020-10": {
            "month": "2020-10",
            "price": "13.14",
            "revenue": 587564
        },
        "2020-11": {
            "month": "2020-11",
            "price": "13.07",
            "revenue": 829809
        },
        "2020-12": {
            "month": "2020-12",
            "price": "13.33",
            "revenue": 926805
        },
        "2021-01": {
            "month": "2021-01",
            "price": "13.63",
            "revenue": 807556
        },
        "2021-02": {
            "month": "2021-02",
            "price": "13.79",
            "revenue": 566179
        },
        "2021-03": {
            "month": "2021-03",
            "price": "13.75",
            "revenue": 810358
        },
        "2021-04": {
            "month": "2021-04",
            "price": "14.62",
            "revenue": 783043
        },
        "2021-05": {
            "month": "2021-05",
            "price": "14.49",
            "revenue": 790309
        },
        "2021-06": {
            "month": "2021-06",
            "price": "14.28",
            "revenue": 686781
        },
        "2021-07": {
            "month": "2021-07",
            "price": "15.66",
            "revenue": 797197
        },
        "2021-08": {
            "month": "2021-08",
            "price": "18.79",
            "revenue": 911941
        },
        "2021-09": {
            "month": "2021-09",
            "price": "28.02",
            "revenue": 997403
        },
        "2021-10": {
            "month": "2021-10",
            "price": "42.07",
            "revenue": 852118
        },
        "2021-11": {
            "month": "2021-11",
            "price": "63.02",
            "revenue": 1000784
        },
        "2021-12": {
            "month": "2021-12",
            "price": "81.95",
            "revenue": 1192374
        },
        "2022-01": {
            "month": "2022-01",
            "price": "66.94",
            "revenue": 1095766
        },
        "2022-02": {
            "month": "2022-02",
            "price": "67.65",
            "revenue": 819185
        },
        "2022-03": {
            "month": "2022-03",
            "price": "64.11",
            "revenue": 934126
        },
        "2022-04": {
            "month": "2022-04",
            "price": "60.27",
            "revenue": 1119616
        },
        "2022-05": {
            "month": "2022-05",
            "price": "49.63",
            "revenue": 1065793
        },
        "2022-06": {
            "month": "2022-06",
            "price": "50.34",
            "revenue": 939796
        },
        "2022-07": {
            "month": "2022-07",
            "price": "42.81",
            "revenue": 899239
        },
        "2022-08": {
            "month": "2022-08",
            "price": "46.85",
            "revenue": 1022756
        },
        "2022-09": {
            "month": "2022-09",
            "price": "45.20",
            "revenue": 1008516
        },
        "2022-10": {
            "month": "2022-10",
            "price": "34.82",
            "revenue": 1224765
        },
        "2022-11": {
            "month": "2022-11",
            "price": "38.20",
            "revenue": 1113026
        },
        "2022-12": {
            "month": "2022-12",
            "price": "40.07",
            "revenue": 1279696
        },
        "2023-01": {
            "month": "2023-01",
            "price": "39.01",
            "revenue": 745541
        },
        "2023-02": {
            "month": "2023-02",
            "price": "44.54",
            "revenue": 903786
        },
        "2023-03": {
            "month": "2023-03",
            "price": "48.75",
            "revenue": 1291629
        },
        "2023-04": {
            "month": "2023-04",
            "price": "57.41",
            "revenue": 1055448
        },
        "2023-05": {
            "month": "2023-05",
            "price": "62.99",
            "revenue": 1132127
        },
        "2023-06": {
            "month": "2023-06",
            "price": "67.08",
            "revenue": 1085419
        },
        "2023-07": {
            "month": "2023-07",
            "price": "63.81",
            "revenue": 1174523
        },
        "2023-08": {
            "month": "2023-08",
            "price": "57.55",
            "revenue": 1469166
        },
        "2023-09": {
            "month": "2023-09",
            "price": "58.87",
            "revenue": 1172977
        },
        "2023-10": {
            "month": "2023-10",
            "price": "65.36",
            "revenue": 1271617
        },
        "2023-11": {
            "month": "2023-11",
            "price": "69.86",
            "revenue": 1043008
        },
        "2023-12": {
            "month": "2023-12",
            "price": "61.13",
            "revenue": 899712
        }
    }
}
