{
    "summary": {
        "stock_name": "大聯大",
        "stock_id": "3702",
        "category": "電子通路",
        "main_business": "一般投資業<br>國際貿易業",
        "website_url": "http://www.wpgholdings.com",
        "ceo": "張蓉崗",
        "pe_ratio": 12,
        "report_year_from": 2005,
        "report_year_to": 2023,
        "age": 18,
        "eps_negative_percentage": 0,
        "eps_growth_avg": {
            "last_all": 10.88,
            "last_2y": 17.97,
            "last_4y": 9.56,
            "last_8y": 9.86,
            "last_12y": 4.63,
            "last_16y": null,
            "last_20y": null,
            "at_2006_last_3y": null,
            "at_2007_last_3y": null,
            "at_2008_last_3y": null,
            "at_2009_last_3y": null,
            "at_2010_last_3y": 23.94,
            "at_2011_last_3y": 2.07,
            "at_2012_last_3y": 6.41,
            "at_2013_last_3y": -7.15,
            "at_2014_last_3y": 2.76,
            "at_2015_last_3y": 0.96,
            "at_2016_last_3y": 4.77,
            "at_2017_last_3y": 10.24,
            "at_2018_last_3y": 5.58,
            "at_2019_last_3y": 4.98,
            "at_2020_last_3y": 11.5,
            "at_2021_last_3y": 14.19,
            "at_2022_last_3y": 11.22,
            "at_2023_last_3y": 11.22,
            "at_2006_last_all": null,
            "at_2007_last_all": null,
            "at_2008_last_all": 26.69,
            "at_2009_last_all": 37.96,
            "at_2010_last_all": 23.94,
            "at_2011_last_all": 19.28,
            "at_2012_last_all": 13.17,
            "at_2013_last_all": 12.18,
            "at_2014_last_all": 13.35,
            "at_2015_last_all": 11.14,
            "at_2016_last_all": 9.81,
            "at_2017_last_all": 11.47,
            "at_2018_last_all": 10.76,
            "at_2019_last_all": 9.24,
            "at_2020_last_all": 10.29,
            "at_2021_last_all": 12.2,
            "at_2022_last_all": 10.88,
            "at_2023_last_all": 10.88
        },
        "latest_eps": 4.62,
        "latest_price": 54.5,
        "latest_roe": 9.69,
        "latest_gross_margin": 3.88,
        "latest_equity": 82657380,
        "latest_revenue": 144753604,
        "latest_gross_profit": 5619228,
        "latest_net_income": 695609,
        "latest_debt_ratio": 70.89,
        "latest_current_ratio": 143.16,
        "latest_account_receivable_turnover_ratio": 1.31,
        "latest_inventory_turnover_ratio": 1.3,
        "latest_reinvestment_rate": 54.33,
        "latest_research_to_sale_ratio": null
    },
    "eps_dividends": {
        "2001": {
            "cash": 0,
            "stock": 0,
            "eps": 0
        },
        "2002": {
            "cash": 0,
            "stock": 0,
            "eps": 0
        },
        "2003": {
            "cash": 0,
            "stock": 0,
            "eps": 0
        },
        "2004": {
            "cash": 0,
            "stock": 0,
            "eps": 0
        },
        "2005": {
            "cash": 0,
            "stock": 0,
            "eps": 0
        },
        "2006": {
            "cash": 0.16,
            "stock": 0,
            "eps": 2.02
        },
        "2007": {
            "cash": 1.19,
            "stock": 0.5,
            "eps": 3.8
        },
        "2008": {
            "cash": 2.08,
            "stock": 0.3,
            "eps": 2.48
        },
        "2009": {
            "cash": 1.4,
            "stock": 0,
            "eps": 3.98
        },
        "2010": {
            "cash": 2,
            "stock": 1.8,
            "eps": 3.26
        },
        "2011": {
            "cash": 4.7,
            "stock": 0.9,
            "eps": 3.28
        },
        "2012": {
            "cash": 0,
            "stock": 0,
            "eps": 2.71
        },
        "2013": {
            "cash": 2.4,
            "stock": 0,
            "eps": 2.88
        },
        "2014": {
            "cash": 2.3,
            "stock": 0,
            "eps": 3.5
        },
        "2015": {
            "cash": 2.5,
            "stock": 0,
            "eps": 3.27
        },
        "2016": {
            "cash": 2.4,
            "stock": 0,
            "eps": 3.2
        },
        "2017": {
            "cash": 2.4,
            "stock": 0,
            "eps": 4.1
        },
        "2018": {
            "cash": 2.4,
            "stock": 0,
            "eps": 4.22
        },
        "2019": {
            "cash": 2.7,
            "stock": 0,
            "eps": 3.84
        },
        "2020": {
            "cash": 2.4,
            "stock": 0,
            "eps": 4.76
        },
        "2021": {
            "cash": 3.1,
            "stock": 0,
            "eps": 6.61
        },
        "2022": {
            "cash": 3.5,
            "stock": 0,
            "eps": 6.02
        },
        "2023": {
            "cash": 3.85,
            "stock": 0,
            "eps": 0.41
        }
    },
    "dividends": {
        "2006-04-25": {
            "cash": 0.16,
            "stock": 0
        },
        "2007-04-24": {
            "cash": 1.19,
            "stock": 0.5
        },
        "2008-04-29": {
            "cash": 2.08,
            "stock": 0.3
        },
        "2009-04-28": {
            "cash": 1.4,
            "stock": 0
        },
        "2010-04-27": {
            "cash": 2,
            "stock": 1.8
        },
        "2011-01-01": {
            "cash": 2.6,
            "stock": 0
        },
        "2011-04-26": {
            "cash": 2.1,
            "stock": 0.9
        },
        "2013-04-30": {
            "cash": 2.4,
            "stock": 0
        },
        "2014-09-10": {
            "cash": 2.3,
            "stock": 0
        },
        "2015-09-04": {
            "cash": 2.5,
            "stock": 0
        },
        "2016-08-30": {
            "cash": 2.4,
            "stock": 0
        },
        "2017-09-08": {
            "cash": 2.4,
            "stock": 0
        },
        "2018-08-24": {
            "cash": 2.4,
            "stock": 0
        },
        "2019-04-30": {
            "cash": 2.7,
            "stock": 0
        },
        "2020-08-28": {
            "cash": 2.4,
            "stock": 0
        },
        "2021-08-31": {
            "cash": 3.1,
            "stock": 0
        },
        "2022-08-15": {
            "cash": 3.5,
            "stock": 0
        },
        "2023-03-28": {
            "cash": 3.85,
            "stock": 0
        }
    },
    "prices": {
        "200101": "無",
        "200102": "無",
        "200103": "無",
        "200104": "無",
        "200105": "無",
        "200106": "無",
        "200107": "無",
        "200108": "無",
        "200109": "無",
        "200110": "無",
        "200111": "無",
        "200112": "無",
        "200201": "無",
        "200202": "無",
        "200203": "無",
        "200204": "無",
        "200205": "無",
        "200206": "無",
        "200207": "無",
        "200208": "無",
        "200209": "無",
        "200210": "無",
        "200211": "無",
        "200212": "無",
        "200301": "無",
        "200302": "無",
        "200303": "無",
        "200304": "無",
        "200305": "無",
        "200306": "無",
        "200307": "無",
        "200308": "無",
        "200309": "無",
        "200310": "無",
        "200311": "無",
        "200312": "無",
        "200401": "無",
        "200402": "無",
        "200403": "無",
        "200404": "無",
        "200405": "無",
        "200406": "無",
        "200407": "無",
        "200408": "無",
        "200409": "無",
        "200410": "無",
        "200411": "無",
        "200412": "無",
        "200501": "無",
        "200502": "無",
        "200503": "無",
        "200504": "無",
        "200505": "無",
        "200506": "無",
        "200507": "無",
        "200508": "無",
        "200509": "無",
        "200510": "無",
        "200511": "11.90",
        "200512": "11.52",
        "200601": "11.74",
        "200602": "10.76",
        "200603": "9.55",
        "200604": "9.79",
        "200605": "10.75",
        "200606": "9.79",
        "200607": "10.63",
        "200608": "11.54",
        "200609": "11.46",
        "200610": "13.07",
        "200611": "15.38",
        "200612": "18.05",
        "200701": "17.56",
        "200702": "17.08",
        "200703": "17.74",
        "200704": "20.16",
        "200705": "22.47",
        "200706": "24.84",
        "200707": "29.37",
        "200708": "35.71",
        "200709": "42.93",
        "200710": "45.62",
        "200711": "44.76",
        "200712": "36.59",
        "200801": "32.70",
        "200802": "32.28",
        "200803": "38.88",
        "200804": "44.31",
        "200805": "41.64",
        "200806": "33.36",
        "200807": "35.76",
        "200808": "35.22",
        "200809": "28.39",
        "200810": "22.01",
        "200811": "15.10",
        "200812": "15.03",
        "200901": "17.44",
        "200902": "18.71",
        "200903": "21.73",
        "200904": "25.33",
        "200905": "31.56",
        "200906": "31.14",
        "200907": "35.60",
        "200908": "41.20",
        "200909": "44.35",
        "200910": "47.12",
        "200911": "46.56",
        "200912": "51.23",
        "201001": "53.51",
        "201002": "50.36",
        "201003": "52.73",
        "201004": "61.23",
        "201005": "60.33",
        "201006": "62.43",
        "201007": "63.54",
        "201008": "64.90",
        "201009": "62.69",
        "201010": "60.01",
        "201011": "53.68",
        "201012": "57.45",
        "201101": "57.36",
        "201102": "53.86",
        "201103": "49.26",
        "201104": "52.22",
        "201105": "52.43",
        "201106": "48.79",
        "201107": "47.82",
        "201108": "45.38",
        "201109": "39.78",
        "201110": "35.89",
        "201111": "33.52",
        "201112": "33.08",
        "201201": "36.60",
        "201202": "40.53",
        "201203": "41.08",
        "201204": "39.14",
        "201205": "37.60",
        "201206": "34.97",
        "201207": "34.32",
        "201208": "34.26",
        "201209": "37.73",
        "201210": "37.94",
        "201211": "36.10",
        "201212": "38.72",
        "201301": "39.26",
        "201302": "35.23",
        "201303": "33.71",
        "201304": "34.64",
        "201305": "35.75",
        "201306": "34.76",
        "201307": "36.07",
        "201308": "34.83",
        "201309": "35.18",
        "201310": "35.28",
        "201311": "33.32",
        "201312": "33.56",
        "201401": "35.25",
        "201402": "35.32",
        "201403": "36.32",
        "201404": "36.95",
        "201405": "39.51",
        "201406": "42.08",
        "201407": "40.88",
        "201408": "38.80",
        "201409": "38.01",
        "201410": "36.10",
        "201411": "35.39",
        "201412": "35.68",
        "201501": "37.38",
        "201502": "40.15",
        "201503": "40.34",
        "201504": "39.26",
        "201505": "39.01",
        "201506": "38.25",
        "201507": "37.39",
        "201508": "31.15",
        "201509": "32.12",
        "201510": "33.75",
        "201511": "32.99",
        "201512": "31.53",
        "201601": "30.75",
        "201602": "32.88",
        "201603": "34.34",
        "201604": "34.04",
        "201605": "34.33",
        "201606": "37.02",
        "201607": "39.56",
        "201608": "38.49",
        "201609": "37.02",
        "201610": "36.98",
        "201611": "37.92",
        "201612": "38.18",
        "201701": "37.62",
        "201702": "38.61",
        "201703": "38.86",
        "201704": "37.91",
        "201705": "39.98",
        "201706": "40.47",
        "201707": "41.56",
        "201708": "40.61",
        "201709": "39.78",
        "201710": "41.76",
        "201711": "41.74",
        "201712": "39.72",
        "201801": "39.94",
        "201802": "37.17",
        "201803": "37.61",
        "201804": "39.26",
        "201805": "42.02",
        "201806": "43.62",
        "201807": "43.10",
        "201808": "39.64",
        "201809": "37.91",
        "201810": "37.53",
        "201811": "36.91",
        "201812": "36.60",
        "201901": "38.05",
        "201902": "39.05",
        "201903": "39.54",
        "201904": "40.46",
        "201905": "39.47",
        "201906": "39.78",
        "201907": "41.22",
        "201908": "39.64",
        "201909": "39.28",
        "201910": "37.78",
        "201911": "38.30",
        "201912": "38.65",
        "202001": "38.57",
        "202002": "38.70",
        "202003": "36.18",
        "202004": "37.18",
        "202005": "38.80",
        "202006": "39.60",
        "202007": "42.39",
        "202008": "40.61",
        "202009": "39.56",
        "202010": "39.31",
        "202011": "40.08",
        "202012": "42.25",
        "202101": "43.57",
        "202102": "44.33",
        "202103": "46.86",
        "202104": "48.92",
        "202105": "49.78",
        "202106": "50.78",
        "202107": "54.79",
        "202108": "50.15",
        "202109": "48.27",
        "202110": "49.84",
        "202111": "51.35",
        "202112": "50.86",
        "202201": "53.35",
        "202202": "55.72",
        "202203": "56.83",
        "202204": "55.60",
        "202205": "54.43",
        "202206": "56.09",
        "202207": "51.19",
        "202208": "50.70",
        "202209": "49.59",
        "202210": "45.83",
        "202211": "46.30",
        "202212": "47.95",
        "202301": "47.65",
        "202302": "49.24",
        "202303": "49.13",
        "202304": "50.12",
        "202305": "51.18",
        "202306": "53.89"
    },
    "quarters": {
        "20011": {
            "year_quarter": 20011,
            "year": 2001,
            "quarter": 1,
            "eps": null,
            "eps_growth_year": null,
            "eps_4q": null,
            "eps_4q_growth_year": null,
            "roe": null,
            "roe_4q": 0,
            "gross_profit": null,
            "gross_margin": null,
            "gross_margin_4q_avg": 0,
            "net_income": null,
            "revenue": null,
            "common_shares": null,
            "book_valuer_per_share": null,
            "book_valuer_per_share_4q_avg": 0,
            "equity": null,
            "current_ratio": null,
            "debt_ratio": null,
            "inventory_turnover_ratio": null,
            "account_receivable_turnover_ratio": null,
            "reinvestment_rate": null,
            "research_to_sale_ratio": null,
            "price_fair": 0,
            "eps_avg_yearly": 0,
            "eps_latest_yearly": 0,
            "eps_growth_yearly": 0
        },
        "20012": {
            "year_quarter": 20012,
            "year": 2001,
            "quarter": 2,
            "eps": null,
            "eps_growth_year": null,
            "eps_4q": null,
            "eps_4q_growth_year": null,
            "roe": null,
            "roe_4q": 0,
            "gross_profit": null,
            "gross_margin": null,
            "gross_margin_4q_avg": 0,
            "net_income": null,
            "revenue": null,
            "common_shares": null,
            "book_valuer_per_share": null,
            "book_valuer_per_share_4q_avg": 0,
            "equity": null,
            "current_ratio": null,
            "debt_ratio": null,
            "inventory_turnover_ratio": null,
            "account_receivable_turnover_ratio": null,
            "reinvestment_rate": null,
            "research_to_sale_ratio": null,
            "price_fair": 0,
            "eps_avg_yearly": 0,
            "eps_latest_yearly": 0,
            "eps_growth_yearly": 0
        },
        "20013": {
            "year_quarter": 20013,
            "year": 2001,
            "quarter": 3,
            "eps": null,
            "eps_growth_year": null,
            "eps_4q": null,
            "eps_4q_growth_year": null,
            "roe": null,
            "roe_4q": 0,
            "gross_profit": null,
            "gross_margin": null,
            "gross_margin_4q_avg": 0,
            "net_income": null,
            "revenue": null,
            "common_shares": null,
            "book_valuer_per_share": null,
            "book_valuer_per_share_4q_avg": 0,
            "equity": null,
            "current_ratio": null,
            "debt_ratio": null,
            "inventory_turnover_ratio": null,
            "account_receivable_turnover_ratio": null,
            "reinvestment_rate": null,
            "research_to_sale_ratio": null,
            "price_fair": 0,
            "eps_avg_yearly": 0,
            "eps_latest_yearly": 0,
            "eps_growth_yearly": 0
        },
        "20014": {
            "year_quarter": 20014,
            "year": 2001,
            "quarter": 4,
            "eps": null,
            "eps_growth_year": null,
            "eps_4q": null,
            "eps_4q_growth_year": null,
            "roe": null,
            "roe_4q": 0,
            "gross_profit": null,
            "gross_margin": null,
            "gross_margin_4q_avg": 0,
            "net_income": null,
            "revenue": null,
            "common_shares": null,
            "book_valuer_per_share": null,
            "book_valuer_per_share_4q_avg": 0,
            "equity": null,
            "current_ratio": null,
            "debt_ratio": null,
            "inventory_turnover_ratio": null,
            "account_receivable_turnover_ratio": null,
            "reinvestment_rate": null,
            "research_to_sale_ratio": null,
            "price_fair": 0,
            "eps_avg_yearly": 0,
            "eps_latest_yearly": 0,
            "eps_growth_yearly": 0
        },
        "20021": {
            "year_quarter": 20021,
            "year": 2002,
            "quarter": 1,
            "eps": null,
            "eps_growth_year": null,
            "eps_4q": null,
            "eps_4q_growth_year": null,
            "roe": null,
            "roe_4q": 0,
            "gross_profit": null,
            "gross_margin": null,
            "gross_margin_4q_avg": 0,
            "net_income": null,
            "revenue": null,
            "common_shares": null,
            "book_valuer_per_share": null,
            "book_valuer_per_share_4q_avg": 0,
            "equity": null,
            "current_ratio": null,
            "debt_ratio": null,
            "inventory_turnover_ratio": null,
            "account_receivable_turnover_ratio": null,
            "reinvestment_rate": null,
            "research_to_sale_ratio": null,
            "price_fair": 0,
            "eps_avg_yearly": 0,
            "eps_latest_yearly": 0,
            "eps_growth_yearly": 0
        },
        "20022": {
            "year_quarter": 20022,
            "year": 2002,
            "quarter": 2,
            "eps": null,
            "eps_growth_year": null,
            "eps_4q": null,
            "eps_4q_growth_year": null,
            "roe": null,
            "roe_4q": 0,
            "gross_profit": null,
            "gross_margin": null,
            "gross_margin_4q_avg": 0,
            "net_income": null,
            "revenue": null,
            "common_shares": null,
            "book_valuer_per_share": null,
            "book_valuer_per_share_4q_avg": 0,
            "equity": null,
            "current_ratio": null,
            "debt_ratio": null,
            "inventory_turnover_ratio": null,
            "account_receivable_turnover_ratio": null,
            "reinvestment_rate": null,
            "research_to_sale_ratio": null,
            "price_fair": 0,
            "eps_avg_yearly": 0,
            "eps_latest_yearly": 0,
            "eps_growth_yearly": 0
        },
        "20023": {
            "year_quarter": 20023,
            "year": 2002,
            "quarter": 3,
            "eps": null,
            "eps_growth_year": null,
            "eps_4q": null,
            "eps_4q_growth_year": null,
            "roe": null,
            "roe_4q": 0,
            "gross_profit": null,
            "gross_margin": null,
            "gross_margin_4q_avg": 0,
            "net_income": null,
            "revenue": null,
            "common_shares": null,
            "book_valuer_per_share": null,
            "book_valuer_per_share_4q_avg": 0,
            "equity": null,
            "current_ratio": null,
            "debt_ratio": null,
            "inventory_turnover_ratio": null,
            "account_receivable_turnover_ratio": null,
            "reinvestment_rate": null,
            "research_to_sale_ratio": null,
            "price_fair": 0,
            "eps_avg_yearly": 0,
            "eps_latest_yearly": 0,
            "eps_growth_yearly": 0
        },
        "20024": {
            "year_quarter": 20024,
            "year": 2002,
            "quarter": 4,
            "eps": null,
            "eps_growth_year": null,
            "eps_4q": null,
            "eps_4q_growth_year": null,
            "roe": null,
            "roe_4q": 0,
            "gross_profit": null,
            "gross_margin": null,
            "gross_margin_4q_avg": 0,
            "net_income": null,
            "revenue": null,
            "common_shares": null,
            "book_valuer_per_share": null,
            "book_valuer_per_share_4q_avg": 0,
            "equity": null,
            "current_ratio": null,
            "debt_ratio": null,
            "inventory_turnover_ratio": null,
            "account_receivable_turnover_ratio": null,
            "reinvestment_rate": null,
            "research_to_sale_ratio": null,
            "price_fair": 0,
            "eps_avg_yearly": 0,
            "eps_latest_yearly": 0,
            "eps_growth_yearly": 0
        },
        "20031": {
            "year_quarter": 20031,
            "year": 2003,
            "quarter": 1,
            "eps": null,
            "eps_growth_year": null,
            "eps_4q": null,
            "eps_4q_growth_year": null,
            "roe": null,
            "roe_4q": 0,
            "gross_profit": null,
            "gross_margin": null,
            "gross_margin_4q_avg": 0,
            "net_income": null,
            "revenue": null,
            "common_shares": null,
            "book_valuer_per_share": null,
            "book_valuer_per_share_4q_avg": 0,
            "equity": null,
            "current_ratio": null,
            "debt_ratio": null,
            "inventory_turnover_ratio": null,
            "account_receivable_turnover_ratio": null,
            "reinvestment_rate": null,
            "research_to_sale_ratio": null,
            "price_fair": 0,
            "eps_avg_yearly": 0,
            "eps_latest_yearly": 0,
            "eps_growth_yearly": 0
        },
        "20032": {
            "year_quarter": 20032,
            "year": 2003,
            "quarter": 2,
            "eps": null,
            "eps_growth_year": null,
            "eps_4q": null,
            "eps_4q_growth_year": null,
            "roe": null,
            "roe_4q": 0,
            "gross_profit": null,
            "gross_margin": null,
            "gross_margin_4q_avg": 0,
            "net_income": null,
            "revenue": null,
            "common_shares": null,
            "book_valuer_per_share": null,
            "book_valuer_per_share_4q_avg": 0,
            "equity": null,
            "current_ratio": null,
            "debt_ratio": null,
            "inventory_turnover_ratio": null,
            "account_receivable_turnover_ratio": null,
            "reinvestment_rate": null,
            "research_to_sale_ratio": null,
            "price_fair": 0,
            "eps_avg_yearly": 0,
            "eps_latest_yearly": 0,
            "eps_growth_yearly": 0
        },
        "20033": {
            "year_quarter": 20033,
            "year": 2003,
            "quarter": 3,
            "eps": null,
            "eps_growth_year": null,
            "eps_4q": null,
            "eps_4q_growth_year": null,
            "roe": null,
            "roe_4q": 0,
            "gross_profit": null,
            "gross_margin": null,
            "gross_margin_4q_avg": 0,
            "net_income": null,
            "revenue": null,
            "common_shares": null,
            "book_valuer_per_share": null,
            "book_valuer_per_share_4q_avg": 0,
            "equity": null,
            "current_ratio": null,
            "debt_ratio": null,
            "inventory_turnover_ratio": null,
            "account_receivable_turnover_ratio": null,
            "reinvestment_rate": null,
            "research_to_sale_ratio": null,
            "price_fair": 0,
            "eps_avg_yearly": 0,
            "eps_latest_yearly": 0,
            "eps_growth_yearly": 0
        },
        "20034": {
            "year_quarter": 20034,
            "year": 2003,
            "quarter": 4,
            "eps": null,
            "eps_growth_year": null,
            "eps_4q": null,
            "eps_4q_growth_year": null,
            "roe": null,
            "roe_4q": 0,
            "gross_profit": null,
            "gross_margin": null,
            "gross_margin_4q_avg": 0,
            "net_income": null,
            "revenue": null,
            "common_shares": null,
            "book_valuer_per_share": null,
            "book_valuer_per_share_4q_avg": 0,
            "equity": null,
            "current_ratio": null,
            "debt_ratio": null,
            "inventory_turnover_ratio": null,
            "account_receivable_turnover_ratio": null,
            "reinvestment_rate": null,
            "research_to_sale_ratio": null,
            "price_fair": 0,
            "eps_avg_yearly": 0,
            "eps_latest_yearly": 0,
            "eps_growth_yearly": 0
        },
        "20041": {
            "year_quarter": 20041,
            "year": 2004,
            "quarter": 1,
            "eps": null,
            "eps_growth_year": null,
            "eps_4q": null,
            "eps_4q_growth_year": null,
            "roe": null,
            "roe_4q": 0,
            "gross_profit": null,
            "gross_margin": null,
            "gross_margin_4q_avg": 0,
            "net_income": null,
            "revenue": null,
            "common_shares": null,
            "book_valuer_per_share": null,
            "book_valuer_per_share_4q_avg": 0,
            "equity": null,
            "current_ratio": null,
            "debt_ratio": null,
            "inventory_turnover_ratio": null,
            "account_receivable_turnover_ratio": null,
            "reinvestment_rate": null,
            "research_to_sale_ratio": null,
            "price_fair": 0,
            "eps_avg_yearly": 0,
            "eps_latest_yearly": 0,
            "eps_growth_yearly": 0
        },
        "20042": {
            "year_quarter": 20042,
            "year": 2004,
            "quarter": 2,
            "eps": null,
            "eps_growth_year": null,
            "eps_4q": null,
            "eps_4q_growth_year": null,
            "roe": null,
            "roe_4q": 0,
            "gross_profit": null,
            "gross_margin": null,
            "gross_margin_4q_avg": 0,
            "net_income": null,
            "revenue": null,
            "common_shares": null,
            "book_valuer_per_share": null,
            "book_valuer_per_share_4q_avg": 0,
            "equity": null,
            "current_ratio": null,
            "debt_ratio": null,
            "inventory_turnover_ratio": null,
            "account_receivable_turnover_ratio": null,
            "reinvestment_rate": null,
            "research_to_sale_ratio": null,
            "price_fair": 0,
            "eps_avg_yearly": 0,
            "eps_latest_yearly": 0,
            "eps_growth_yearly": 0
        },
        "20043": {
            "year_quarter": 20043,
            "year": 2004,
            "quarter": 3,
            "eps": null,
            "eps_growth_year": null,
            "eps_4q": null,
            "eps_4q_growth_year": null,
            "roe": null,
            "roe_4q": 0,
            "gross_profit": null,
            "gross_margin": null,
            "gross_margin_4q_avg": 0,
            "net_income": null,
            "revenue": null,
            "common_shares": null,
            "book_valuer_per_share": null,
            "book_valuer_per_share_4q_avg": 0,
            "equity": null,
            "current_ratio": null,
            "debt_ratio": null,
            "inventory_turnover_ratio": null,
            "account_receivable_turnover_ratio": null,
            "reinvestment_rate": null,
            "research_to_sale_ratio": null,
            "price_fair": 0,
            "eps_avg_yearly": 0,
            "eps_latest_yearly": 0,
            "eps_growth_yearly": 0
        },
        "20044": {
            "year_quarter": 20044,
            "year": 2004,
            "quarter": 4,
            "eps": null,
            "eps_growth_year": null,
            "eps_4q": null,
            "eps_4q_growth_year": null,
            "roe": null,
            "roe_4q": 0,
            "gross_profit": null,
            "gross_margin": null,
            "gross_margin_4q_avg": 0,
            "net_income": null,
            "revenue": null,
            "common_shares": null,
            "book_valuer_per_share": null,
            "book_valuer_per_share_4q_avg": 0,
            "equity": null,
            "current_ratio": null,
            "debt_ratio": null,
            "inventory_turnover_ratio": null,
            "account_receivable_turnover_ratio": null,
            "reinvestment_rate": null,
            "research_to_sale_ratio": null,
            "price_fair": 0,
            "eps_avg_yearly": 0,
            "eps_latest_yearly": 0,
            "eps_growth_yearly": 0
        },
        "20051": {
            "year_quarter": 20051,
            "year": 2005,
            "quarter": 1,
            "eps": null,
            "eps_growth_year": null,
            "eps_4q": null,
            "eps_4q_growth_year": null,
            "roe": null,
            "roe_4q": 0,
            "gross_profit": null,
            "gross_margin": null,
            "gross_margin_4q_avg": 0,
            "net_income": null,
            "revenue": null,
            "common_shares": null,
            "book_valuer_per_share": null,
            "book_valuer_per_share_4q_avg": 0,
            "equity": null,
            "current_ratio": null,
            "debt_ratio": null,
            "inventory_turnover_ratio": null,
            "account_receivable_turnover_ratio": null,
            "reinvestment_rate": null,
            "research_to_sale_ratio": null,
            "price_fair": 0,
            "eps_avg_yearly": 0,
            "eps_latest_yearly": 0,
            "eps_growth_yearly": 0
        },
        "20052": {
            "year_quarter": 20052,
            "year": 2005,
            "quarter": 2,
            "eps": null,
            "eps_growth_year": null,
            "eps_4q": null,
            "eps_4q_growth_year": null,
            "roe": null,
            "roe_4q": 0,
            "gross_profit": null,
            "gross_margin": null,
            "gross_margin_4q_avg": 0,
            "net_income": null,
            "revenue": null,
            "common_shares": null,
            "book_valuer_per_share": null,
            "book_valuer_per_share_4q_avg": 0,
            "equity": null,
            "current_ratio": null,
            "debt_ratio": null,
            "inventory_turnover_ratio": null,
            "account_receivable_turnover_ratio": null,
            "reinvestment_rate": null,
            "research_to_sale_ratio": null,
            "price_fair": 0,
            "eps_avg_yearly": 0,
            "eps_latest_yearly": 0,
            "eps_growth_yearly": 0
        },
        "20053": {
            "year_quarter": 20053,
            "year": 2005,
            "quarter": 3,
            "eps": null,
            "eps_growth_year": null,
            "eps_4q": null,
            "eps_4q_growth_year": null,
            "roe": null,
            "roe_4q": 0,
            "gross_profit": null,
            "gross_margin": null,
            "gross_margin_4q_avg": 0,
            "net_income": null,
            "revenue": null,
            "common_shares": null,
            "book_valuer_per_share": null,
            "book_valuer_per_share_4q_avg": 0,
            "equity": null,
            "current_ratio": null,
            "debt_ratio": null,
            "inventory_turnover_ratio": null,
            "account_receivable_turnover_ratio": null,
            "reinvestment_rate": null,
            "research_to_sale_ratio": null,
            "price_fair": 0,
            "eps_avg_yearly": 0,
            "eps_latest_yearly": 0,
            "eps_growth_yearly": 0
        },
        "20054": {
            "year_quarter": 20054,
            "year": 2005,
            "quarter": 4,
            "eps": null,
            "eps_growth_year": null,
            "eps_4q": null,
            "eps_4q_growth_year": null,
            "roe": null,
            "roe_4q": 0,
            "gross_profit": null,
            "gross_margin": null,
            "gross_margin_4q_avg": 0,
            "net_income": null,
            "revenue": null,
            "common_shares": 6932020,
            "book_valuer_per_share": 16.17,
            "book_valuer_per_share_4q_avg": 4.04,
            "equity": 11569089,
            "current_ratio": 149.7,
            "debt_ratio": 72.94,
            "inventory_turnover_ratio": null,
            "account_receivable_turnover_ratio": null,
            "reinvestment_rate": null,
            "research_to_sale_ratio": null,
            "price_fair": 0,
            "eps_avg_yearly": 0,
            "eps_latest_yearly": 0,
            "eps_growth_yearly": 0
        },
        "20061": {
            "year_quarter": 20061,
            "year": 2006,
            "quarter": 1,
            "eps": 0.31,
            "eps_growth_year": null,
            "eps_4q": null,
            "eps_4q_growth_year": null,
            "roe": 1.8,
            "roe_4q": 1.8,
            "gross_profit": 1500382,
            "gross_margin": 5.41,
            "gross_margin_4q_avg": 1.35,
            "net_income": 207935,
            "revenue": 27747895,
            "common_shares": 6932020,
            "book_valuer_per_share": 16.25,
            "book_valuer_per_share_4q_avg": 8.11,
            "equity": 11555240,
            "current_ratio": 149.71,
            "debt_ratio": 71.4,
            "inventory_turnover_ratio": 1.8,
            "account_receivable_turnover_ratio": null,
            "reinvestment_rate": null,
            "research_to_sale_ratio": null,
            "price_fair": 0,
            "eps_avg_yearly": 0,
            "eps_latest_yearly": 0,
            "eps_growth_yearly": 0
        },
        "20062": {
            "year_quarter": 20062,
            "year": 2006,
            "quarter": 2,
            "eps": 0.47,
            "eps_growth_year": null,
            "eps_4q": null,
            "eps_4q_growth_year": null,
            "roe": 2.81,
            "roe_4q": 4.61,
            "gross_profit": 1733115,
            "gross_margin": 6.44,
            "gross_margin_4q_avg": 2.96,
            "net_income": 325792,
            "revenue": 26894986,
            "common_shares": 6932020,
            "book_valuer_per_share": 16.4,
            "book_valuer_per_share_4q_avg": 12.21,
            "equity": 11657929,
            "current_ratio": 160.91,
            "debt_ratio": 69.39,
            "inventory_turnover_ratio": 1.71,
            "account_receivable_turnover_ratio": null,
            "reinvestment_rate": null,
            "research_to_sale_ratio": null,
            "price_fair": 65.8,
            "eps_avg_yearly": 1.88,
            "eps_latest_yearly": 1.88,
            "eps_growth_yearly": 206.45
        },
        "20063": {
            "year_quarter": 20063,
            "year": 2006,
            "quarter": 3,
            "eps": 0.81,
            "eps_growth_year": null,
            "eps_4q": null,
            "eps_4q_growth_year": null,
            "roe": 4.85,
            "roe_4q": 9.46,
            "gross_profit": 2118119,
            "gross_margin": 6.47,
            "gross_margin_4q_avg": 4.58,
            "net_income": 579988,
            "revenue": 32751405,
            "common_shares": 6932020,
            "book_valuer_per_share": 17.24,
            "book_valuer_per_share_4q_avg": 16.52,
            "equity": 12262983,
            "current_ratio": 156.23,
            "debt_ratio": 70.08,
            "inventory_turnover_ratio": 2.2,
            "account_receivable_turnover_ratio": null,
            "reinvestment_rate": null,
            "research_to_sale_ratio": null,
            "price_fair": 89.6,
            "eps_avg_yearly": 2.56,
            "eps_latest_yearly": 3.24,
            "eps_growth_yearly": 247.91
        },
        "20064": {
            "year_quarter": 20064,
            "year": 2006,
            "quarter": 4,
            "eps": 0.43,
            "eps_growth_year": null,
            "eps_4q": 2.03,
            "eps_4q_growth_year": null,
            "roe": 2.41,
            "roe_4q": 11.870000000000001,
            "gross_profit": 1691258,
            "gross_margin": 5.89,
            "gross_margin_4q_avg": 6.05,
            "net_income": 293999,
            "revenue": 28729586,
            "common_shares": 6702942,
            "book_valuer_per_share": 17.59,
            "book_valuer_per_share_4q_avg": 16.87,
            "equity": 12114690,
            "current_ratio": 177.4,
            "debt_ratio": 67.56,
            "inventory_turnover_ratio": 2.09,
            "account_receivable_turnover_ratio": null,
            "reinvestment_rate": null,
            "research_to_sale_ratio": null,
            "price_fair": 79.8,
            "eps_avg_yearly": 2.28,
            "eps_latest_yearly": 1.72,
            "eps_growth_yearly": 102.72
        },
        "20071": {
            "year_quarter": 20071,
            "year": 2007,
            "quarter": 1,
            "eps": 0.62,
            "eps_growth_year": 100,
            "eps_4q": 2.35,
            "eps_4q_growth_year": null,
            "roe": 3.33,
            "roe_4q": 13.4,
            "gross_profit": 1779830,
            "gross_margin": 6.35,
            "gross_margin_4q_avg": 6.29,
            "net_income": 413699,
            "revenue": 28022261,
            "common_shares": 6709434,
            "book_valuer_per_share": 18.47,
            "book_valuer_per_share_4q_avg": 17.43,
            "equity": 12726144,
            "current_ratio": 176.58,
            "debt_ratio": 67.24,
            "inventory_turnover_ratio": 1.99,
            "account_receivable_turnover_ratio": null,
            "reinvestment_rate": null,
            "research_to_sale_ratio": null,
            "price_fair": 81.55,
            "eps_avg_yearly": 2.33,
            "eps_latest_yearly": 2.48,
            "eps_growth_yearly": 121.23
        },
        "20072": {
            "year_quarter": 20072,
            "year": 2007,
            "quarter": 2,
            "eps": 0.87,
            "eps_growth_year": 85.11,
            "eps_4q": 2.63,
            "eps_4q_growth_year": null,
            "roe": 4.82,
            "roe_4q": 15.41,
            "gross_profit": 1986526,
            "gross_margin": 5.93,
            "gross_margin_4q_avg": 6.16,
            "net_income": 606914,
            "revenue": 33476041,
            "common_shares": 6709434,
            "book_valuer_per_share": 18.11,
            "book_valuer_per_share_4q_avg": 17.85,
            "equity": 12465842,
            "current_ratio": 161.49,
            "debt_ratio": 70.68,
            "inventory_turnover_ratio": 2.24,
            "account_receivable_turnover_ratio": null,
            "reinvestment_rate": null,
            "research_to_sale_ratio": null,
            "price_fair": 89.6,
            "eps_avg_yearly": 2.56,
            "eps_latest_yearly": 3.48,
            "eps_growth_yearly": 129.24
        },
        "20073": {
            "year_quarter": 20073,
            "year": 2007,
            "quarter": 3,
            "eps": 1.32,
            "eps_growth_year": 62.96,
            "eps_4q": 3.12,
            "eps_4q_growth_year": null,
            "roe": 7.09,
            "roe_4q": 17.65,
            "gross_profit": 2461938,
            "gross_margin": 5.84,
            "gross_margin_4q_avg": 6,
            "net_income": 918877,
            "revenue": 42192817,
            "common_shares": 7163503,
            "book_valuer_per_share": 18.28,
            "book_valuer_per_share_4q_avg": 18.11,
            "equity": 13471769,
            "current_ratio": 152.96,
            "debt_ratio": 72.18,
            "inventory_turnover_ratio": 2.77,
            "account_receivable_turnover_ratio": null,
            "reinvestment_rate": null,
            "research_to_sale_ratio": null,
            "price_fair": 105.47,
            "eps_avg_yearly": 3.01,
            "eps_latest_yearly": 5.28,
            "eps_growth_yearly": 142.18
        },
        "20074": {
            "year_quarter": 20074,
            "year": 2007,
            "quarter": 4,
            "eps": 0.99,
            "eps_growth_year": 130.23,
            "eps_4q": 3.67,
            "eps_4q_growth_year": 81.01,
            "roe": 4.95,
            "roe_4q": 20.189999999999998,
            "gross_profit": 2208171,
            "gross_margin": 5.62,
            "gross_margin_4q_avg": 5.94,
            "net_income": 691041,
            "revenue": 39283039,
            "common_shares": 7186330,
            "book_valuer_per_share": 19.66,
            "book_valuer_per_share_4q_avg": 18.63,
            "equity": 14425055,
            "current_ratio": 158.7,
            "debt_ratio": 69.54,
            "inventory_turnover_ratio": 2.49,
            "account_receivable_turnover_ratio": null,
            "reinvestment_rate": null,
            "research_to_sale_ratio": null,
            "price_fair": 110.2,
            "eps_avg_yearly": 3.15,
            "eps_latest_yearly": 3.96,
            "eps_growth_yearly": 107.58
        },
        "20081": {
            "year_quarter": 20081,
            "year": 2008,
            "quarter": 1,
            "eps": 0.63,
            "eps_growth_year": 1.61,
            "eps_4q": 3.49,
            "eps_4q_growth_year": 48.67,
            "roe": 3.3,
            "roe_4q": 20.16,
            "gross_profit": 1932826,
            "gross_margin": 5.56,
            "gross_margin_4q_avg": 5.74,
            "net_income": 472257,
            "revenue": 34753945,
            "common_shares": 7199156,
            "book_valuer_per_share": 19.14,
            "book_valuer_per_share_4q_avg": 18.8,
            "equity": 14202514,
            "current_ratio": 162.32,
            "debt_ratio": 68.48,
            "inventory_turnover_ratio": 2.14,
            "account_receivable_turnover_ratio": null,
            "reinvestment_rate": null,
            "research_to_sale_ratio": null,
            "price_fair": 107.45,
            "eps_avg_yearly": 3.07,
            "eps_latest_yearly": 2.52,
            "eps_growth_yearly": 75.95
        },
        "20082": {
            "year_quarter": 20082,
            "year": 2008,
            "quarter": 2,
            "eps": 0.73,
            "eps_growth_year": -16.09,
            "eps_4q": 3.45,
            "eps_4q_growth_year": 31.2,
            "roe": 4.05,
            "roe_4q": 19.39,
            "gross_profit": 2003107,
            "gross_margin": 5.78,
            "gross_margin_4q_avg": 5.7,
            "net_income": 545616,
            "revenue": 34670369,
            "common_shares": 7199156,
            "book_valuer_per_share": 17.53,
            "book_valuer_per_share_4q_avg": 18.65,
            "equity": 12714048,
            "current_ratio": 147.48,
            "debt_ratio": 69.98,
            "inventory_turnover_ratio": 2.22,
            "account_receivable_turnover_ratio": null,
            "reinvestment_rate": null,
            "research_to_sale_ratio": null,
            "price_fair": 106.87,
            "eps_avg_yearly": 3.05,
            "eps_latest_yearly": 2.92,
            "eps_growth_yearly": 74.57
        },
        "20083": {
            "year_quarter": 20083,
            "year": 2008,
            "quarter": 3,
            "eps": 1.06,
            "eps_growth_year": -19.7,
            "eps_4q": 3.27,
            "eps_4q_growth_year": 4.64,
            "roe": 5.89,
            "roe_4q": 18.189999999999998,
            "gross_profit": 2398628,
            "gross_margin": 5.73,
            "gross_margin_4q_avg": 5.67,
            "net_income": 803494,
            "revenue": 41874108,
            "common_shares": 7747292,
            "book_valuer_per_share": 18.62,
            "book_valuer_per_share_4q_avg": 18.74,
            "equity": 14553259,
            "current_ratio": 148.41,
            "debt_ratio": 71.99,
            "inventory_turnover_ratio": 2.6,
            "account_receivable_turnover_ratio": null,
            "reinvestment_rate": null,
            "research_to_sale_ratio": null,
            "price_fair": 111.02,
            "eps_avg_yearly": 3.17,
            "eps_latest_yearly": 4.24,
            "eps_growth_yearly": 85.19
        },
        "20084": {
            "year_quarter": 20084,
            "year": 2008,
            "quarter": 4,
            "eps": 0.06,
            "eps_growth_year": -93.94,
            "eps_4q": 3.56,
            "eps_4q_growth_year": -2.89,
            "roe": 0.21,
            "roe_4q": 13.45,
            "gross_profit": 1646554,
            "gross_margin": 5.16,
            "gross_margin_4q_avg": 5.56,
            "net_income": 31011,
            "revenue": 31918777,
            "common_shares": 7749863,
            "book_valuer_per_share": 18.92,
            "book_valuer_per_share_4q_avg": 18.55,
            "equity": 14757717,
            "current_ratio": 155.61,
            "debt_ratio": 65.29,
            "inventory_turnover_ratio": 1.98,
            "account_receivable_turnover_ratio": null,
            "reinvestment_rate": null,
            "research_to_sale_ratio": null,
            "price_fair": 101.69,
            "eps_avg_yearly": 2.91,
            "eps_latest_yearly": 0.24,
            "eps_growth_yearly": 43.14
        },
        "20091": {
            "year_quarter": 20091,
            "year": 2009,
            "quarter": 1,
            "eps": 0.64,
            "eps_growth_year": 1.59,
            "eps_4q": 2.28,
            "eps_4q_growth_year": -34.76,
            "roe": 3.18,
            "roe_4q": 13.329999999999998,
            "gross_profit": 2099517,
            "gross_margin": 5.65,
            "gross_margin_4q_avg": 5.58,
            "net_income": 542433,
            "revenue": 37189181,
            "common_shares": 7749863,
            "book_valuer_per_share": 24.85,
            "book_valuer_per_share_4q_avg": 19.98,
            "equity": 19353088,
            "current_ratio": 166.46,
            "debt_ratio": 61.75,
            "inventory_turnover_ratio": 2.34,
            "account_receivable_turnover_ratio": null,
            "reinvestment_rate": null,
            "research_to_sale_ratio": null,
            "price_fair": 100.68,
            "eps_avg_yearly": 2.88,
            "eps_latest_yearly": 2.56,
            "eps_growth_yearly": 361.77
        },
        "20092": {
            "year_quarter": 20092,
            "year": 2009,
            "quarter": 2,
            "eps": 0.91,
            "eps_growth_year": 24.66,
            "eps_4q": 2.48,
            "eps_4q_growth_year": -28.08,
            "roe": 4.24,
            "roe_4q": 13.52,
            "gross_profit": 2749532,
            "gross_margin": 5.84,
            "gross_margin_4q_avg": 5.6,
            "net_income": 800048,
            "revenue": 47096198,
            "common_shares": 8926299,
            "book_valuer_per_share": 20.48,
            "book_valuer_per_share_4q_avg": 20.72,
            "equity": 18376426,
            "current_ratio": 153.17,
            "debt_ratio": 66.17,
            "inventory_turnover_ratio": 2.9,
            "account_receivable_turnover_ratio": 3.69,
            "reinvestment_rate": null,
            "research_to_sale_ratio": null,
            "price_fair": 102.74,
            "eps_avg_yearly": 2.94,
            "eps_latest_yearly": 3.64,
            "eps_growth_yearly": 346.92
        },
        "20093": {
            "year_quarter": 20093,
            "year": 2009,
            "quarter": 3,
            "eps": 1.48,
            "eps_growth_year": 39.62,
            "eps_4q": 3.02,
            "eps_4q_growth_year": -7.67,
            "roe": 6.94,
            "roe_4q": 14.57,
            "gross_profit": 3318645,
            "gross_margin": 5.62,
            "gross_margin_4q_avg": 5.57,
            "net_income": 1311454,
            "revenue": 59077439,
            "common_shares": 8937726,
            "book_valuer_per_share": 21.62,
            "book_valuer_per_share_4q_avg": 21.47,
            "equity": 19431355,
            "current_ratio": 147.18,
            "debt_ratio": 68.56,
            "inventory_turnover_ratio": 3.66,
            "account_receivable_turnover_ratio": 2.07,
            "reinvestment_rate": null,
            "research_to_sale_ratio": null,
            "price_fair": 110.2,
            "eps_avg_yearly": 3.15,
            "eps_latest_yearly": 5.92,
            "eps_growth_yearly": 340.04
        },
        "20094": {
            "year_quarter": 20094,
            "year": 2009,
            "quarter": 4,
            "eps": 0.95,
            "eps_growth_year": 1483.33,
            "eps_4q": 3.89,
            "eps_4q_growth_year": 9.07,
            "roe": 4.28,
            "roe_4q": 18.64,
            "gross_profit": 2938580,
            "gross_margin": 5.5,
            "gross_margin_4q_avg": 5.65,
            "net_income": 849058,
            "revenue": 53410713,
            "common_shares": 8944123,
            "book_valuer_per_share": 22.52,
            "book_valuer_per_share_4q_avg": 22.37,
            "equity": 20244183,
            "current_ratio": 164.17,
            "debt_ratio": 66.21,
            "inventory_turnover_ratio": 3.21,
            "account_receivable_turnover_ratio": 1.73,
            "reinvestment_rate": -0.51,
            "research_to_sale_ratio": null,
            "price_fair": 111.72,
            "eps_avg_yearly": 3.19,
            "eps_latest_yearly": 3.8,
            "eps_growth_yearly": 307.82
        },
        "20101": {
            "year_quarter": 20101,
            "year": 2010,
            "quarter": 1,
            "eps": null,
            "eps_growth_year": null,
            "eps_4q": null,
            "eps_4q_growth_year": null,
            "roe": null,
            "roe_4q": 15.46,
            "gross_profit": 3393579,
            "gross_margin": null,
            "gross_margin_4q_avg": 4.24,
            "net_income": 1263800,
            "revenue": 58047467,
            "common_shares": 8946256,
            "book_valuer_per_share": 23.73,
            "book_valuer_per_share_4q_avg": 22.09,
            "equity": 21316043,
            "current_ratio": 154.85,
            "debt_ratio": 68.34,
            "inventory_turnover_ratio": null,
            "account_receivable_turnover_ratio": null,
            "reinvestment_rate": null,
            "research_to_sale_ratio": null,
            "price_fair": 111.72,
            "eps_avg_yearly": 3.19,
            "eps_latest_yearly": 3.8,
            "eps_growth_yearly": 307.82
        },
        "20102": {
            "year_quarter": 20102,
            "year": 2010,
            "quarter": 2,
            "eps": 1.4,
            "eps_growth_year": 54.01,
            "eps_4q": 3.43,
            "eps_4q_growth_year": 38.24,
            "roe": 6.96,
            "roe_4q": 18.18,
            "gross_profit": 3787116,
            "gross_margin": 6.08,
            "gross_margin_4q_avg": 4.3,
            "net_income": 1479789,
            "revenue": 62323766,
            "common_shares": 8946256,
            "book_valuer_per_share": 23.62,
            "book_valuer_per_share_4q_avg": 22.87,
            "equity": 21224597,
            "current_ratio": 147.03,
            "debt_ratio": 71.78,
            "inventory_turnover_ratio": 2.67,
            "account_receivable_turnover_ratio": 3.25,
            "reinvestment_rate": 6.7,
            "research_to_sale_ratio": null,
            "price_fair": 115,
            "eps_avg_yearly": 3.29,
            "eps_latest_yearly": 3.8,
            "eps_growth_yearly": 315.06
        },
        "20103": {
            "year_quarter": 20103,
            "year": 2010,
            "quarter": 3,
            "eps": 1.19,
            "eps_growth_year": -19.47,
            "eps_4q": 3.39,
            "eps_4q_growth_year": 12.32,
            "roe": 5.88,
            "roe_4q": 17.12,
            "gross_profit": 3691723,
            "gross_margin": 5.52,
            "gross_margin_4q_avg": 4.28,
            "net_income": 1264752,
            "revenue": 66858050,
            "common_shares": 10560480,
            "book_valuer_per_share": 20.6,
            "book_valuer_per_share_4q_avg": 22.62,
            "equity": 21818517,
            "current_ratio": 140.65,
            "debt_ratio": 71.09,
            "inventory_turnover_ratio": 2.66,
            "account_receivable_turnover_ratio": 1.76,
            "reinvestment_rate": 6.82,
            "research_to_sale_ratio": null,
            "price_fair": 118.8,
            "eps_avg_yearly": 3.39,
            "eps_latest_yearly": 4.76,
            "eps_growth_yearly": 290.11
        },
        "20104": {
            "year_quarter": 20104,
            "year": 2010,
            "quarter": 4,
            "eps": 0.67,
            "eps_growth_year": -29.36,
            "eps_4q": 2.56,
            "eps_4q_growth_year": -34.23,
            "roe": 3.38,
            "roe_4q": 16.22,
            "gross_profit": 3734101,
            "gross_margin": 5.34,
            "gross_margin_4q_avg": 4.24,
            "net_income": 941076,
            "revenue": 69987911,
            "common_shares": 14530735,
            "book_valuer_per_share": 23.29,
            "book_valuer_per_share_4q_avg": 22.81,
            "equity": 33909610,
            "current_ratio": 145.38,
            "debt_ratio": 64.03,
            "inventory_turnover_ratio": 2.45,
            "account_receivable_turnover_ratio": 1.89,
            "reinvestment_rate": 23.77,
            "research_to_sale_ratio": null,
            "price_fair": 121.2,
            "eps_avg_yearly": 3.46,
            "eps_latest_yearly": 2.68,
            "eps_growth_yearly": 291.03
        },
        "20111": {
            "year_quarter": 20111,
            "year": 2011,
            "quarter": 1,
            "eps": 0.91,
            "eps_growth_year": null,
            "eps_4q": 3.46,
            "eps_4q_growth_year": null,
            "roe": 3.81,
            "roe_4q": 20.03,
            "gross_profit": 4357678,
            "gross_margin": 5.46,
            "gross_margin_4q_avg": 5.6,
            "net_income": 1322077,
            "revenue": 79775683,
            "common_shares": 14530735,
            "book_valuer_per_share": 24.39,
            "book_valuer_per_share_4q_avg": 22.98,
            "equity": 35500061,
            "current_ratio": 143.03,
            "debt_ratio": 65.62,
            "inventory_turnover_ratio": 2.38,
            "account_receivable_turnover_ratio": 1.99,
            "reinvestment_rate": 21.51,
            "research_to_sale_ratio": null,
            "price_fair": 124.1,
            "eps_avg_yearly": 3.55,
            "eps_latest_yearly": 3.64,
            "eps_growth_yearly": 288.64
        },
        "20112": {
            "year_quarter": 20112,
            "year": 2011,
            "quarter": 2,
            "eps": 0.93,
            "eps_growth_year": -33.3,
            "eps_4q": 3.18,
            "eps_4q_growth_year": -7.25,
            "roe": 4.28,
            "roe_4q": 17.349999999999998,
            "gross_profit": 4729515,
            "gross_margin": 5.73,
            "gross_margin_4q_avg": 5.51,
            "net_income": 1484083,
            "revenue": 82523508,
            "common_shares": 14530735,
            "book_valuer_per_share": 22.82,
            "book_valuer_per_share_4q_avg": 22.78,
            "equity": 33898106,
            "current_ratio": 135.74,
            "debt_ratio": 69.43,
            "inventory_turnover_ratio": 2.2,
            "account_receivable_turnover_ratio": 1.79,
            "reinvestment_rate": 19.2,
            "research_to_sale_ratio": null,
            "price_fair": 124.7,
            "eps_avg_yearly": 3.56,
            "eps_latest_yearly": 3.72,
            "eps_growth_yearly": 277.74
        },
        "20113": {
            "year_quarter": 20113,
            "year": 2011,
            "quarter": 3,
            "eps": 0.86,
            "eps_growth_year": -27.95,
            "eps_4q": 3.24,
            "eps_4q_growth_year": -4.38,
            "roe": 3.83,
            "roe_4q": 15.3,
            "gross_profit": 4767852,
            "gross_margin": 5.42,
            "gross_margin_4q_avg": 5.49,
            "net_income": 1361614,
            "revenue": 87916719,
            "common_shares": 15838501,
            "book_valuer_per_share": 23,
            "book_valuer_per_share_4q_avg": 23.38,
            "equity": 37135451,
            "current_ratio": 142.09,
            "debt_ratio": 69.34,
            "inventory_turnover_ratio": 2.16,
            "account_receivable_turnover_ratio": 1.71,
            "reinvestment_rate": 18.66,
            "research_to_sale_ratio": null,
            "price_fair": 120.1,
            "eps_avg_yearly": 3.43,
            "eps_latest_yearly": 3.44,
            "eps_growth_yearly": 260.81
        },
        "20114": {
            "year_quarter": 20114,
            "year": 2011,
            "quarter": 4,
            "eps": 0.58,
            "eps_growth_year": -13.24,
            "eps_4q": 3.21,
            "eps_4q_growth_year": 25.51,
            "roe": 2.44,
            "roe_4q": 14.360000000000001,
            "gross_profit": 4173777,
            "gross_margin": 5.08,
            "gross_margin_4q_avg": 5.42,
            "net_income": 916258,
            "revenue": 82106681,
            "common_shares": 15838501,
            "book_valuer_per_share": 23.43,
            "book_valuer_per_share_4q_avg": 23.41,
            "equity": 37813246,
            "current_ratio": 146.9,
            "debt_ratio": 65.32,
            "inventory_turnover_ratio": 2.11,
            "account_receivable_turnover_ratio": 1.62,
            "reinvestment_rate": 24.17,
            "research_to_sale_ratio": null,
            "price_fair": 116,
            "eps_avg_yearly": 3.31,
            "eps_latest_yearly": 2.32,
            "eps_growth_yearly": 258.65
        },
        "20121": {
            "year_quarter": 20121,
            "year": 2012,
            "quarter": 1,
            "eps": 0.58,
            "eps_growth_year": -36.26,
            "eps_4q": 2.84,
            "eps_4q_growth_year": -17.98,
            "roe": 2.38,
            "roe_4q": 12.93,
            "gross_profit": 4160077,
            "gross_margin": 5.15,
            "gross_margin_4q_avg": 5.35,
            "net_income": 929963,
            "revenue": 80853804,
            "common_shares": 16557092,
            "book_valuer_per_share": 23.89,
            "book_valuer_per_share_4q_avg": 23.29,
            "equity": 40276511,
            "current_ratio": 146.15,
            "debt_ratio": 65.53,
            "inventory_turnover_ratio": 2.17,
            "account_receivable_turnover_ratio": 1.64,
            "reinvestment_rate": 26.3,
            "research_to_sale_ratio": null,
            "price_fair": 115.5,
            "eps_avg_yearly": 3.3,
            "eps_latest_yearly": 2.32,
            "eps_growth_yearly": 269.04
        },
        "20122": {
            "year_quarter": 20122,
            "year": 2012,
            "quarter": 2,
            "eps": 0.73,
            "eps_growth_year": -22.03,
            "eps_4q": 2.67,
            "eps_4q_growth_year": -15.82,
            "roe": 3.13,
            "roe_4q": 11.78,
            "gross_profit": 4783389,
            "gross_margin": 5.26,
            "gross_margin_4q_avg": 5.23,
            "net_income": 1206376,
            "revenue": 90960739,
            "common_shares": 16557092,
            "book_valuer_per_share": 22.27,
            "book_valuer_per_share_4q_avg": 23.15,
            "equity": 36926721,
            "current_ratio": 135.44,
            "debt_ratio": 69.77,
            "inventory_turnover_ratio": 2.28,
            "account_receivable_turnover_ratio": 1.69,
            "reinvestment_rate": 29.27,
            "research_to_sale_ratio": null,
            "price_fair": 115.5,
            "eps_avg_yearly": 3.3,
            "eps_latest_yearly": 2.92,
            "eps_growth_yearly": 271.9
        },
        "20123": {
            "year_quarter": 20123,
            "year": 2012,
            "quarter": 3,
            "eps": 0.83,
            "eps_growth_year": -3.49,
            "eps_4q": 2.68,
            "eps_4q_growth_year": -17.26,
            "roe": 3.69,
            "roe_4q": 11.639999999999999,
            "gross_profit": 4916065,
            "gross_margin": 5,
            "gross_margin_4q_avg": 5.12,
            "net_income": 1373956,
            "revenue": 98339607,
            "common_shares": 16557092,
            "book_valuer_per_share": 22.68,
            "book_valuer_per_share_4q_avg": 23.07,
            "equity": 37608880,
            "current_ratio": 135.75,
            "debt_ratio": 70.04,
            "inventory_turnover_ratio": 2.46,
            "account_receivable_turnover_ratio": 1.68,
            "reinvestment_rate": 30.24,
            "research_to_sale_ratio": null,
            "price_fair": 113.2,
            "eps_avg_yearly": 3.23,
            "eps_latest_yearly": 3.32,
            "eps_growth_yearly": 262.9
        },
        "20124": {
            "year_quarter": 20124,
            "year": 2012,
            "quarter": 4,
            "eps": 0.57,
            "eps_growth_year": -1.69,
            "eps_4q": 2.7,
            "eps_4q_growth_year": -15.91,
            "roe": 2.5,
            "roe_4q": 11.7,
            "gross_profit": 4235080,
            "gross_margin": 4.68,
            "gross_margin_4q_avg": 5.02,
            "net_income": 947927,
            "revenue": 90460009,
            "common_shares": 16557092,
            "book_valuer_per_share": 23.04,
            "book_valuer_per_share_4q_avg": 22.97,
            "equity": 38207421,
            "current_ratio": 143.22,
            "debt_ratio": 68.07,
            "inventory_turnover_ratio": 2.46,
            "account_receivable_turnover_ratio": 1.5,
            "reinvestment_rate": 28.74,
            "research_to_sale_ratio": null,
            "price_fair": 118.3,
            "eps_avg_yearly": 3.38,
            "eps_latest_yearly": 2.28,
            "eps_growth_yearly": 280.9
        },
        "20131": {
            "year_quarter": 20131,
            "year": 2013,
            "quarter": 1,
            "eps": 0.63,
            "eps_growth_year": 8.62,
            "eps_4q": 2.76,
            "eps_4q_growth_year": -2.87,
            "roe": 2.66,
            "roe_4q": 11.98,
            "gross_profit": 4215740,
            "gross_margin": 4.87,
            "gross_margin_4q_avg": 4.95,
            "net_income": 1040260,
            "revenue": 86563382,
            "common_shares": 16557092,
            "book_valuer_per_share": 24.21,
            "book_valuer_per_share_4q_avg": 23.05,
            "equity": 40143622,
            "current_ratio": 141.89,
            "debt_ratio": 67.9,
            "inventory_turnover_ratio": 2.36,
            "account_receivable_turnover_ratio": 1.44,
            "reinvestment_rate": 32.58,
            "research_to_sale_ratio": null,
            "price_fair": 59.84,
            "eps_avg_yearly": 3.38,
            "eps_latest_yearly": 2.52,
            "eps_growth_yearly": 7.72
        },
        "20132": {
            "year_quarter": 20132,
            "year": 2013,
            "quarter": 2,
            "eps": 0.83,
            "eps_growth_year": 13.87,
            "eps_4q": 2.86,
            "eps_4q_growth_year": 6.98,
            "roe": 3.54,
            "roe_4q": 12.389999999999999,
            "gross_profit": 4810169,
            "gross_margin": 4.78,
            "gross_margin_4q_avg": 4.83,
            "net_income": 1378073,
            "revenue": 100651207,
            "common_shares": 16557092,
            "book_valuer_per_share": 22.78,
            "book_valuer_per_share_4q_avg": 23.18,
            "equity": 37769916,
            "current_ratio": 134.11,
            "debt_ratio": 71.44,
            "inventory_turnover_ratio": 2.54,
            "account_receivable_turnover_ratio": 1.58,
            "reinvestment_rate": 32.69,
            "research_to_sale_ratio": null,
            "price_fair": 49.42,
            "eps_avg_yearly": 3.35,
            "eps_latest_yearly": 3.32,
            "eps_growth_yearly": 4.73
        },
        "20133": {
            "year_quarter": 20133,
            "year": 2013,
            "quarter": 3,
            "eps": 0.81,
            "eps_growth_year": -2.27,
            "eps_4q": 2.84,
            "eps_4q_growth_year": 5.82,
            "roe": 3.5,
            "roe_4q": 12.2,
            "gross_profit": 5007395,
            "gross_margin": 4.65,
            "gross_margin_4q_avg": 4.75,
            "net_income": 1334858,
            "revenue": 107756563,
            "common_shares": 16557092,
            "book_valuer_per_share": 23.27,
            "book_valuer_per_share_4q_avg": 23.33,
            "equity": 38581348,
            "current_ratio": 130.45,
            "debt_ratio": 71.93,
            "inventory_turnover_ratio": 2.59,
            "account_receivable_turnover_ratio": 1.59,
            "reinvestment_rate": 33.92,
            "research_to_sale_ratio": null,
            "price_fair": 9.49,
            "eps_avg_yearly": 3.16,
            "eps_latest_yearly": 3.24,
            "eps_growth_yearly": -13.85
        },
        "20134": {
            "year_quarter": 20134,
            "year": 2013,
            "quarter": 4,
            "eps": 0.61,
            "eps_growth_year": 6.07,
            "eps_4q": 2.87,
            "eps_4q_growth_year": 6.51,
            "roe": 2.56,
            "roe_4q": 12.260000000000002,
            "gross_profit": 4505009,
            "gross_margin": 4.05,
            "gross_margin_4q_avg": 4.59,
            "net_income": 1006541,
            "revenue": 111284879,
            "common_shares": 16557092,
            "book_valuer_per_share": 24.09,
            "book_valuer_per_share_4q_avg": 23.59,
            "equity": 39936638,
            "current_ratio": 132.52,
            "debt_ratio": 70.44,
            "inventory_turnover_ratio": 2.84,
            "account_receivable_turnover_ratio": 1.58,
            "reinvestment_rate": 27.41,
            "research_to_sale_ratio": null,
            "price_fair": 9.2,
            "eps_avg_yearly": 3.07,
            "eps_latest_yearly": 2.44,
            "eps_growth_yearly": -10.67
        },
        "20141": {
            "year_quarter": 20141,
            "year": 2014,
            "quarter": 1,
            "eps": 0.84,
            "eps_growth_year": 33.33,
            "eps_4q": 3.09,
            "eps_4q_growth_year": 11.95,
            "roe": 3.39,
            "roe_4q": 12.989999999999998,
            "gross_profit": 4807115,
            "gross_margin": 4.7,
            "gross_margin_4q_avg": 4.55,
            "net_income": 1395543,
            "revenue": 102341579,
            "common_shares": 16557092,
            "book_valuer_per_share": 25.51,
            "book_valuer_per_share_4q_avg": 23.91,
            "equity": 42299472,
            "current_ratio": 134.93,
            "debt_ratio": 70.17,
            "inventory_turnover_ratio": 2.55,
            "account_receivable_turnover_ratio": 1.44,
            "reinvestment_rate": 26.55,
            "research_to_sale_ratio": null,
            "price_fair": 30.85,
            "eps_avg_yearly": 3.09,
            "eps_latest_yearly": 3.36,
            "eps_growth_yearly": 0.09
        },
        "20142": {
            "year_quarter": 20142,
            "year": 2014,
            "quarter": 2,
            "eps": 0.91,
            "eps_growth_year": 9.64,
            "eps_4q": 3.17,
            "eps_4q_growth_year": 10.73,
            "roe": 3.72,
            "roe_4q": 13.17,
            "gross_profit": 5306066,
            "gross_margin": 4.67,
            "gross_margin_4q_avg": 4.52,
            "net_income": 1512079,
            "revenue": 113705833,
            "common_shares": 16557092,
            "book_valuer_per_share": 23.54,
            "book_valuer_per_share_4q_avg": 24.1,
            "equity": 39027891,
            "current_ratio": 129.54,
            "debt_ratio": 73,
            "inventory_turnover_ratio": 2.6,
            "account_receivable_turnover_ratio": 1.59,
            "reinvestment_rate": 22.16,
            "research_to_sale_ratio": null,
            "price_fair": 37.97,
            "eps_avg_yearly": 3.12,
            "eps_latest_yearly": 3.64,
            "eps_growth_yearly": 2.17
        },
        "20143": {
            "year_quarter": 20143,
            "year": 2014,
            "quarter": 3,
            "eps": 0.94,
            "eps_growth_year": 16.05,
            "eps_4q": 3.3,
            "eps_4q_growth_year": 16.34,
            "roe": 3.86,
            "roe_4q": 13.530000000000001,
            "gross_profit": 5312548,
            "gross_margin": 4.45,
            "gross_margin_4q_avg": 4.47,
            "net_income": 1558060,
            "revenue": 119348828,
            "common_shares": 16557092,
            "book_valuer_per_share": 25.15,
            "book_valuer_per_share_4q_avg": 24.57,
            "equity": 41704864,
            "current_ratio": 140.88,
            "debt_ratio": 73.55,
            "inventory_turnover_ratio": 2.54,
            "account_receivable_turnover_ratio": 1.56,
            "reinvestment_rate": 19.36,
            "research_to_sale_ratio": null,
            "price_fair": 51.2,
            "eps_avg_yearly": 3.06,
            "eps_latest_yearly": 3.76,
            "eps_growth_yearly": 6.74
        },
        "20144": {
            "year_quarter": 20144,
            "year": 2014,
            "quarter": 4,
            "eps": 0.81,
            "eps_growth_year": 33.88,
            "eps_4q": 3.51,
            "eps_4q_growth_year": 22.09,
            "roe": 3.1,
            "roe_4q": 14.07,
            "gross_profit": 5058076,
            "gross_margin": 4.32,
            "gross_margin_4q_avg": 4.54,
            "net_income": 1346831,
            "revenue": 117075758,
            "common_shares": 16557092,
            "book_valuer_per_share": 27.21,
            "book_valuer_per_share_4q_avg": 25.35,
            "equity": 45120070,
            "current_ratio": 145.9,
            "debt_ratio": 71.86,
            "inventory_turnover_ratio": 2.36,
            "account_receivable_turnover_ratio": 1.44,
            "reinvestment_rate": 9.11,
            "research_to_sale_ratio": null,
            "price_fair": 74.87,
            "eps_avg_yearly": 3.09,
            "eps_latest_yearly": 3.24,
            "eps_growth_yearly": 14.21
        },
        "20151": {
            "year_quarter": 20151,
            "year": 2015,
            "quarter": 1,
            "eps": 0.84,
            "eps_growth_year": 0,
            "eps_4q": 3.51,
            "eps_4q_growth_year": 13.61,
            "roe": 3.07,
            "roe_4q": 13.75,
            "gross_profit": 4814231,
            "gross_margin": 4.46,
            "gross_margin_4q_avg": 4.48,
            "net_income": 1399045,
            "revenue": 108014005,
            "common_shares": 16557092,
            "book_valuer_per_share": 27.68,
            "book_valuer_per_share_4q_avg": 25.9,
            "equity": 45909027,
            "current_ratio": 147.05,
            "debt_ratio": 70.89,
            "inventory_turnover_ratio": 2.01,
            "account_receivable_turnover_ratio": 1.4,
            "reinvestment_rate": 9.54,
            "research_to_sale_ratio": null,
            "price_fair": 49.76,
            "eps_avg_yearly": 3.08,
            "eps_latest_yearly": 3.36,
            "eps_growth_yearly": 6.18
        },
        "20152": {
            "year_quarter": 20152,
            "year": 2015,
            "quarter": 2,
            "eps": 0.7,
            "eps_growth_year": -23.08,
            "eps_4q": 3.3,
            "eps_4q_growth_year": 4.07,
            "roe": 2.64,
            "roe_4q": 12.67,
            "gross_profit": 5374738,
            "gross_margin": 4.32,
            "gross_margin_4q_avg": 4.39,
            "net_income": 1164380,
            "revenue": 124452633,
            "common_shares": 16557092,
            "book_valuer_per_share": 25.31,
            "book_valuer_per_share_4q_avg": 26.34,
            "equity": 42420487,
            "current_ratio": 138.09,
            "debt_ratio": 74.56,
            "inventory_turnover_ratio": 2.15,
            "account_receivable_turnover_ratio": 1.62,
            "reinvestment_rate": 9.35,
            "research_to_sale_ratio": null,
            "price_fair": 34.6,
            "eps_avg_yearly": 3.02,
            "eps_latest_yearly": 2.8,
            "eps_growth_yearly": 1.47
        },
        "20153": {
            "year_quarter": 20153,
            "year": 2015,
            "quarter": 3,
            "eps": 0.98,
            "eps_growth_year": 4.26,
            "eps_4q": 3.33,
            "eps_4q_growth_year": 1,
            "roe": 3.6,
            "roe_4q": 12.41,
            "gross_profit": 5682388,
            "gross_margin": 4.05,
            "gross_margin_4q_avg": 4.29,
            "net_income": 1617897,
            "revenue": 140469149,
            "common_shares": 16557092,
            "book_valuer_per_share": 28.3,
            "book_valuer_per_share_4q_avg": 27.13,
            "equity": 47414122,
            "current_ratio": 138.02,
            "debt_ratio": 74.82,
            "inventory_turnover_ratio": 2.31,
            "account_receivable_turnover_ratio": 1.61,
            "reinvestment_rate": 8.85,
            "research_to_sale_ratio": null,
            "price_fair": 71.15,
            "eps_avg_yearly": 3.05,
            "eps_latest_yearly": 3.92,
            "eps_growth_yearly": 13.35
        },
        "20154": {
            "year_quarter": 20154,
            "year": 2015,
            "quarter": 4,
            "eps": 0.75,
            "eps_growth_year": -7.48,
            "eps_4q": 3.27,
            "eps_4q_growth_year": -6.66,
            "roe": 2.62,
            "roe_4q": 11.930000000000001,
            "gross_profit": 5578892,
            "gross_margin": 3.91,
            "gross_margin_4q_avg": 4.19,
            "net_income": 1254610,
            "revenue": 142600702,
            "common_shares": 16557092,
            "book_valuer_per_share": 28.85,
            "book_valuer_per_share_4q_avg": 27.54,
            "equity": 48317758,
            "current_ratio": 148.3,
            "debt_ratio": 73.01,
            "inventory_turnover_ratio": 2.47,
            "account_receivable_turnover_ratio": 1.54,
            "reinvestment_rate": 4.62,
            "research_to_sale_ratio": null,
            "price_fair": 79.17,
            "eps_avg_yearly": 3.09,
            "eps_latest_yearly": 3,
            "eps_growth_yearly": 15.62
        },
        "20161": {
            "year_quarter": 20161,
            "year": 2016,
            "quarter": 1,
            "eps": 0.94,
            "eps_growth_year": 11.9,
            "eps_4q": 3.37,
            "eps_4q_growth_year": -3.96,
            "roe": 3.22,
            "roe_4q": 12.08,
            "gross_profit": 5171611,
            "gross_margin": 4.26,
            "gross_margin_4q_avg": 4.14,
            "net_income": 1560371,
            "revenue": 121532749,
            "common_shares": 16557092,
            "book_valuer_per_share": 29.02,
            "book_valuer_per_share_4q_avg": 27.87,
            "equity": 48573167,
            "current_ratio": 151.92,
            "debt_ratio": 71.02,
            "inventory_turnover_ratio": 2.19,
            "account_receivable_turnover_ratio": 1.44,
            "reinvestment_rate": 2.5,
            "research_to_sale_ratio": null,
            "price_fair": 101.61,
            "eps_avg_yearly": 3.18,
            "eps_latest_yearly": 3.76,
            "eps_growth_yearly": 21.95
        },
        "20162": {
            "year_quarter": 20162,
            "year": 2016,
            "quarter": 2,
            "eps": 0.94,
            "eps_growth_year": 34.29,
            "eps_4q": 3.61,
            "eps_4q_growth_year": 9.37,
            "roe": 3.29,
            "roe_4q": 12.729999999999999,
            "gross_profit": 5719212,
            "gross_margin": 4.28,
            "gross_margin_4q_avg": 4.13,
            "net_income": 1557531,
            "revenue": 133759319,
            "common_shares": 16557092,
            "book_valuer_per_share": 27.56,
            "book_valuer_per_share_4q_avg": 28.43,
            "equity": 46133042,
            "current_ratio": 145.77,
            "debt_ratio": 73.16,
            "inventory_turnover_ratio": 2.33,
            "account_receivable_turnover_ratio": 1.64,
            "reinvestment_rate": -0.83,
            "research_to_sale_ratio": null,
            "price_fair": 82.39,
            "eps_avg_yearly": 3.23,
            "eps_latest_yearly": 3.76,
            "eps_growth_yearly": 15.49
        },
        "20163": {
            "year_quarter": 20163,
            "year": 2016,
            "quarter": 3,
            "eps": 1.12,
            "eps_growth_year": 14.29,
            "eps_4q": 3.67,
            "eps_4q_growth_year": 10.2,
            "roe": 4,
            "roe_4q": 13.129999999999999,
            "gross_profit": 5930908,
            "gross_margin": 4.17,
            "gross_margin_4q_avg": 4.16,
            "net_income": 1873198,
            "revenue": 142258767,
            "common_shares": 16927825,
            "book_valuer_per_share": 27.72,
            "book_valuer_per_share_4q_avg": 28.29,
            "equity": 47416826,
            "current_ratio": 133.69,
            "debt_ratio": 73.29,
            "inventory_turnover_ratio": 2.6,
            "account_receivable_turnover_ratio": 1.58,
            "reinvestment_rate": -1.16,
            "research_to_sale_ratio": null,
            "price_fair": 88.74,
            "eps_avg_yearly": 3.31,
            "eps_latest_yearly": 4.48,
            "eps_growth_yearly": 16.85
        },
        "20164": {
            "year_quarter": 20164,
            "year": 2016,
            "quarter": 4,
            "eps": 0.2,
            "eps_growth_year": -73.97,
            "eps_4q": 3.08,
            "eps_4q_growth_year": -5.88,
            "roe": 0.74,
            "roe_4q": 11.250000000000002,
            "gross_profit": 5774088,
            "gross_margin": 4.14,
            "gross_margin_4q_avg": 4.21,
            "net_income": 359498,
            "revenue": 139367978,
            "common_shares": 17238954,
            "book_valuer_per_share": 28.89,
            "book_valuer_per_share_4q_avg": 28.3,
            "equity": 50317449,
            "current_ratio": 135.15,
            "debt_ratio": 71.89,
            "inventory_turnover_ratio": 2.65,
            "account_receivable_turnover_ratio": 1.49,
            "reinvestment_rate": -2.13,
            "research_to_sale_ratio": null,
            "price_fair": 45.44,
            "eps_avg_yearly": 3.21,
            "eps_latest_yearly": 0.8,
            "eps_growth_yearly": 4.15
        },
        "20171": {
            "year_quarter": 20171,
            "year": 2017,
            "quarter": 1,
            "eps": 1.07,
            "eps_growth_year": 13.83,
            "eps_4q": 3.22,
            "eps_4q_growth_year": -4.51,
            "roe": 3.76,
            "roe_4q": 11.79,
            "gross_profit": 5168124,
            "gross_margin": 4.34,
            "gross_margin_4q_avg": 4.23,
            "net_income": 1866067,
            "revenue": 118973592,
            "common_shares": 17409631,
            "book_valuer_per_share": 27.77,
            "book_valuer_per_share_4q_avg": 27.99,
            "equity": 48887277,
            "current_ratio": 133.53,
            "debt_ratio": 72.4,
            "inventory_turnover_ratio": 2.02,
            "account_receivable_turnover_ratio": 1.38,
            "reinvestment_rate": -6.24,
            "research_to_sale_ratio": null,
            "price_fair": 116.29,
            "eps_avg_yearly": 3.32,
            "eps_latest_yearly": 4.28,
            "eps_growth_yearly": 110.26
        },
        "20172": {
            "year_quarter": 20172,
            "year": 2017,
            "quarter": 2,
            "eps": 1.02,
            "eps_growth_year": 8.51,
            "eps_4q": 3.23,
            "eps_4q_growth_year": -10.54,
            "roe": 3.69,
            "roe_4q": 12.19,
            "gross_profit": 5429038,
            "gross_margin": 4.23,
            "gross_margin_4q_avg": 4.22,
            "net_income": 1808283,
            "revenue": 128408370,
            "common_shares": 17454207,
            "book_valuer_per_share": 27.86,
            "book_valuer_per_share_4q_avg": 28.06,
            "equity": 49169795,
            "current_ratio": 133.6,
            "debt_ratio": 72.37,
            "inventory_turnover_ratio": 2.01,
            "account_receivable_turnover_ratio": 1.55,
            "reinvestment_rate": -2.79,
            "research_to_sale_ratio": null,
            "price_fair": 117.95,
            "eps_avg_yearly": 3.37,
            "eps_latest_yearly": 4.08,
            "eps_growth_yearly": 101.16
        },
        "20173": {
            "year_quarter": 20173,
            "year": 2017,
            "quarter": 3,
            "eps": 1.11,
            "eps_growth_year": -0.89,
            "eps_4q": 3.29,
            "eps_4q_growth_year": -10.53,
            "roe": 4.05,
            "roe_4q": 12.24,
            "gross_profit": 6152528,
            "gross_margin": 4.19,
            "gross_margin_4q_avg": 4.23,
            "net_income": 2037078,
            "revenue": 146667491,
            "common_shares": 18250618,
            "book_valuer_per_share": 27.84,
            "book_valuer_per_share_4q_avg": 28.09,
            "equity": 51351545,
            "current_ratio": 139.93,
            "debt_ratio": 73.08,
            "inventory_turnover_ratio": 2.33,
            "account_receivable_turnover_ratio": 1.62,
            "reinvestment_rate": -3.66,
            "research_to_sale_ratio": null,
            "price_fair": 120.58,
            "eps_avg_yearly": 3.45,
            "eps_latest_yearly": 4.44,
            "eps_growth_yearly": 103.97
        },
        "20174": {
            "year_quarter": 20174,
            "year": 2017,
            "quarter": 4,
            "eps": 0.9,
            "eps_growth_year": 360.42,
            "eps_4q": 4,
            "eps_4q_growth_year": 29.95,
            "roe": 3.2,
            "roe_4q": 14.7,
            "gross_profit": 5401404,
            "gross_margin": 3.9,
            "gross_margin_4q_avg": 4.17,
            "net_income": 1655007,
            "revenue": 138460505,
            "common_shares": 18250618,
            "book_valuer_per_share": 28.23,
            "book_valuer_per_share_4q_avg": 27.93,
            "equity": 52055438,
            "current_ratio": 138.67,
            "debt_ratio": 70.86,
            "inventory_turnover_ratio": 2.24,
            "account_receivable_turnover_ratio": 1.48,
            "reinvestment_rate": 2.62,
            "research_to_sale_ratio": null,
            "price_fair": 123.11,
            "eps_avg_yearly": 3.52,
            "eps_latest_yearly": 3.6,
            "eps_growth_yearly": 105.41
        },
        "20181": {
            "year_quarter": 20181,
            "year": 2018,
            "quarter": 1,
            "eps": 1.04,
            "eps_growth_year": -2.8,
            "eps_4q": 4.03,
            "eps_4q_growth_year": 25.22,
            "roe": 3.65,
            "roe_4q": 14.589999999999998,
            "gross_profit": 5325520,
            "gross_margin": 4.32,
            "gross_margin_4q_avg": 4.16,
            "net_income": 1904402,
            "revenue": 123411802,
            "common_shares": 18250618,
            "book_valuer_per_share": 28.38,
            "book_valuer_per_share_4q_avg": 28.08,
            "equity": 52353061,
            "current_ratio": 137.34,
            "debt_ratio": 71.11,
            "inventory_turnover_ratio": 1.97,
            "account_receivable_turnover_ratio": 1.39,
            "reinvestment_rate": 4.27,
            "research_to_sale_ratio": null,
            "price_fair": 124.86,
            "eps_avg_yearly": 3.57,
            "eps_latest_yearly": 4.16,
            "eps_growth_yearly": 99.87
        },
        "20182": {
            "year_quarter": 20182,
            "year": 2018,
            "quarter": 2,
            "eps": 1.21,
            "eps_growth_year": 18.63,
            "eps_4q": 4.25,
            "eps_4q_growth_year": 31.9,
            "roe": 4.21,
            "roe_4q": 15.11,
            "gross_profit": 6060764,
            "gross_margin": 4.34,
            "gross_margin_4q_avg": 4.19,
            "net_income": 2213674,
            "revenue": 139532581,
            "common_shares": 18250618,
            "book_valuer_per_share": 28.65,
            "book_valuer_per_share_4q_avg": 28.28,
            "equity": 52823170,
            "current_ratio": 133.66,
            "debt_ratio": 73.16,
            "inventory_turnover_ratio": 2.1,
            "account_receivable_turnover_ratio": 1.52,
            "reinvestment_rate": 3.51,
            "research_to_sale_ratio": null,
            "price_fair": 127.49,
            "eps_avg_yearly": 3.64,
            "eps_latest_yearly": 4.84,
            "eps_growth_yearly": 101.88
        },
        "20183": {
            "year_quarter": 20183,
            "year": 2018,
            "quarter": 3,
            "eps": 1.02,
            "eps_growth_year": -8.11,
            "eps_4q": 4.47,
            "eps_4q_growth_year": 36,
            "roe": 3.37,
            "roe_4q": 14.43,
            "gross_profit": 6491908,
            "gross_margin": 4.32,
            "gross_margin_4q_avg": 4.22,
            "net_income": 1782378,
            "revenue": 150362425,
            "common_shares": 16790568,
            "book_valuer_per_share": 31.26,
            "book_valuer_per_share_4q_avg": 29.13,
            "equity": 53041262,
            "current_ratio": 130.9,
            "debt_ratio": 74.91,
            "inventory_turnover_ratio": 2.18,
            "account_receivable_turnover_ratio": 1.45,
            "reinvestment_rate": 4.76,
            "research_to_sale_ratio": null,
            "price_fair": 128.19,
            "eps_avg_yearly": 3.66,
            "eps_latest_yearly": 4.08,
            "eps_growth_yearly": 97.13
        },
        "20184": {
            "year_quarter": 20184,
            "year": 2018,
            "quarter": 4,
            "eps": 0.95,
            "eps_growth_year": 5.65,
            "eps_4q": 4.44,
            "eps_4q_growth_year": 10.99,
            "roe": 2.99,
            "roe_4q": 14.22,
            "gross_profit": 5752229,
            "gross_margin": 4.36,
            "gross_margin_4q_avg": 4.34,
            "net_income": 1614563,
            "revenue": 131820996,
            "common_shares": 16790568,
            "book_valuer_per_share": 32.37,
            "book_valuer_per_share_4q_avg": 30.17,
            "equity": 54823995,
            "current_ratio": 143.1,
            "debt_ratio": 72.04,
            "inventory_turnover_ratio": 1.9,
            "account_receivable_turnover_ratio": 1.27,
            "reinvestment_rate": 5.05,
            "research_to_sale_ratio": null,
            "price_fair": 129.41,
            "eps_avg_yearly": 3.7,
            "eps_latest_yearly": 3.8,
            "eps_growth_yearly": 98.87
        },
        "20191": {
            "year_quarter": 20191,
            "year": 2019,
            "quarter": 1,
            "eps": 0.78,
            "eps_growth_year": -25,
            "eps_4q": 4.1,
            "eps_4q_growth_year": 1.65,
            "roe": 2.36,
            "roe_4q": 12.93,
            "gross_profit": 4973575,
            "gross_margin": 4.45,
            "gross_margin_4q_avg": 4.37,
            "net_income": 1312853,
            "revenue": 111831933,
            "common_shares": 16790568,
            "book_valuer_per_share": 33.34,
            "book_valuer_per_share_4q_avg": 31.41,
            "equity": 56454599,
            "current_ratio": 147.84,
            "debt_ratio": 70,
            "inventory_turnover_ratio": 1.59,
            "account_receivable_turnover_ratio": 1.23,
            "reinvestment_rate": 5.44,
            "research_to_sale_ratio": null,
            "price_fair": 128.89,
            "eps_avg_yearly": 3.68,
            "eps_latest_yearly": 3.12,
            "eps_growth_yearly": 93.47
        },
        "20192": {
            "year_quarter": 20192,
            "year": 2019,
            "quarter": 2,
            "eps": 0.97,
            "eps_growth_year": -19.83,
            "eps_4q": 3.75,
            "eps_4q_growth_year": -11.81,
            "roe": 2.98,
            "roe_4q": 11.7,
            "gross_profit": 5687455,
            "gross_margin": 4.4,
            "gross_margin_4q_avg": 4.38,
            "net_income": 1642278,
            "revenue": 129175944,
            "common_shares": 16790568,
            "book_valuer_per_share": 31.82,
            "book_valuer_per_share_4q_avg": 32.2,
            "equity": 53914388,
            "current_ratio": 141.58,
            "debt_ratio": 72.65,
            "inventory_turnover_ratio": 1.83,
            "account_receivable_turnover_ratio": 1.45,
            "reinvestment_rate": 6.05,
            "research_to_sale_ratio": null,
            "price_fair": 131.25,
            "eps_avg_yearly": 3.75,
            "eps_latest_yearly": 3.88,
            "eps_growth_yearly": 103.73
        },
        "20193": {
            "year_quarter": 20193,
            "year": 2019,
            "quarter": 3,
            "eps": 1.06,
            "eps_growth_year": 3.92,
            "eps_4q": 3.76,
            "eps_4q_growth_year": -15.87,
            "roe": 3.02,
            "roe_4q": 11.35,
            "gross_profit": 5979262,
            "gross_margin": 4.25,
            "gross_margin_4q_avg": 4.37,
            "net_income": 1798114,
            "revenue": 140820895,
            "common_shares": 16790568,
            "book_valuer_per_share": 34.48,
            "book_valuer_per_share_4q_avg": 33,
            "equity": 65282341,
            "current_ratio": 140.79,
            "debt_ratio": 70.21,
            "inventory_turnover_ratio": 1.99,
            "account_receivable_turnover_ratio": 1.4,
            "reinvestment_rate": 6.3,
            "research_to_sale_ratio": null,
            "price_fair": 131.95,
            "eps_avg_yearly": 3.77,
            "eps_latest_yearly": 4.24,
            "eps_growth_yearly": 96.05
        },
        "20194": {
            "year_quarter": 20194,
            "year": 2019,
            "quarter": 4,
            "eps": 1.03,
            "eps_growth_year": 8.55,
            "eps_4q": 3.84,
            "eps_4q_growth_year": -13.52,
            "roe": 2.71,
            "roe_4q": 11.07,
            "gross_profit": 5787804,
            "gross_margin": 3.97,
            "gross_margin_4q_avg": 4.27,
            "net_income": 1752714,
            "revenue": 145772581,
            "common_shares": 16790568,
            "book_valuer_per_share": 33.78,
            "book_valuer_per_share_4q_avg": 33.36,
            "equity": 63967095,
            "current_ratio": 131.22,
            "debt_ratio": 72.23,
            "inventory_turnover_ratio": 2.03,
            "account_receivable_turnover_ratio": 1.32,
            "reinvestment_rate": 6.09,
            "research_to_sale_ratio": null,
            "price_fair": 134.4,
            "eps_avg_yearly": 3.84,
            "eps_latest_yearly": 4.12,
            "eps_growth_yearly": 101.21
        },
        "20201": {
            "year_quarter": 20201,
            "year": 2020,
            "quarter": 1,
            "eps": 0.99,
            "eps_growth_year": 26.92,
            "eps_4q": 4.05,
            "eps_4q_growth_year": -0.99,
            "roe": 2.57,
            "roe_4q": 11.28,
            "gross_profit": 5272878,
            "gross_margin": 4.02,
            "gross_margin_4q_avg": 4.16,
            "net_income": 1666187,
            "revenue": 131044575,
            "common_shares": 16790568,
            "book_valuer_per_share": 34.78,
            "book_valuer_per_share_4q_avg": 33.72,
            "equity": 65857053,
            "current_ratio": 133.62,
            "debt_ratio": 73.54,
            "inventory_turnover_ratio": 1.69,
            "account_receivable_turnover_ratio": 1.18,
            "reinvestment_rate": 54.54,
            "research_to_sale_ratio": null,
            "price_fair": 134.84,
            "eps_avg_yearly": 3.85,
            "eps_latest_yearly": 3.96,
            "eps_growth_yearly": 93.9
        },
        "20202": {
            "year_quarter": 20202,
            "year": 2020,
            "quarter": 2,
            "eps": 1.19,
            "eps_growth_year": 22.68,
            "eps_4q": 4.35,
            "eps_4q_growth_year": 15.85,
            "roe": 3.32,
            "roe_4q": 11.62,
            "gross_profit": 5887305,
            "gross_margin": 3.93,
            "gross_margin_4q_avg": 4.04,
            "net_income": 2140278,
            "revenue": 149810678,
            "common_shares": 16790568,
            "book_valuer_per_share": 33.34,
            "book_valuer_per_share_4q_avg": 34.1,
            "equity": 63128834,
            "current_ratio": 133.84,
            "debt_ratio": 73.63,
            "inventory_turnover_ratio": 1.9,
            "account_receivable_turnover_ratio": 1.36,
            "reinvestment_rate": 59.68,
            "research_to_sale_ratio": null,
            "price_fair": 137.03,
            "eps_avg_yearly": 3.92,
            "eps_latest_yearly": 4.76,
            "eps_growth_yearly": 98.95
        },
        "20203": {
            "year_quarter": 20203,
            "year": 2020,
            "quarter": 3,
            "eps": 1.34,
            "eps_growth_year": 26.42,
            "eps_4q": 4.63,
            "eps_4q_growth_year": 23.03,
            "roe": 3.59,
            "roe_4q": 12.190000000000001,
            "gross_profit": 6157134,
            "gross_margin": 3.62,
            "gross_margin_4q_avg": 3.89,
            "net_income": 2285186,
            "revenue": 169986962,
            "common_shares": 16790568,
            "book_valuer_per_share": 33.87,
            "book_valuer_per_share_4q_avg": 33.94,
            "equity": 64148705,
            "current_ratio": 140.44,
            "debt_ratio": 72.64,
            "inventory_turnover_ratio": 2.59,
            "account_receivable_turnover_ratio": 1.51,
            "reinvestment_rate": 58.45,
            "research_to_sale_ratio": null,
            "price_fair": 138.95,
            "eps_avg_yearly": 3.97,
            "eps_latest_yearly": 5.36,
            "eps_growth_yearly": 97.32
        },
        "20204": {
            "year_quarter": 20204,
            "year": 2020,
            "quarter": 4,
            "eps": 1.24,
            "eps_growth_year": 20.27,
            "eps_4q": 4.84,
            "eps_4q_growth_year": 25.88,
            "roe": 3.24,
            "roe_4q": 12.72,
            "gross_profit": 5732812,
            "gross_margin": 3.6,
            "gross_margin_4q_avg": 3.79,
            "net_income": 2108853,
            "revenue": 159043656,
            "common_shares": 16790568,
            "book_valuer_per_share": 34.84,
            "book_valuer_per_share_4q_avg": 34.21,
            "equity": 66003018,
            "current_ratio": 135.02,
            "debt_ratio": 71.79,
            "inventory_turnover_ratio": 2.69,
            "account_receivable_turnover_ratio": 1.41,
            "reinvestment_rate": 59.9,
            "research_to_sale_ratio": null,
            "price_fair": 148.05,
            "eps_avg_yearly": 4.23,
            "eps_latest_yearly": 4.96,
            "eps_growth_yearly": 115.99
        },
        "20211": {
            "year_quarter": 20211,
            "year": 2021,
            "quarter": 1,
            "eps": 1.44,
            "eps_growth_year": 45.45,
            "eps_4q": 5.29,
            "eps_4q_growth_year": 30.5,
            "roe": 3.65,
            "roe_4q": 13.8,
            "gross_profit": 6571403,
            "gross_margin": 3.71,
            "gross_margin_4q_avg": 3.72,
            "net_income": 2456299,
            "revenue": 177114909,
            "common_shares": 16790568,
            "book_valuer_per_share": 36.2,
            "book_valuer_per_share_4q_avg": 34.56,
            "equity": 68587714,
            "current_ratio": 132.88,
            "debt_ratio": 74.83,
            "inventory_turnover_ratio": 2.62,
            "account_receivable_turnover_ratio": 1.45,
            "reinvestment_rate": 58.76,
            "research_to_sale_ratio": null,
            "price_fair": 91.93,
            "eps_avg_yearly": 4.32,
            "eps_latest_yearly": 5.76,
            "eps_growth_yearly": 11.27
        },
        "20212": {
            "year_quarter": 20212,
            "year": 2021,
            "quarter": 2,
            "eps": 1.66,
            "eps_growth_year": 39.5,
            "eps_4q": 5.93,
            "eps_4q_growth_year": 36.33,
            "roe": 4.8,
            "roe_4q": 15.28,
            "gross_profit": 8029429,
            "gross_margin": 4.01,
            "gross_margin_4q_avg": 3.74,
            "net_income": 3239498,
            "revenue": 200226016,
            "common_shares": 16790568,
            "book_valuer_per_share": 35.07,
            "book_valuer_per_share_4q_avg": 35,
            "equity": 66474771,
            "current_ratio": 126.72,
            "debt_ratio": 77.41,
            "inventory_turnover_ratio": 2.55,
            "account_receivable_turnover_ratio": 1.41,
            "reinvestment_rate": 53.69,
            "research_to_sale_ratio": null,
            "price_fair": 117.69,
            "eps_avg_yearly": 4.48,
            "eps_latest_yearly": 6.64,
            "eps_growth_yearly": 16.26
        },
        "20213": {
            "year_quarter": 20213,
            "year": 2021,
            "quarter": 3,
            "eps": 1.9,
            "eps_growth_year": 41.79,
            "eps_4q": 6.48,
            "eps_4q_growth_year": 39.99,
            "roe": 4.77,
            "roe_4q": 16.46,
            "gross_profit": 7928981,
            "gross_margin": 3.93,
            "gross_margin_4q_avg": 3.81,
            "net_income": 3223985,
            "revenue": 201889626,
            "common_shares": 16790568,
            "book_valuer_per_share": 36.18,
            "book_valuer_per_share_4q_avg": 35.57,
            "equity": 68791152,
            "current_ratio": 128.13,
            "debt_ratio": 77.02,
            "inventory_turnover_ratio": 2.29,
            "account_receivable_turnover_ratio": 1.38,
            "reinvestment_rate": 56.34,
            "research_to_sale_ratio": null,
            "price_fair": 129.47,
            "eps_avg_yearly": 4.68,
            "eps_latest_yearly": 7.6,
            "eps_growth_yearly": 17.66
        },
        "20214": {
            "year_quarter": 20214,
            "year": 2021,
            "quarter": 4,
            "eps": 1.61,
            "eps_growth_year": 29.59,
            "eps_4q": 6.85,
            "eps_4q_growth_year": 41.53,
            "roe": 3.9,
            "roe_4q": 17.119999999999997,
            "gross_profit": 7170950,
            "gross_margin": 3.6,
            "gross_margin_4q_avg": 3.81,
            "net_income": 2727928,
            "revenue": 199342164,
            "common_shares": 16790568,
            "book_valuer_per_share": 37.47,
            "book_valuer_per_share_4q_avg": 36.23,
            "equity": 71225346,
            "current_ratio": 135.25,
            "debt_ratio": 75.25,
            "inventory_turnover_ratio": 2.16,
            "account_receivable_turnover_ratio": 1.44,
            "reinvestment_rate": 59.36,
            "research_to_sale_ratio": null,
            "price_fair": 138.82,
            "eps_avg_yearly": 4.86,
            "eps_latest_yearly": 6.44,
            "eps_growth_yearly": 18.58
        },
        "20221": {
            "year_quarter": 20221,
            "year": 2022,
            "quarter": 1,
            "eps": 2.05,
            "eps_growth_year": 42.36,
            "eps_4q": 7.46,
            "eps_4q_growth_year": 40.95,
            "roe": 4.67,
            "roe_4q": 18.14,
            "gross_profit": 8095580,
            "gross_margin": 3.86,
            "gross_margin_4q_avg": 3.85,
            "net_income": 3485526,
            "revenue": 209865234,
            "common_shares": 16790568,
            "book_valuer_per_share": 41.1,
            "book_valuer_per_share_4q_avg": 37.46,
            "equity": 78119651,
            "current_ratio": 138.34,
            "debt_ratio": 75.86,
            "inventory_turnover_ratio": 2.17,
            "account_receivable_turnover_ratio": 1.47,
            "reinvestment_rate": 58.92,
            "research_to_sale_ratio": null,
            "price_fair": 161.07,
            "eps_avg_yearly": 5.11,
            "eps_latest_yearly": 8.2,
            "eps_growth_yearly": 21.52
        },
        "20222": {
            "year_quarter": 20222,
            "year": 2022,
            "quarter": 2,
            "eps": 1.49,
            "eps_growth_year": -10.24,
            "eps_4q": 7.28,
            "eps_4q_growth_year": 22.91,
            "roe": 3.77,
            "roe_4q": 17.11,
            "gross_profit": 7730486,
            "gross_margin": 3.88,
            "gross_margin_4q_avg": 3.82,
            "net_income": 2901506,
            "revenue": 199055930,
            "common_shares": 16790568,
            "book_valuer_per_share": 39.92,
            "book_valuer_per_share_4q_avg": 38.67,
            "equity": 75844021,
            "current_ratio": 136.23,
            "debt_ratio": 77.49,
            "inventory_turnover_ratio": 1.75,
            "account_receivable_turnover_ratio": 1.34,
            "reinvestment_rate": 53.49,
            "research_to_sale_ratio": null,
            "price_fair": 106.74,
            "eps_avg_yearly": 5.18,
            "eps_latest_yearly": 5.96,
            "eps_growth_yearly": 10.61
        },
        "20223": {
            "year_quarter": 20223,
            "year": 2022,
            "quarter": 3,
            "eps": 1.64,
            "eps_growth_year": -13.68,
            "eps_4q": 7.03,
            "eps_4q_growth_year": 8.53,
            "roe": 3.46,
            "roe_4q": 15.8,
            "gross_profit": 7155037,
            "gross_margin": 3.77,
            "gross_margin_4q_avg": 3.78,
            "net_income": 2773077,
            "revenue": 189822815,
            "common_shares": 16790568,
            "book_valuer_per_share": 44.49,
            "book_valuer_per_share_4q_avg": 40.75,
            "equity": 84460353,
            "current_ratio": 135.08,
            "debt_ratio": 76.35,
            "inventory_turnover_ratio": 1.42,
            "account_receivable_turnover_ratio": 1.33,
            "reinvestment_rate": 53.09,
            "research_to_sale_ratio": null,
            "price_fair": 144.3,
            "eps_avg_yearly": 5.34,
            "eps_latest_yearly": 6.56,
            "eps_growth_yearly": 17.05
        },
        "20224": {
            "year_quarter": 20224,
            "year": 2022,
            "quarter": 4,
            "eps": 0.84,
            "eps_growth_year": -47.88,
            "eps_4q": 6.26,
            "eps_4q_growth_year": -8.56,
            "roe": 1.7,
            "roe_4q": 13.6,
            "gross_profit": 6607298,
            "gross_margin": 3.74,
            "gross_margin_4q_avg": 3.81,
            "net_income": 1417325,
            "revenue": 176488443,
            "common_shares": 16790568,
            "book_valuer_per_share": 43.14,
            "book_valuer_per_share_4q_avg": 42.16,
            "equity": 81913303,
            "current_ratio": 139.26,
            "debt_ratio": 74.1,
            "inventory_turnover_ratio": 1.36,
            "account_receivable_turnover_ratio": 1.36,
            "reinvestment_rate": 51.16,
            "research_to_sale_ratio": null,
            "price_fair": 87.94,
            "eps_avg_yearly": 5.31,
            "eps_latest_yearly": 3.36,
            "eps_growth_yearly": 6.57
        },
        "20231": {
            "year_quarter": 20231,
            "year": 2023,
            "quarter": 1,
            "eps": 0.41,
            "eps_growth_year": -80,
            "eps_4q": 4.62,
            "eps_4q_growth_year": -38.08,
            "roe": 0.85,
            "roe_4q": 9.78,
            "gross_profit": 5619228,
            "gross_margin": 3.88,
            "gross_margin_4q_avg": 3.82,
            "net_income": 695609,
            "revenue": 144753604,
            "common_shares": 16790568,
            "book_valuer_per_share": 43.53,
            "book_valuer_per_share_4q_avg": 42.77,
            "equity": 82657380,
            "current_ratio": 143.16,
            "debt_ratio": 70.89,
            "inventory_turnover_ratio": 1.3,
            "account_receivable_turnover_ratio": 1.31,
            "reinvestment_rate": 54.33,
            "research_to_sale_ratio": null,
            "price_fair": 15.65,
            "eps_avg_yearly": 5.22,
            "eps_latest_yearly": 1.64,
            "eps_growth_yearly": -1.76
        }
    },
    "months": {
        "2005-11": {
            "month": "2005-11",
            "price": "11.90",
            "revenue": 0
        },
        "2005-12": {
            "month": "2005-12",
            "price": "11.52",
            "revenue": 57
        },
        "2006-01": {
            "month": "2006-01",
            "price": "11.74",
            "revenue": 9396721
        },
        "2006-02": {
            "month": "2006-02",
            "price": "10.76",
            "revenue": 8339508
        },
        "2006-03": {
            "month": "2006-03",
            "price": "9.55",
            "revenue": 10011668
        },
        "2006-04": {
            "month": "2006-04",
            "price": "9.79",
            "revenue": 9177555
        },
        "2006-05": {
            "month": "2006-05",
            "price": "10.75",
            "revenue": 8411670
        },
        "2006-06": {
            "month": "2006-06",
            "price": "9.79",
            "revenue": 9186421
        },
        "2006-07": {
            "month": "2006-07",
            "price": "10.63",
            "revenue": 9356030
        },
        "2006-08": {
            "month": "2006-08",
            "price": "11.54",
            "revenue": 11384342
        },
        "2006-09": {
            "month": "2006-09",
            "price": "11.46",
            "revenue": 12054074
        },
        "2006-10": {
            "month": "2006-10",
            "price": "13.07",
            "revenue": 10415423
        },
        "2006-11": {
            "month": "2006-11",
            "price": "15.38",
            "revenue": 10117902
        },
        "2006-12": {
            "month": "2006-12",
            "price": "18.05",
            "revenue": 8561249
        },
        "2007-01": {
            "month": "2007-01",
            "price": "17.56",
            "revenue": 9985063
        },
        "2007-02": {
            "month": "2007-02",
            "price": "17.08",
            "revenue": 7460761
        },
        "2007-03": {
            "month": "2007-03",
            "price": "17.74",
            "revenue": 10864617
        },
        "2007-04": {
            "month": "2007-04",
            "price": "20.16",
            "revenue": 11426299
        },
        "2007-05": {
            "month": "2007-05",
            "price": "22.47",
            "revenue": 10498248
        },
        "2007-06": {
            "month": "2007-06",
            "price": "24.84",
            "revenue": 11105965
        },
        "2007-07": {
            "month": "2007-07",
            "price": "29.37",
            "revenue": 12579456
        },
        "2007-08": {
            "month": "2007-08",
            "price": "35.71",
            "revenue": 15076540
        },
        "2007-09": {
            "month": "2007-09",
            "price": "42.93",
            "revenue": 15482545
        },
        "2007-10": {
            "month": "2007-10",
            "price": "45.62",
            "revenue": 13774313
        },
        "2007-11": {
            "month": "2007-11",
            "price": "44.76",
            "revenue": 13151030
        },
        "2007-12": {
            "month": "2007-12",
            "price": "36.59",
            "revenue": 11431426
        },
        "2008-01": {
            "month": "2008-01",
            "price": "32.70",
            "revenue": 12827575
        },
        "2008-02": {
            "month": "2008-02",
            "price": "32.28",
            "revenue": 9532003
        },
        "2008-03": {
            "month": "2008-03",
            "price": "38.88",
            "revenue": 12410545
        },
        "2008-04": {
            "month": "2008-04",
            "price": "44.31",
            "revenue": 12558598
        },
        "2008-05": {
            "month": "2008-05",
            "price": "41.64",
            "revenue": 11076746
        },
        "2008-06": {
            "month": "2008-06",
            "price": "33.36",
            "revenue": 11017196
        },
        "2008-07": {
            "month": "2008-07",
            "price": "35.76",
            "revenue": 13703243
        },
        "2008-08": {
            "month": "2008-08",
            "price": "35.22",
            "revenue": 13835846
        },
        "2008-09": {
            "month": "2008-09",
            "price": "28.39",
            "revenue": 14397944
        },
        "2008-10": {
            "month": "2008-10",
            "price": "22.01",
            "revenue": 13135834
        },
        "2008-11": {
            "month": "2008-11",
            "price": "15.10",
            "revenue": 9530572
        },
        "2008-12": {
            "month": "2008-12",
            "price": "15.03",
            "revenue": 9170874
        },
        "2009-01": {
            "month": "2009-01",
            "price": "17.44",
            "revenue": 8619136
        },
        "2009-02": {
            "month": "2009-02",
            "price": "18.71",
            "revenue": 12935717
        },
        "2009-03": {
            "month": "2009-03",
            "price": "21.73",
            "revenue": 15570909
        },
        "2009-04": {
            "month": "2009-04",
            "price": "25.33",
            "revenue": 16289328
        },
        "2009-05": {
            "month": "2009-05",
            "price": "31.56",
            "revenue": 14209671
        },
        "2009-06": {
            "month": "2009-06",
            "price": "31.14",
            "revenue": 16707272
        },
        "2009-07": {
            "month": "2009-07",
            "price": "35.60",
            "revenue": 18936556
        },
        "2009-08": {
            "month": "2009-08",
            "price": "41.20",
            "revenue": 19330144
        },
        "2009-09": {
            "month": "2009-09",
            "price": "44.35",
            "revenue": 20762445
        },
        "2009-10": {
            "month": "2009-10",
            "price": "47.12",
            "revenue": 17580614
        },
        "2009-11": {
            "month": "2009-11",
            "price": "46.56",
            "revenue": 17748698
        },
        "2009-12": {
            "month": "2009-12",
            "price": "51.23",
            "revenue": 18261082
        },
        "2010-01": {
            "month": "2010-01",
            "price": "53.51",
            "revenue": 20275498
        },
        "2010-02": {
            "month": "2010-02",
            "price": "50.36",
            "revenue": 14963117
        },
        "2010-03": {
            "month": "2010-03",
            "price": "52.73",
            "revenue": 22783534
        },
        "2010-04": {
            "month": "2010-04",
            "price": "61.23",
            "revenue": 22250171
        },
        "2010-05": {
            "month": "2010-05",
            "price": "60.33",
            "revenue": 20254729
        },
        "2010-06": {
            "month": "2010-06",
            "price": "62.43",
            "revenue": 19944674
        },
        "2010-07": {
            "month": "2010-07",
            "price": "63.54",
            "revenue": 21779785
        },
        "2010-08": {
            "month": "2010-08",
            "price": "64.90",
            "revenue": 22045295
        },
        "2010-09": {
            "month": "2010-09",
            "price": "62.69",
            "revenue": 22893732
        },
        "2010-10": {
            "month": "2010-10",
            "price": "60.01",
            "revenue": 18714391
        },
        "2010-11": {
            "month": "2010-11",
            "price": "53.68",
            "revenue": 24799083
        },
        "2010-12": {
            "month": "2010-12",
            "price": "57.45",
            "revenue": 26600130
        },
        "2011-01": {
            "month": "2011-01",
            "price": "57.36",
            "revenue": 26756301
        },
        "2011-02": {
            "month": "2011-02",
            "price": "53.86",
            "revenue": 20848411
        },
        "2011-03": {
            "month": "2011-03",
            "price": "49.26",
            "revenue": 32064396
        },
        "2011-04": {
            "month": "2011-04",
            "price": "52.22",
            "revenue": 29082041
        },
        "2011-05": {
            "month": "2011-05",
            "price": "52.43",
            "revenue": 27334561
        },
        "2011-06": {
            "month": "2011-06",
            "price": "48.79",
            "revenue": 26234406
        },
        "2011-07": {
            "month": "2011-07",
            "price": "47.82",
            "revenue": 28609976
        },
        "2011-08": {
            "month": "2011-08",
            "price": "45.38",
            "revenue": 28494405
        },
        "2011-09": {
            "month": "2011-09",
            "price": "39.78",
            "revenue": 30788579
        },
        "2011-10": {
            "month": "2011-10",
            "price": "35.89",
            "revenue": 27728228
        },
        "2011-11": {
            "month": "2011-11",
            "price": "33.52",
            "revenue": 27790048
        },
        "2011-12": {
            "month": "2011-12",
            "price": "33.08",
            "revenue": 26677814
        },
        "2012-01": {
            "month": "2012-01",
            "price": "36.60",
            "revenue": 21153624
        },
        "2012-02": {
            "month": "2012-02",
            "price": "40.53",
            "revenue": 26672058
        },
        "2012-03": {
            "month": "2012-03",
            "price": "41.08",
            "revenue": 32956953
        },
        "2012-04": {
            "month": "2012-04",
            "price": "39.14",
            "revenue": 30521995
        },
        "2012-05": {
            "month": "2012-05",
            "price": "37.60",
            "revenue": 31255612
        },
        "2012-06": {
            "month": "2012-06",
            "price": "34.97",
            "revenue": 29297507
        },
        "2012-07": {
            "month": "2012-07",
            "price": "34.32",
            "revenue": 31166875
        },
        "2012-08": {
            "month": "2012-08",
            "price": "34.26",
            "revenue": 32159667
        },
        "2012-09": {
            "month": "2012-09",
            "price": "37.73",
            "revenue": 34904661
        },
        "2012-10": {
            "month": "2012-10",
            "price": "37.94",
            "revenue": 29966301
        },
        "2012-11": {
            "month": "2012-11",
            "price": "36.10",
            "revenue": 31383516
        },
        "2012-12": {
            "month": "2012-12",
            "price": "38.72",
            "revenue": 29583258
        },
        "2013-01": {
            "month": "2013-01",
            "price": "39.26",
            "revenue": 32110118
        },
        "2013-02": {
            "month": "2013-02",
            "price": "35.23",
            "revenue": 21442083
        },
        "2013-03": {
            "month": "2013-03",
            "price": "33.71",
            "revenue": 33018203
        },
        "2013-04": {
            "month": "2013-04",
            "price": "34.64",
            "revenue": 34584228
        },
        "2013-05": {
            "month": "2013-05",
            "price": "35.75",
            "revenue": 34702730
        },
        "2013-06": {
            "month": "2013-06",
            "price": "34.76",
            "revenue": 31367912
        },
        "2013-07": {
            "month": "2013-07",
            "price": "36.07",
            "revenue": 34183068
        },
        "2013-08": {
            "month": "2013-08",
            "price": "34.83",
            "revenue": 35658272
        },
        "2013-09": {
            "month": "2013-09",
            "price": "35.18",
            "revenue": 37895589
        },
        "2013-10": {
            "month": "2013-10",
            "price": "35.28",
            "revenue": 35945645
        },
        "2013-11": {
            "month": "2013-11",
            "price": "33.32",
            "revenue": 37454367
        },
        "2013-12": {
            "month": "2013-12",
            "price": "33.56",
            "revenue": 37905579
        },
        "2014-01": {
            "month": "2014-01",
            "price": "35.25",
            "revenue": 33216798
        },
        "2014-02": {
            "month": "2014-02",
            "price": "35.32",
            "revenue": 30539945
        },
        "2014-03": {
            "month": "2014-03",
            "price": "36.32",
            "revenue": 38646599
        },
        "2014-04": {
            "month": "2014-04",
            "price": "36.95",
            "revenue": 39377364
        },
        "2014-05": {
            "month": "2014-05",
            "price": "39.51",
            "revenue": 37247324
        },
        "2014-06": {
            "month": "2014-06",
            "price": "42.08",
            "revenue": 37019382
        },
        "2014-07": {
            "month": "2014-07",
            "price": "40.88",
            "revenue": 38400755
        },
        "2014-08": {
            "month": "2014-08",
            "price": "38.80",
            "revenue": 38188130
        },
        "2014-09": {
            "month": "2014-09",
            "price": "38.01",
            "revenue": 42759943
        },
        "2014-10": {
            "month": "2014-10",
            "price": "36.10",
            "revenue": 39183694
        },
        "2014-11": {
            "month": "2014-11",
            "price": "35.39",
            "revenue": 38413316
        },
        "2014-12": {
            "month": "2014-12",
            "price": "35.68",
            "revenue": 39573794
        },
        "2015-01": {
            "month": "2015-01",
            "price": "37.38",
            "revenue": 40940161
        },
        "2015-02": {
            "month": "2015-02",
            "price": "40.15",
            "revenue": 26751435
        },
        "2015-03": {
            "month": "2015-03",
            "price": "40.34",
            "revenue": 40322409
        },
        "2015-04": {
            "month": "2015-04",
            "price": "39.26",
            "revenue": 40908950
        },
        "2015-05": {
            "month": "2015-05",
            "price": "39.01",
            "revenue": 41472983
        },
        "2015-06": {
            "month": "2015-06",
            "price": "38.25",
            "revenue": 42083714
        },
        "2015-07": {
            "month": "2015-07",
            "price": "37.39",
            "revenue": 42869016
        },
        "2015-08": {
            "month": "2015-08",
            "price": "31.15",
            "revenue": 46211144
        },
        "2015-09": {
            "month": "2015-09",
            "price": "32.12",
            "revenue": 51414109
        },
        "2015-10": {
            "month": "2015-10",
            "price": "33.75",
            "revenue": 46639286
        },
        "2015-11": {
            "month": "2015-11",
            "price": "32.99",
            "revenue": 48041597
        },
        "2015-12": {
            "month": "2015-12",
            "price": "31.53",
            "revenue": 47943893
        },
        "2016-01": {
            "month": "2016-01",
            "price": "30.75",
            "revenue": 45948035
        },
        "2016-02": {
            "month": "2016-02",
            "price": "32.88",
            "revenue": 30819787
        },
        "2016-03": {
            "month": "2016-03",
            "price": "34.34",
            "revenue": 44760655
        },
        "2016-04": {
            "month": "2016-04",
            "price": "34.04",
            "revenue": 43180250
        },
        "2016-05": {
            "month": "2016-05",
            "price": "34.33",
            "revenue": 45233003
        },
        "2016-06": {
            "month": "2016-06",
            "price": "37.02",
            "revenue": 45837325
        },
        "2016-07": {
            "month": "2016-07",
            "price": "39.56",
            "revenue": 43821114
        },
        "2016-08": {
            "month": "2016-08",
            "price": "38.49",
            "revenue": 46985406
        },
        "2016-09": {
            "month": "2016-09",
            "price": "37.02",
            "revenue": 50965399
        },
        "2016-10": {
            "month": "2016-10",
            "price": "36.98",
            "revenue": 44293807
        },
        "2016-11": {
            "month": "2016-11",
            "price": "37.92",
            "revenue": 47427144
        },
        "2016-12": {
            "month": "2016-12",
            "price": "38.18",
            "revenue": 47592190
        },
        "2017-01": {
            "month": "2017-01",
            "price": "37.62",
            "revenue": 36020839
        },
        "2017-02": {
            "month": "2017-02",
            "price": "38.61",
            "revenue": 36923677
        },
        "2017-03": {
            "month": "2017-03",
            "price": "38.86",
            "revenue": 46155210
        },
        "2017-04": {
            "month": "2017-04",
            "price": "37.91",
            "revenue": 41368539
        },
        "2017-05": {
            "month": "2017-05",
            "price": "39.98",
            "revenue": 42493080
        },
        "2017-06": {
            "month": "2017-06",
            "price": "40.47",
            "revenue": 44420332
        },
        "2017-07": {
            "month": "2017-07",
            "price": "41.56",
            "revenue": 45894752
        },
        "2017-08": {
            "month": "2017-08",
            "price": "40.61",
            "revenue": 49514739
        },
        "2017-09": {
            "month": "2017-09",
            "price": "39.78",
            "revenue": 51257022
        },
        "2017-10": {
            "month": "2017-10",
            "price": "41.76",
            "revenue": 45532770
        },
        "2017-11": {
            "month": "2017-11",
            "price": "41.74",
            "revenue": 49277819
        },
        "2017-12": {
            "month": "2017-12",
            "price": "39.72",
            "revenue": 43602221
        },
        "2018-01": {
            "month": "2018-01",
            "price": "39.94",
            "revenue": 45277687
        },
        "2018-02": {
            "month": "2018-02",
            "price": "37.17",
            "revenue": 30851863
        },
        "2018-03": {
            "month": "2018-03",
            "price": "37.61",
            "revenue": 47279765
        },
        "2018-04": {
            "month": "2018-04",
            "price": "39.26",
            "revenue": 46552431
        },
        "2018-05": {
            "month": "2018-05",
            "price": "42.02",
            "revenue": 48607898
        },
        "2018-06": {
            "month": "2018-06",
            "price": "43.62",
            "revenue": 44369653
        },
        "2018-07": {
            "month": "2018-07",
            "price": "43.10",
            "revenue": 49302358
        },
        "2018-08": {
            "month": "2018-08",
            "price": "39.64",
            "revenue": 51811322
        },
        "2018-09": {
            "month": "2018-09",
            "price": "37.91",
            "revenue": 49253850
        },
        "2018-10": {
            "month": "2018-10",
            "price": "37.53",
            "revenue": 44835600
        },
        "2018-11": {
            "month": "2018-11",
            "price": "36.91",
            "revenue": 46650401
        },
        "2018-12": {
            "month": "2018-12",
            "price": "36.60",
            "revenue": 40331103
        },
        "2019-01": {
            "month": "2019-01",
            "price": "38.05",
            "revenue": 41484483
        },
        "2019-02": {
            "month": "2019-02",
            "price": "39.05",
            "revenue": 29615153
        },
        "2019-03": {
            "month": "2019-03",
            "price": "39.54",
            "revenue": 40732306
        },
        "2019-04": {
            "month": "2019-04",
            "price": "40.46",
            "revenue": 41050777
        },
        "2019-05": {
            "month": "2019-05",
            "price": "39.47",
            "revenue": 46346861
        },
        "2019-06": {
            "month": "2019-06",
            "price": "39.78",
            "revenue": 41778333
        },
        "2019-07": {
            "month": "2019-07",
            "price": "41.22",
            "revenue": 46039240
        },
        "2019-08": {
            "month": "2019-08",
            "price": "39.64",
            "revenue": 46975350
        },
        "2019-09": {
            "month": "2019-09",
            "price": "39.28",
            "revenue": 47806479
        },
        "2019-10": {
            "month": "2019-10",
            "price": "37.78",
            "revenue": 48723667
        },
        "2019-11": {
            "month": "2019-11",
            "price": "38.30",
            "revenue": 50240139
        },
        "2019-12": {
            "month": "2019-12",
            "price": "38.65",
            "revenue": 46884511
        },
        "2020-01": {
            "month": "2020-01",
            "price": "38.57",
            "revenue": 39617441
        },
        "2020-02": {
            "month": "2020-02",
            "price": "38.70",
            "revenue": 37402364
        },
        "2020-03": {
            "month": "2020-03",
            "price": "36.18",
            "revenue": 54024503
        },
        "2020-04": {
            "month": "2020-04",
            "price": "37.18",
            "revenue": 55754407
        },
        "2020-05": {
            "month": "2020-05",
            "price": "38.80",
            "revenue": 46709026
        },
        "2020-06": {
            "month": "2020-06",
            "price": "39.60",
            "revenue": 47346786
        },
        "2020-07": {
            "month": "2020-07",
            "price": "42.39",
            "revenue": 57306638
        },
        "2020-08": {
            "month": "2020-08",
            "price": "40.61",
            "revenue": 54352682
        },
        "2020-09": {
            "month": "2020-09",
            "price": "39.56",
            "revenue": 58327675
        },
        "2020-10": {
            "month": "2020-10",
            "price": "39.31",
            "revenue": 50553966
        },
        "2020-11": {
            "month": "2020-11",
            "price": "40.08",
            "revenue": 53816733
        },
        "2020-12": {
            "month": "2020-12",
            "price": "42.25",
            "revenue": 54996325
        },
        "2021-01": {
            "month": "2021-01",
            "price": "43.57",
            "revenue": 61331135
        },
        "2021-02": {
            "month": "2021-02",
            "price": "44.33",
            "revenue": 47682421
        },
        "2021-03": {
            "month": "2021-03",
            "price": "46.86",
            "revenue": 68100463
        },
        "2021-04": {
            "month": "2021-04",
            "price": "48.92",
            "revenue": 66372523
        },
        "2021-05": {
            "month": "2021-05",
            "price": "49.78",
            "revenue": 66085397
        },
        "2021-06": {
            "month": "2021-06",
            "price": "50.78",
            "revenue": 67767917
        },
        "2021-07": {
            "month": "2021-07",
            "price": "54.79",
            "revenue": 59168492
        },
        "2021-08": {
            "month": "2021-08",
            "price": "50.15",
            "revenue": 68844648
        },
        "2021-09": {
            "month": "2021-09",
            "price": "48.27",
            "revenue": 73876307
        },
        "2021-10": {
            "month": "2021-10",
            "price": "49.84",
            "revenue": 59545755
        },
        "2021-11": {
            "month": "2021-11",
            "price": "51.35",
            "revenue": 69325198
        },
        "2021-12": {
            "month": "2021-12",
            "price": "50.86",
            "revenue": 70509147
        },
        "2022-01": {
            "month": "2022-01",
            "price": "53.35",
            "revenue": 68692434
        },
        "2022-02": {
            "month": "2022-02",
            "price": "55.72",
            "revenue": 61126892
        },
        "2022-03": {
            "month": "2022-03",
            "price": "56.83",
            "revenue": 80045742
        },
        "2022-04": {
            "month": "2022-04",
            "price": "55.60",
            "revenue": 63807643
        },
        "2022-05": {
            "month": "2022-05",
            "price": "54.43",
            "revenue": 66963202
        },
        "2022-06": {
            "month": "2022-06",
            "price": "56.09",
            "revenue": 68284883
        },
        "2022-07": {
            "month": "2022-07",
            "price": "51.19",
            "revenue": 54266320
        },
        "2022-08": {
            "month": "2022-08",
            "price": "50.70",
            "revenue": 65325978
        },
        "2022-09": {
            "month": "2022-09",
            "price": "49.59",
            "revenue": 70229857
        },
        "2022-10": {
            "month": "2022-10",
            "price": "45.83",
            "revenue": 61011133
        },
        "2022-11": {
            "month": "2022-11",
            "price": "46.30",
            "revenue": 57669964
        },
        "2022-12": {
            "month": "2022-12",
            "price": "47.95",
            "revenue": 58681251
        },
        "2023-01": {
            "month": "2023-01",
            "price": "47.65",
            "revenue": 44064564
        },
        "2023-02": {
            "month": "2023-02",
            "price": "49.24",
            "revenue": 45293691
        },
        "2023-03": {
            "month": "2023-03",
            "price": "49.13",
            "revenue": 55395218
        },
        "2023-04": {
            "month": "2023-04",
            "price": "50.12",
            "revenue": 47417387
        },
        "2023-05": {
            "month": "2023-05",
            "price": "51.18",
            "revenue": 53731110
        }
    }
}
