{
    "summary": {
        "stock_name": "欣陸",
        "stock_id": "3703",
        "category": "建材營造",
        "main_business": "投資",
        "website_url": "http://www.continental-holdings.com",
        "ceo": "張方欣",
        "pe_ratio": 15,
        "report_year_from": 2010,
        "report_year_to": 2023,
        "age": 14,
        "eps_negative_percentage": 7,
        "eps_growth_avg": {
            "last_all": 6.29,
            "last_2y": 7.17,
            "last_4y": 5.32,
            "last_8y": 21.7,
            "last_12y": 6.29,
            "last_16y": null,
            "last_20y": null,
            "at_2006_last_3y": null,
            "at_2007_last_3y": null,
            "at_2008_last_3y": null,
            "at_2009_last_3y": null,
            "at_2010_last_3y": null,
            "at_2011_last_3y": null,
            "at_2012_last_3y": null,
            "at_2013_last_3y": null,
            "at_2014_last_3y": -24.53,
            "at_2015_last_3y": -34.2,
            "at_2016_last_3y": -40.96,
            "at_2017_last_3y": -17.68,
            "at_2018_last_3y": 48.99,
            "at_2019_last_3y": 13.01,
            "at_2020_last_3y": 38.77,
            "at_2021_last_3y": 30.98,
            "at_2022_last_3y": 20.68,
            "at_2023_last_3y": 30.38,
            "at_2024_last_3y": 30.38,
            "at_2006_last_all": null,
            "at_2007_last_all": null,
            "at_2008_last_all": null,
            "at_2009_last_all": null,
            "at_2010_last_all": null,
            "at_2011_last_all": null,
            "at_2012_last_all": 10.87,
            "at_2013_last_all": 0.63,
            "at_2014_last_all": -24.53,
            "at_2015_last_all": -24.53,
            "at_2016_last_all": -20.23,
            "at_2017_last_all": -8.52,
            "at_2018_last_all": 6.98,
            "at_2019_last_all": -5.76,
            "at_2020_last_all": 5.99,
            "at_2021_last_all": 7.28,
            "at_2022_last_all": 11.96,
            "at_2023_last_all": 6.29,
            "at_2024_last_all": 6.29
        },
        "latest_eps": 1.83,
        "latest_price": 28.05,
        "latest_roe": 3.52,
        "latest_gross_margin": 13.28,
        "latest_equity": 29976441,
        "latest_revenue": 7793911,
        "latest_gross_profit": 1035004,
        "latest_net_income": 392696,
        "latest_debt_ratio": 60.43,
        "latest_current_ratio": 134.08,
        "latest_account_receivable_turnover_ratio": 3.55,
        "latest_inventory_turnover_ratio": 0.27,
        "latest_reinvestment_rate": 113.17,
        "latest_research_to_sale_ratio": null
    },
    "eps_dividends": {
        "2001": {
            "cash": 0,
            "stock": 0,
            "eps": 0
        },
        "2002": {
            "cash": 0,
            "stock": 0,
            "eps": 0
        },
        "2003": {
            "cash": 0,
            "stock": 0,
            "eps": 0
        },
        "2004": {
            "cash": 0,
            "stock": 0,
            "eps": 0
        },
        "2005": {
            "cash": 0,
            "stock": 0,
            "eps": 0
        },
        "2006": {
            "cash": 0,
            "stock": 0,
            "eps": 0
        },
        "2007": {
            "cash": 0,
            "stock": 0,
            "eps": 0
        },
        "2008": {
            "cash": 0,
            "stock": 0,
            "eps": 0
        },
        "2009": {
            "cash": 0,
            "stock": 0,
            "eps": 0
        },
        "2010": {
            "cash": 0,
            "stock": 0,
            "eps": 1.11
        },
        "2011": {
            "cash": 1.1,
            "stock": 0,
            "eps": 1.16
        },
        "2012": {
            "cash": 0,
            "stock": 0,
            "eps": 1.36
        },
        "2013": {
            "cash": 0.5,
            "stock": 0,
            "eps": 1.09
        },
        "2014": {
            "cash": 0.5,
            "stock": 0.5,
            "eps": -1.07
        },
        "2015": {
            "cash": 0,
            "stock": 0,
            "eps": 0.66
        },
        "2016": {
            "cash": 0.5,
            "stock": 0,
            "eps": 0.64
        },
        "2017": {
            "cash": 0.5,
            "stock": 0,
            "eps": 0.96
        },
        "2018": {
            "cash": 0.6,
            "stock": 0,
            "eps": 2.36
        },
        "2019": {
            "cash": 0.9,
            "stock": 0,
            "eps": 0.12
        },
        "2020": {
            "cash": 0.5,
            "stock": 0,
            "eps": 1.86
        },
        "2021": {
            "cash": 1.4,
            "stock": 0,
            "eps": 2.21
        },
        "2022": {
            "cash": 1.68,
            "stock": 0,
            "eps": 3.51
        },
        "2023": {
            "cash": 2.5,
            "stock": 0,
            "eps": 1.54
        }
    },
    "dividends": {
        "2011-01-01": {
            "cash": 0.5,
            "stock": 0
        },
        "2011-04-21": {
            "cash": 0.6,
            "stock": 0
        },
        "2013-03-28": {
            "cash": 0.5,
            "stock": 0
        },
        "2014-10-01": {
            "cash": 0.5,
            "stock": 0.5
        },
        "2016-08-31": {
            "cash": 0.5,
            "stock": 0
        },
        "2017-08-24": {
            "cash": 0.5,
            "stock": 0
        },
        "2018-08-31": {
            "cash": 0.6,
            "stock": 0
        },
        "2019-08-30": {
            "cash": 0.9,
            "stock": 0
        },
        "2020-08-31": {
            "cash": 0.5,
            "stock": 0
        },
        "2021-07-30": {
            "cash": 1.4,
            "stock": 0
        },
        "2022-07-29": {
            "cash": 1.68,
            "stock": 0
        },
        "2023-07-31": {
            "cash": 2.5,
            "stock": 0
        }
    },
    "prices": {
        "200101": "無",
        "200102": "無",
        "200103": "無",
        "200104": "無",
        "200105": "無",
        "200106": "無",
        "200107": "無",
        "200108": "無",
        "200109": "無",
        "200110": "無",
        "200111": "無",
        "200112": "無",
        "200201": "無",
        "200202": "無",
        "200203": "無",
        "200204": "無",
        "200205": "無",
        "200206": "無",
        "200207": "無",
        "200208": "無",
        "200209": "無",
        "200210": "無",
        "200211": "無",
        "200212": "無",
        "200301": "無",
        "200302": "無",
        "200303": "無",
        "200304": "無",
        "200305": "無",
        "200306": "無",
        "200307": "無",
        "200308": "無",
        "200309": "無",
        "200310": "無",
        "200311": "無",
        "200312": "無",
        "200401": "無",
        "200402": "無",
        "200403": "無",
        "200404": "無",
        "200405": "無",
        "200406": "無",
        "200407": "無",
        "200408": "無",
        "200409": "無",
        "200410": "無",
        "200411": "無",
        "200412": "無",
        "200501": "無",
        "200502": "無",
        "200503": "無",
        "200504": "無",
        "200505": "無",
        "200506": "無",
        "200507": "無",
        "200508": "無",
        "200509": "無",
        "200510": "無",
        "200511": "無",
        "200512": "無",
        "200601": "無",
        "200602": "無",
        "200603": "無",
        "200604": "無",
        "200605": "無",
        "200606": "無",
        "200607": "無",
        "200608": "無",
        "200609": "無",
        "200610": "無",
        "200611": "無",
        "200612": "無",
        "200701": "無",
        "200702": "無",
        "200703": "無",
        "200704": "無",
        "200705": "無",
        "200706": "無",
        "200707": "無",
        "200708": "無",
        "200709": "無",
        "200710": "無",
        "200711": "無",
        "200712": "無",
        "200801": "無",
        "200802": "無",
        "200803": "無",
        "200804": "無",
        "200805": "無",
        "200806": "無",
        "200807": "無",
        "200808": "無",
        "200809": "無",
        "200810": "無",
        "200811": "無",
        "200812": "無",
        "200901": "無",
        "200902": "無",
        "200903": "無",
        "200904": "無",
        "200905": "無",
        "200906": "無",
        "200907": "無",
        "200908": "無",
        "200909": "無",
        "200910": "無",
        "200911": "無",
        "200912": "無",
        "201001": "無",
        "201002": "無",
        "201003": "無",
        "201004": "12.41",
        "201005": "11.71",
        "201006": "11.90",
        "201007": "12.11",
        "201008": "11.91",
        "201009": "11.92",
        "201010": "12.00",
        "201011": "12.42",
        "201012": "13.00",
        "201101": "13.52",
        "201102": "12.54",
        "201103": "11.99",
        "201104": "12.57",
        "201105": "14.10",
        "201106": "14.05",
        "201107": "13.08",
        "201108": "11.62",
        "201109": "10.70",
        "201110": "10.34",
        "201111": "11.22",
        "201112": "10.83",
        "201201": "10.75",
        "201202": "11.34",
        "201203": "11.68",
        "201204": "10.94",
        "201205": "10.92",
        "201206": "10.61",
        "201207": "10.48",
        "201208": "10.65",
        "201209": "11.42",
        "201210": "11.14",
        "201211": "10.54",
        "201212": "11.16",
        "201301": "11.55",
        "201302": "11.56",
        "201303": "11.51",
        "201304": "11.27",
        "201305": "11.35",
        "201306": "11.20",
        "201307": "11.10",
        "201308": "10.78",
        "201309": "10.56",
        "201310": "10.71",
        "201311": "10.65",
        "201312": "10.81",
        "201401": "10.81",
        "201402": "10.75",
        "201403": "10.64",
        "201404": "11.19",
        "201405": "11.73",
        "201406": "11.51",
        "201407": "11.77",
        "201408": "11.81",
        "201409": "11.67",
        "201410": "11.26",
        "201411": "11.28",
        "201412": "11.85",
        "201501": "11.52",
        "201502": "11.52",
        "201503": "11.74",
        "201504": "11.11",
        "201505": "10.92",
        "201506": "10.22",
        "201507": "9.73",
        "201508": "8.83",
        "201509": "9.26",
        "201510": "10.57",
        "201511": "10.25",
        "201512": "9.71",
        "201601": "9.60",
        "201602": "11.05",
        "201603": "11.62",
        "201604": "11.07",
        "201605": "10.61",
        "201606": "10.55",
        "201607": "10.64",
        "201608": "10.40",
        "201609": "10.09",
        "201610": "10.10",
        "201611": "10.25",
        "201612": "10.52",
        "201701": "10.56",
        "201702": "10.88",
        "201703": "11.05",
        "201704": "10.81",
        "201705": "10.84",
        "201706": "11.36",
        "201707": "11.50",
        "201708": "11.47",
        "201709": "12.70",
        "201710": "13.30",
        "201711": "14.78",
        "201712": "15.93",
        "201801": "16.93",
        "201802": "15.57",
        "201803": "15.73",
        "201804": "13.33",
        "201805": "13.25",
        "201806": "13.30",
        "201807": "13.08",
        "201808": "13.07",
        "201809": "13.82",
        "201810": "13.57",
        "201811": "13.78",
        "201812": "14.13",
        "201901": "14.23",
        "201902": "14.67",
        "201903": "15.40",
        "201904": "15.53",
        "201905": "16.12",
        "201906": "17.04",
        "201907": "17.41",
        "201908": "15.58",
        "201909": "14.86",
        "201910": "14.84",
        "201911": "13.97",
        "201912": "12.99",
        "202001": "13.10",
        "202002": "12.62",
        "202003": "10.73",
        "202004": "10.34",
        "202005": "11.59",
        "202006": "12.80",
        "202007": "13.28",
        "202008": "16.10",
        "202009": "20.48",
        "202010": "24.96",
        "202011": "25.04",
        "202012": "21.16",
        "202101": "20.03",
        "202102": "20.47",
        "202103": "23.55",
        "202104": "27.04",
        "202105": "25.89",
        "202106": "25.87",
        "202107": "24.18",
        "202108": "23.50",
        "202109": "24.00",
        "202110": "24.42",
        "202111": "25.21",
        "202112": "25.37",
        "202201": "24.19",
        "202202": "24.09",
        "202203": "24.52",
        "202204": "26.94",
        "202205": "29.39",
        "202206": "28.85",
        "202207": "27.40",
        "202208": "29.78",
        "202209": "31.52",
        "202210": "28.23",
        "202211": "28.44",
        "202212": "28.68",
        "202301": "28.63",
        "202302": "30.21",
        "202303": "31.11",
        "202304": "31.36",
        "202305": "30.86",
        "202306": "31.10",
        "202307": "27.10",
        "202308": "26.31",
        "202309": "26.84",
        "202310": "27.03",
        "202311": "27.49",
        "202312": "28.06"
    },
    "quarters": {
        "20011": {
            "year_quarter": 20011,
            "year": 2001,
            "quarter": 1,
            "eps": null,
            "eps_growth_year": null,
            "eps_4q": null,
            "eps_4q_growth_year": null,
            "roe": null,
            "roe_4q": 0,
            "gross_profit": null,
            "gross_margin": null,
            "gross_margin_4q_avg": 0,
            "net_income": null,
            "net_income_4q": null,
            "revenue": null,
            "revenue_4q": null,
            "common_shares": null,
            "book_valuer_per_share": null,
            "book_valuer_per_share_4q_avg": 0,
            "equity": null,
            "current_ratio": null,
            "debt_ratio": null,
            "inventory_turnover_ratio": null,
            "account_receivable_turnover_ratio": null,
            "reinvestment_rate": null,
            "research_to_sale_ratio": null,
            "price_fair": 0,
            "eps_avg_yearly": 0,
            "eps_latest_yearly": 0,
            "eps_growth_yearly": 0
        },
        "20012": {
            "year_quarter": 20012,
            "year": 2001,
            "quarter": 2,
            "eps": null,
            "eps_growth_year": null,
            "eps_4q": null,
            "eps_4q_growth_year": null,
            "roe": null,
            "roe_4q": 0,
            "gross_profit": null,
            "gross_margin": null,
            "gross_margin_4q_avg": 0,
            "net_income": null,
            "net_income_4q": null,
            "revenue": null,
            "revenue_4q": null,
            "common_shares": null,
            "book_valuer_per_share": null,
            "book_valuer_per_share_4q_avg": 0,
            "equity": null,
            "current_ratio": null,
            "debt_ratio": null,
            "inventory_turnover_ratio": null,
            "account_receivable_turnover_ratio": null,
            "reinvestment_rate": null,
            "research_to_sale_ratio": null,
            "price_fair": 0,
            "eps_avg_yearly": 0,
            "eps_latest_yearly": 0,
            "eps_growth_yearly": 0
        },
        "20013": {
            "year_quarter": 20013,
            "year": 2001,
            "quarter": 3,
            "eps": null,
            "eps_growth_year": null,
            "eps_4q": null,
            "eps_4q_growth_year": null,
            "roe": null,
            "roe_4q": 0,
            "gross_profit": null,
            "gross_margin": null,
            "gross_margin_4q_avg": 0,
            "net_income": null,
            "net_income_4q": null,
            "revenue": null,
            "revenue_4q": null,
            "common_shares": null,
            "book_valuer_per_share": null,
            "book_valuer_per_share_4q_avg": 0,
            "equity": null,
            "current_ratio": null,
            "debt_ratio": null,
            "inventory_turnover_ratio": null,
            "account_receivable_turnover_ratio": null,
            "reinvestment_rate": null,
            "research_to_sale_ratio": null,
            "price_fair": 0,
            "eps_avg_yearly": 0,
            "eps_latest_yearly": 0,
            "eps_growth_yearly": 0
        },
        "20014": {
            "year_quarter": 20014,
            "year": 2001,
            "quarter": 4,
            "eps": null,
            "eps_growth_year": null,
            "eps_4q": null,
            "eps_4q_growth_year": null,
            "roe": null,
            "roe_4q": 0,
            "gross_profit": null,
            "gross_margin": null,
            "gross_margin_4q_avg": 0,
            "net_income": null,
            "net_income_4q": null,
            "revenue": null,
            "revenue_4q": null,
            "common_shares": null,
            "book_valuer_per_share": null,
            "book_valuer_per_share_4q_avg": 0,
            "equity": null,
            "current_ratio": null,
            "debt_ratio": null,
            "inventory_turnover_ratio": null,
            "account_receivable_turnover_ratio": null,
            "reinvestment_rate": null,
            "research_to_sale_ratio": null,
            "price_fair": 0,
            "eps_avg_yearly": 0,
            "eps_latest_yearly": 0,
            "eps_growth_yearly": 0
        },
        "20021": {
            "year_quarter": 20021,
            "year": 2002,
            "quarter": 1,
            "eps": null,
            "eps_growth_year": null,
            "eps_4q": null,
            "eps_4q_growth_year": null,
            "roe": null,
            "roe_4q": 0,
            "gross_profit": null,
            "gross_margin": null,
            "gross_margin_4q_avg": 0,
            "net_income": null,
            "net_income_4q": null,
            "revenue": null,
            "revenue_4q": null,
            "common_shares": null,
            "book_valuer_per_share": null,
            "book_valuer_per_share_4q_avg": 0,
            "equity": null,
            "current_ratio": null,
            "debt_ratio": null,
            "inventory_turnover_ratio": null,
            "account_receivable_turnover_ratio": null,
            "reinvestment_rate": null,
            "research_to_sale_ratio": null,
            "price_fair": 0,
            "eps_avg_yearly": 0,
            "eps_latest_yearly": 0,
            "eps_growth_yearly": 0
        },
        "20022": {
            "year_quarter": 20022,
            "year": 2002,
            "quarter": 2,
            "eps": null,
            "eps_growth_year": null,
            "eps_4q": null,
            "eps_4q_growth_year": null,
            "roe": null,
            "roe_4q": 0,
            "gross_profit": null,
            "gross_margin": null,
            "gross_margin_4q_avg": 0,
            "net_income": null,
            "net_income_4q": null,
            "revenue": null,
            "revenue_4q": null,
            "common_shares": null,
            "book_valuer_per_share": null,
            "book_valuer_per_share_4q_avg": 0,
            "equity": null,
            "current_ratio": null,
            "debt_ratio": null,
            "inventory_turnover_ratio": null,
            "account_receivable_turnover_ratio": null,
            "reinvestment_rate": null,
            "research_to_sale_ratio": null,
            "price_fair": 0,
            "eps_avg_yearly": 0,
            "eps_latest_yearly": 0,
            "eps_growth_yearly": 0
        },
        "20023": {
            "year_quarter": 20023,
            "year": 2002,
            "quarter": 3,
            "eps": null,
            "eps_growth_year": null,
            "eps_4q": null,
            "eps_4q_growth_year": null,
            "roe": null,
            "roe_4q": 0,
            "gross_profit": null,
            "gross_margin": null,
            "gross_margin_4q_avg": 0,
            "net_income": null,
            "net_income_4q": null,
            "revenue": null,
            "revenue_4q": null,
            "common_shares": null,
            "book_valuer_per_share": null,
            "book_valuer_per_share_4q_avg": 0,
            "equity": null,
            "current_ratio": null,
            "debt_ratio": null,
            "inventory_turnover_ratio": null,
            "account_receivable_turnover_ratio": null,
            "reinvestment_rate": null,
            "research_to_sale_ratio": null,
            "price_fair": 0,
            "eps_avg_yearly": 0,
            "eps_latest_yearly": 0,
            "eps_growth_yearly": 0
        },
        "20024": {
            "year_quarter": 20024,
            "year": 2002,
            "quarter": 4,
            "eps": null,
            "eps_growth_year": null,
            "eps_4q": null,
            "eps_4q_growth_year": null,
            "roe": null,
            "roe_4q": 0,
            "gross_profit": null,
            "gross_margin": null,
            "gross_margin_4q_avg": 0,
            "net_income": null,
            "net_income_4q": null,
            "revenue": null,
            "revenue_4q": null,
            "common_shares": null,
            "book_valuer_per_share": null,
            "book_valuer_per_share_4q_avg": 0,
            "equity": null,
            "current_ratio": null,
            "debt_ratio": null,
            "inventory_turnover_ratio": null,
            "account_receivable_turnover_ratio": null,
            "reinvestment_rate": null,
            "research_to_sale_ratio": null,
            "price_fair": 0,
            "eps_avg_yearly": 0,
            "eps_latest_yearly": 0,
            "eps_growth_yearly": 0
        },
        "20031": {
            "year_quarter": 20031,
            "year": 2003,
            "quarter": 1,
            "eps": null,
            "eps_growth_year": null,
            "eps_4q": null,
            "eps_4q_growth_year": null,
            "roe": null,
            "roe_4q": 0,
            "gross_profit": null,
            "gross_margin": null,
            "gross_margin_4q_avg": 0,
            "net_income": null,
            "net_income_4q": null,
            "revenue": null,
            "revenue_4q": null,
            "common_shares": null,
            "book_valuer_per_share": null,
            "book_valuer_per_share_4q_avg": 0,
            "equity": null,
            "current_ratio": null,
            "debt_ratio": null,
            "inventory_turnover_ratio": null,
            "account_receivable_turnover_ratio": null,
            "reinvestment_rate": null,
            "research_to_sale_ratio": null,
            "price_fair": 0,
            "eps_avg_yearly": 0,
            "eps_latest_yearly": 0,
            "eps_growth_yearly": 0
        },
        "20032": {
            "year_quarter": 20032,
            "year": 2003,
            "quarter": 2,
            "eps": null,
            "eps_growth_year": null,
            "eps_4q": null,
            "eps_4q_growth_year": null,
            "roe": null,
            "roe_4q": 0,
            "gross_profit": null,
            "gross_margin": null,
            "gross_margin_4q_avg": 0,
            "net_income": null,
            "net_income_4q": null,
            "revenue": null,
            "revenue_4q": null,
            "common_shares": null,
            "book_valuer_per_share": null,
            "book_valuer_per_share_4q_avg": 0,
            "equity": null,
            "current_ratio": null,
            "debt_ratio": null,
            "inventory_turnover_ratio": null,
            "account_receivable_turnover_ratio": null,
            "reinvestment_rate": null,
            "research_to_sale_ratio": null,
            "price_fair": 0,
            "eps_avg_yearly": 0,
            "eps_latest_yearly": 0,
            "eps_growth_yearly": 0
        },
        "20033": {
            "year_quarter": 20033,
            "year": 2003,
            "quarter": 3,
            "eps": null,
            "eps_growth_year": null,
            "eps_4q": null,
            "eps_4q_growth_year": null,
            "roe": null,
            "roe_4q": 0,
            "gross_profit": null,
            "gross_margin": null,
            "gross_margin_4q_avg": 0,
            "net_income": null,
            "net_income_4q": null,
            "revenue": null,
            "revenue_4q": null,
            "common_shares": null,
            "book_valuer_per_share": null,
            "book_valuer_per_share_4q_avg": 0,
            "equity": null,
            "current_ratio": null,
            "debt_ratio": null,
            "inventory_turnover_ratio": null,
            "account_receivable_turnover_ratio": null,
            "reinvestment_rate": null,
            "research_to_sale_ratio": null,
            "price_fair": 0,
            "eps_avg_yearly": 0,
            "eps_latest_yearly": 0,
            "eps_growth_yearly": 0
        },
        "20034": {
            "year_quarter": 20034,
            "year": 2003,
            "quarter": 4,
            "eps": null,
            "eps_growth_year": null,
            "eps_4q": null,
            "eps_4q_growth_year": null,
            "roe": null,
            "roe_4q": 0,
            "gross_profit": null,
            "gross_margin": null,
            "gross_margin_4q_avg": 0,
            "net_income": null,
            "net_income_4q": null,
            "revenue": null,
            "revenue_4q": null,
            "common_shares": null,
            "book_valuer_per_share": null,
            "book_valuer_per_share_4q_avg": 0,
            "equity": null,
            "current_ratio": null,
            "debt_ratio": null,
            "inventory_turnover_ratio": null,
            "account_receivable_turnover_ratio": null,
            "reinvestment_rate": null,
            "research_to_sale_ratio": null,
            "price_fair": 0,
            "eps_avg_yearly": 0,
            "eps_latest_yearly": 0,
            "eps_growth_yearly": 0
        },
        "20041": {
            "year_quarter": 20041,
            "year": 2004,
            "quarter": 1,
            "eps": null,
            "eps_growth_year": null,
            "eps_4q": null,
            "eps_4q_growth_year": null,
            "roe": null,
            "roe_4q": 0,
            "gross_profit": null,
            "gross_margin": null,
            "gross_margin_4q_avg": 0,
            "net_income": null,
            "net_income_4q": null,
            "revenue": null,
            "revenue_4q": null,
            "common_shares": null,
            "book_valuer_per_share": null,
            "book_valuer_per_share_4q_avg": 0,
            "equity": null,
            "current_ratio": null,
            "debt_ratio": null,
            "inventory_turnover_ratio": null,
            "account_receivable_turnover_ratio": null,
            "reinvestment_rate": null,
            "research_to_sale_ratio": null,
            "price_fair": 0,
            "eps_avg_yearly": 0,
            "eps_latest_yearly": 0,
            "eps_growth_yearly": 0
        },
        "20042": {
            "year_quarter": 20042,
            "year": 2004,
            "quarter": 2,
            "eps": null,
            "eps_growth_year": null,
            "eps_4q": null,
            "eps_4q_growth_year": null,
            "roe": null,
            "roe_4q": 0,
            "gross_profit": null,
            "gross_margin": null,
            "gross_margin_4q_avg": 0,
            "net_income": null,
            "net_income_4q": null,
            "revenue": null,
            "revenue_4q": null,
            "common_shares": null,
            "book_valuer_per_share": null,
            "book_valuer_per_share_4q_avg": 0,
            "equity": null,
            "current_ratio": null,
            "debt_ratio": null,
            "inventory_turnover_ratio": null,
            "account_receivable_turnover_ratio": null,
            "reinvestment_rate": null,
            "research_to_sale_ratio": null,
            "price_fair": 0,
            "eps_avg_yearly": 0,
            "eps_latest_yearly": 0,
            "eps_growth_yearly": 0
        },
        "20043": {
            "year_quarter": 20043,
            "year": 2004,
            "quarter": 3,
            "eps": null,
            "eps_growth_year": null,
            "eps_4q": null,
            "eps_4q_growth_year": null,
            "roe": null,
            "roe_4q": 0,
            "gross_profit": null,
            "gross_margin": null,
            "gross_margin_4q_avg": 0,
            "net_income": null,
            "net_income_4q": null,
            "revenue": null,
            "revenue_4q": null,
            "common_shares": null,
            "book_valuer_per_share": null,
            "book_valuer_per_share_4q_avg": 0,
            "equity": null,
            "current_ratio": null,
            "debt_ratio": null,
            "inventory_turnover_ratio": null,
            "account_receivable_turnover_ratio": null,
            "reinvestment_rate": null,
            "research_to_sale_ratio": null,
            "price_fair": 0,
            "eps_avg_yearly": 0,
            "eps_latest_yearly": 0,
            "eps_growth_yearly": 0
        },
        "20044": {
            "year_quarter": 20044,
            "year": 2004,
            "quarter": 4,
            "eps": null,
            "eps_growth_year": null,
            "eps_4q": null,
            "eps_4q_growth_year": null,
            "roe": null,
            "roe_4q": 0,
            "gross_profit": null,
            "gross_margin": null,
            "gross_margin_4q_avg": 0,
            "net_income": null,
            "net_income_4q": null,
            "revenue": null,
            "revenue_4q": null,
            "common_shares": null,
            "book_valuer_per_share": null,
            "book_valuer_per_share_4q_avg": 0,
            "equity": null,
            "current_ratio": null,
            "debt_ratio": null,
            "inventory_turnover_ratio": null,
            "account_receivable_turnover_ratio": null,
            "reinvestment_rate": null,
            "research_to_sale_ratio": null,
            "price_fair": 0,
            "eps_avg_yearly": 0,
            "eps_latest_yearly": 0,
            "eps_growth_yearly": 0
        },
        "20051": {
            "year_quarter": 20051,
            "year": 2005,
            "quarter": 1,
            "eps": null,
            "eps_growth_year": null,
            "eps_4q": null,
            "eps_4q_growth_year": null,
            "roe": null,
            "roe_4q": 0,
            "gross_profit": null,
            "gross_margin": null,
            "gross_margin_4q_avg": 0,
            "net_income": null,
            "net_income_4q": null,
            "revenue": null,
            "revenue_4q": null,
            "common_shares": null,
            "book_valuer_per_share": null,
            "book_valuer_per_share_4q_avg": 0,
            "equity": null,
            "current_ratio": null,
            "debt_ratio": null,
            "inventory_turnover_ratio": null,
            "account_receivable_turnover_ratio": null,
            "reinvestment_rate": null,
            "research_to_sale_ratio": null,
            "price_fair": 0,
            "eps_avg_yearly": 0,
            "eps_latest_yearly": 0,
            "eps_growth_yearly": 0
        },
        "20052": {
            "year_quarter": 20052,
            "year": 2005,
            "quarter": 2,
            "eps": null,
            "eps_growth_year": null,
            "eps_4q": null,
            "eps_4q_growth_year": null,
            "roe": null,
            "roe_4q": 0,
            "gross_profit": null,
            "gross_margin": null,
            "gross_margin_4q_avg": 0,
            "net_income": null,
            "net_income_4q": null,
            "revenue": null,
            "revenue_4q": null,
            "common_shares": null,
            "book_valuer_per_share": null,
            "book_valuer_per_share_4q_avg": 0,
            "equity": null,
            "current_ratio": null,
            "debt_ratio": null,
            "inventory_turnover_ratio": null,
            "account_receivable_turnover_ratio": null,
            "reinvestment_rate": null,
            "research_to_sale_ratio": null,
            "price_fair": 0,
            "eps_avg_yearly": 0,
            "eps_latest_yearly": 0,
            "eps_growth_yearly": 0
        },
        "20053": {
            "year_quarter": 20053,
            "year": 2005,
            "quarter": 3,
            "eps": null,
            "eps_growth_year": null,
            "eps_4q": null,
            "eps_4q_growth_year": null,
            "roe": null,
            "roe_4q": 0,
            "gross_profit": null,
            "gross_margin": null,
            "gross_margin_4q_avg": 0,
            "net_income": null,
            "net_income_4q": null,
            "revenue": null,
            "revenue_4q": null,
            "common_shares": null,
            "book_valuer_per_share": null,
            "book_valuer_per_share_4q_avg": 0,
            "equity": null,
            "current_ratio": null,
            "debt_ratio": null,
            "inventory_turnover_ratio": null,
            "account_receivable_turnover_ratio": null,
            "reinvestment_rate": null,
            "research_to_sale_ratio": null,
            "price_fair": 0,
            "eps_avg_yearly": 0,
            "eps_latest_yearly": 0,
            "eps_growth_yearly": 0
        },
        "20054": {
            "year_quarter": 20054,
            "year": 2005,
            "quarter": 4,
            "eps": null,
            "eps_growth_year": null,
            "eps_4q": null,
            "eps_4q_growth_year": null,
            "roe": null,
            "roe_4q": 0,
            "gross_profit": null,
            "gross_margin": null,
            "gross_margin_4q_avg": 0,
            "net_income": null,
            "net_income_4q": null,
            "revenue": null,
            "revenue_4q": null,
            "common_shares": null,
            "book_valuer_per_share": null,
            "book_valuer_per_share_4q_avg": 0,
            "equity": null,
            "current_ratio": null,
            "debt_ratio": null,
            "inventory_turnover_ratio": null,
            "account_receivable_turnover_ratio": null,
            "reinvestment_rate": null,
            "research_to_sale_ratio": null,
            "price_fair": 0,
            "eps_avg_yearly": 0,
            "eps_latest_yearly": 0,
            "eps_growth_yearly": 0
        },
        "20061": {
            "year_quarter": 20061,
            "year": 2006,
            "quarter": 1,
            "eps": null,
            "eps_growth_year": null,
            "eps_4q": null,
            "eps_4q_growth_year": null,
            "roe": null,
            "roe_4q": 0,
            "gross_profit": null,
            "gross_margin": null,
            "gross_margin_4q_avg": 0,
            "net_income": null,
            "net_income_4q": null,
            "revenue": null,
            "revenue_4q": null,
            "common_shares": null,
            "book_valuer_per_share": null,
            "book_valuer_per_share_4q_avg": 0,
            "equity": null,
            "current_ratio": null,
            "debt_ratio": null,
            "inventory_turnover_ratio": null,
            "account_receivable_turnover_ratio": null,
            "reinvestment_rate": null,
            "research_to_sale_ratio": null,
            "price_fair": 0,
            "eps_avg_yearly": 0,
            "eps_latest_yearly": 0,
            "eps_growth_yearly": 0
        },
        "20062": {
            "year_quarter": 20062,
            "year": 2006,
            "quarter": 2,
            "eps": null,
            "eps_growth_year": null,
            "eps_4q": null,
            "eps_4q_growth_year": null,
            "roe": null,
            "roe_4q": 0,
            "gross_profit": null,
            "gross_margin": null,
            "gross_margin_4q_avg": 0,
            "net_income": null,
            "net_income_4q": null,
            "revenue": null,
            "revenue_4q": null,
            "common_shares": null,
            "book_valuer_per_share": null,
            "book_valuer_per_share_4q_avg": 0,
            "equity": null,
            "current_ratio": null,
            "debt_ratio": null,
            "inventory_turnover_ratio": null,
            "account_receivable_turnover_ratio": null,
            "reinvestment_rate": null,
            "research_to_sale_ratio": null,
            "price_fair": 0,
            "eps_avg_yearly": 0,
            "eps_latest_yearly": 0,
            "eps_growth_yearly": 0
        },
        "20063": {
            "year_quarter": 20063,
            "year": 2006,
            "quarter": 3,
            "eps": null,
            "eps_growth_year": null,
            "eps_4q": null,
            "eps_4q_growth_year": null,
            "roe": null,
            "roe_4q": 0,
            "gross_profit": null,
            "gross_margin": null,
            "gross_margin_4q_avg": 0,
            "net_income": null,
            "net_income_4q": null,
            "revenue": null,
            "revenue_4q": null,
            "common_shares": null,
            "book_valuer_per_share": null,
            "book_valuer_per_share_4q_avg": 0,
            "equity": null,
            "current_ratio": null,
            "debt_ratio": null,
            "inventory_turnover_ratio": null,
            "account_receivable_turnover_ratio": null,
            "reinvestment_rate": null,
            "research_to_sale_ratio": null,
            "price_fair": 0,
            "eps_avg_yearly": 0,
            "eps_latest_yearly": 0,
            "eps_growth_yearly": 0
        },
        "20064": {
            "year_quarter": 20064,
            "year": 2006,
            "quarter": 4,
            "eps": null,
            "eps_growth_year": null,
            "eps_4q": null,
            "eps_4q_growth_year": null,
            "roe": null,
            "roe_4q": 0,
            "gross_profit": null,
            "gross_margin": null,
            "gross_margin_4q_avg": 0,
            "net_income": null,
            "net_income_4q": null,
            "revenue": null,
            "revenue_4q": null,
            "common_shares": null,
            "book_valuer_per_share": null,
            "book_valuer_per_share_4q_avg": 0,
            "equity": null,
            "current_ratio": null,
            "debt_ratio": null,
            "inventory_turnover_ratio": null,
            "account_receivable_turnover_ratio": null,
            "reinvestment_rate": null,
            "research_to_sale_ratio": null,
            "price_fair": 0,
            "eps_avg_yearly": 0,
            "eps_latest_yearly": 0,
            "eps_growth_yearly": 0
        },
        "20071": {
            "year_quarter": 20071,
            "year": 2007,
            "quarter": 1,
            "eps": null,
            "eps_growth_year": null,
            "eps_4q": null,
            "eps_4q_growth_year": null,
            "roe": null,
            "roe_4q": 0,
            "gross_profit": null,
            "gross_margin": null,
            "gross_margin_4q_avg": 0,
            "net_income": null,
            "net_income_4q": null,
            "revenue": null,
            "revenue_4q": null,
            "common_shares": null,
            "book_valuer_per_share": null,
            "book_valuer_per_share_4q_avg": 0,
            "equity": null,
            "current_ratio": null,
            "debt_ratio": null,
            "inventory_turnover_ratio": null,
            "account_receivable_turnover_ratio": null,
            "reinvestment_rate": null,
            "research_to_sale_ratio": null,
            "price_fair": 0,
            "eps_avg_yearly": 0,
            "eps_latest_yearly": 0,
            "eps_growth_yearly": 0
        },
        "20072": {
            "year_quarter": 20072,
            "year": 2007,
            "quarter": 2,
            "eps": null,
            "eps_growth_year": null,
            "eps_4q": null,
            "eps_4q_growth_year": null,
            "roe": null,
            "roe_4q": 0,
            "gross_profit": null,
            "gross_margin": null,
            "gross_margin_4q_avg": 0,
            "net_income": null,
            "net_income_4q": null,
            "revenue": null,
            "revenue_4q": null,
            "common_shares": null,
            "book_valuer_per_share": null,
            "book_valuer_per_share_4q_avg": 0,
            "equity": null,
            "current_ratio": null,
            "debt_ratio": null,
            "inventory_turnover_ratio": null,
            "account_receivable_turnover_ratio": null,
            "reinvestment_rate": null,
            "research_to_sale_ratio": null,
            "price_fair": 0,
            "eps_avg_yearly": 0,
            "eps_latest_yearly": 0,
            "eps_growth_yearly": 0
        },
        "20073": {
            "year_quarter": 20073,
            "year": 2007,
            "quarter": 3,
            "eps": null,
            "eps_growth_year": null,
            "eps_4q": null,
            "eps_4q_growth_year": null,
            "roe": null,
            "roe_4q": 0,
            "gross_profit": null,
            "gross_margin": null,
            "gross_margin_4q_avg": 0,
            "net_income": null,
            "net_income_4q": null,
            "revenue": null,
            "revenue_4q": null,
            "common_shares": null,
            "book_valuer_per_share": null,
            "book_valuer_per_share_4q_avg": 0,
            "equity": null,
            "current_ratio": null,
            "debt_ratio": null,
            "inventory_turnover_ratio": null,
            "account_receivable_turnover_ratio": null,
            "reinvestment_rate": null,
            "research_to_sale_ratio": null,
            "price_fair": 0,
            "eps_avg_yearly": 0,
            "eps_latest_yearly": 0,
            "eps_growth_yearly": 0
        },
        "20074": {
            "year_quarter": 20074,
            "year": 2007,
            "quarter": 4,
            "eps": null,
            "eps_growth_year": null,
            "eps_4q": null,
            "eps_4q_growth_year": null,
            "roe": null,
            "roe_4q": 0,
            "gross_profit": null,
            "gross_margin": null,
            "gross_margin_4q_avg": 0,
            "net_income": null,
            "net_income_4q": null,
            "revenue": null,
            "revenue_4q": null,
            "common_shares": null,
            "book_valuer_per_share": null,
            "book_valuer_per_share_4q_avg": 0,
            "equity": null,
            "current_ratio": null,
            "debt_ratio": null,
            "inventory_turnover_ratio": null,
            "account_receivable_turnover_ratio": null,
            "reinvestment_rate": null,
            "research_to_sale_ratio": null,
            "price_fair": 0,
            "eps_avg_yearly": 0,
            "eps_latest_yearly": 0,
            "eps_growth_yearly": 0
        },
        "20081": {
            "year_quarter": 20081,
            "year": 2008,
            "quarter": 1,
            "eps": null,
            "eps_growth_year": null,
            "eps_4q": null,
            "eps_4q_growth_year": null,
            "roe": null,
            "roe_4q": 0,
            "gross_profit": null,
            "gross_margin": null,
            "gross_margin_4q_avg": 0,
            "net_income": null,
            "net_income_4q": null,
            "revenue": null,
            "revenue_4q": null,
            "common_shares": null,
            "book_valuer_per_share": null,
            "book_valuer_per_share_4q_avg": 0,
            "equity": null,
            "current_ratio": null,
            "debt_ratio": null,
            "inventory_turnover_ratio": null,
            "account_receivable_turnover_ratio": null,
            "reinvestment_rate": null,
            "research_to_sale_ratio": null,
            "price_fair": 0,
            "eps_avg_yearly": 0,
            "eps_latest_yearly": 0,
            "eps_growth_yearly": 0
        },
        "20082": {
            "year_quarter": 20082,
            "year": 2008,
            "quarter": 2,
            "eps": null,
            "eps_growth_year": null,
            "eps_4q": null,
            "eps_4q_growth_year": null,
            "roe": null,
            "roe_4q": 0,
            "gross_profit": null,
            "gross_margin": null,
            "gross_margin_4q_avg": 0,
            "net_income": null,
            "net_income_4q": null,
            "revenue": null,
            "revenue_4q": null,
            "common_shares": null,
            "book_valuer_per_share": null,
            "book_valuer_per_share_4q_avg": 0,
            "equity": null,
            "current_ratio": null,
            "debt_ratio": null,
            "inventory_turnover_ratio": null,
            "account_receivable_turnover_ratio": null,
            "reinvestment_rate": null,
            "research_to_sale_ratio": null,
            "price_fair": 0,
            "eps_avg_yearly": 0,
            "eps_latest_yearly": 0,
            "eps_growth_yearly": 0
        },
        "20083": {
            "year_quarter": 20083,
            "year": 2008,
            "quarter": 3,
            "eps": null,
            "eps_growth_year": null,
            "eps_4q": null,
            "eps_4q_growth_year": null,
            "roe": null,
            "roe_4q": 0,
            "gross_profit": null,
            "gross_margin": null,
            "gross_margin_4q_avg": 0,
            "net_income": null,
            "net_income_4q": null,
            "revenue": null,
            "revenue_4q": null,
            "common_shares": null,
            "book_valuer_per_share": null,
            "book_valuer_per_share_4q_avg": 0,
            "equity": null,
            "current_ratio": null,
            "debt_ratio": null,
            "inventory_turnover_ratio": null,
            "account_receivable_turnover_ratio": null,
            "reinvestment_rate": null,
            "research_to_sale_ratio": null,
            "price_fair": 0,
            "eps_avg_yearly": 0,
            "eps_latest_yearly": 0,
            "eps_growth_yearly": 0
        },
        "20084": {
            "year_quarter": 20084,
            "year": 2008,
            "quarter": 4,
            "eps": null,
            "eps_growth_year": null,
            "eps_4q": null,
            "eps_4q_growth_year": null,
            "roe": null,
            "roe_4q": 0,
            "gross_profit": null,
            "gross_margin": null,
            "gross_margin_4q_avg": 0,
            "net_income": null,
            "net_income_4q": null,
            "revenue": null,
            "revenue_4q": null,
            "common_shares": 8595721,
            "book_valuer_per_share": null,
            "book_valuer_per_share_4q_avg": 0,
            "equity": 17448131,
            "current_ratio": null,
            "debt_ratio": null,
            "inventory_turnover_ratio": null,
            "account_receivable_turnover_ratio": null,
            "reinvestment_rate": null,
            "research_to_sale_ratio": null,
            "price_fair": 0,
            "eps_avg_yearly": 0,
            "eps_latest_yearly": 0,
            "eps_growth_yearly": 0
        },
        "20091": {
            "year_quarter": 20091,
            "year": 2009,
            "quarter": 1,
            "eps": null,
            "eps_growth_year": null,
            "eps_4q": null,
            "eps_4q_growth_year": null,
            "roe": null,
            "roe_4q": 0,
            "gross_profit": 649377,
            "gross_margin": null,
            "gross_margin_4q_avg": 0,
            "net_income": 136109,
            "net_income_4q": null,
            "revenue": 6160569,
            "revenue_4q": null,
            "common_shares": 8411581,
            "book_valuer_per_share": null,
            "book_valuer_per_share_4q_avg": 0,
            "equity": 17671559,
            "current_ratio": null,
            "debt_ratio": null,
            "inventory_turnover_ratio": null,
            "account_receivable_turnover_ratio": null,
            "reinvestment_rate": null,
            "research_to_sale_ratio": null,
            "price_fair": 0,
            "eps_avg_yearly": 0,
            "eps_latest_yearly": 0,
            "eps_growth_yearly": 0
        },
        "20092": {
            "year_quarter": 20092,
            "year": 2009,
            "quarter": 2,
            "eps": null,
            "eps_growth_year": null,
            "eps_4q": null,
            "eps_4q_growth_year": null,
            "roe": null,
            "roe_4q": 0,
            "gross_profit": -649377,
            "gross_margin": null,
            "gross_margin_4q_avg": 0,
            "net_income": -136109,
            "net_income_4q": null,
            "revenue": -6160569,
            "revenue_4q": null,
            "common_shares": 0,
            "book_valuer_per_share": null,
            "book_valuer_per_share_4q_avg": 0,
            "equity": 0,
            "current_ratio": null,
            "debt_ratio": null,
            "inventory_turnover_ratio": null,
            "account_receivable_turnover_ratio": null,
            "reinvestment_rate": null,
            "research_to_sale_ratio": null,
            "price_fair": 0,
            "eps_avg_yearly": 0,
            "eps_latest_yearly": 0,
            "eps_growth_yearly": 0
        },
        "20093": {
            "year_quarter": 20093,
            "year": 2009,
            "quarter": 3,
            "eps": null,
            "eps_growth_year": null,
            "eps_4q": null,
            "eps_4q_growth_year": null,
            "roe": null,
            "roe_4q": 0,
            "gross_profit": 0,
            "gross_margin": null,
            "gross_margin_4q_avg": 0,
            "net_income": 0,
            "net_income_4q": null,
            "revenue": 0,
            "revenue_4q": null,
            "common_shares": 0,
            "book_valuer_per_share": null,
            "book_valuer_per_share_4q_avg": 0,
            "equity": 0,
            "current_ratio": null,
            "debt_ratio": null,
            "inventory_turnover_ratio": null,
            "account_receivable_turnover_ratio": null,
            "reinvestment_rate": null,
            "research_to_sale_ratio": null,
            "price_fair": 0,
            "eps_avg_yearly": 0,
            "eps_latest_yearly": 0,
            "eps_growth_yearly": 0
        },
        "20094": {
            "year_quarter": 20094,
            "year": 2009,
            "quarter": 4,
            "eps": null,
            "eps_growth_year": null,
            "eps_4q": null,
            "eps_4q_growth_year": null,
            "roe": null,
            "roe_4q": 0,
            "gross_profit": 3399947,
            "gross_margin": null,
            "gross_margin_4q_avg": 0,
            "net_income": 637768,
            "net_income_4q": null,
            "revenue": 31002666,
            "revenue_4q": null,
            "common_shares": 8411581,
            "book_valuer_per_share": 18.3,
            "book_valuer_per_share_4q_avg": 4.58,
            "equity": 17721821,
            "current_ratio": 127.78,
            "debt_ratio": 62.27,
            "inventory_turnover_ratio": null,
            "account_receivable_turnover_ratio": null,
            "reinvestment_rate": null,
            "research_to_sale_ratio": null,
            "price_fair": 0,
            "eps_avg_yearly": 0,
            "eps_latest_yearly": 0,
            "eps_growth_yearly": 0
        },
        "20101": {
            "year_quarter": 20101,
            "year": 2010,
            "quarter": 1,
            "eps": 0.03,
            "eps_growth_year": null,
            "eps_4q": 0.03,
            "eps_4q_growth_year": null,
            "roe": 0.06,
            "roe_4q": 0.06,
            "gross_profit": 452144,
            "gross_margin": 8.49,
            "gross_margin_4q_avg": 2.12,
            "net_income": 11236,
            "net_income_4q": null,
            "revenue": 5326217,
            "revenue_4q": null,
            "common_shares": 8411581,
            "book_valuer_per_share": 0,
            "book_valuer_per_share_4q_avg": 4.58,
            "equity": 17754155,
            "current_ratio": 129.22,
            "debt_ratio": 63.68,
            "inventory_turnover_ratio": 0.49,
            "account_receivable_turnover_ratio": 1.24,
            "reinvestment_rate": null,
            "research_to_sale_ratio": null,
            "price_fair": 0,
            "eps_avg_yearly": 0,
            "eps_latest_yearly": 0,
            "eps_growth_yearly": 0
        },
        "20102": {
            "year_quarter": 20102,
            "year": 2010,
            "quarter": 2,
            "eps": 0.54,
            "eps_growth_year": null,
            "eps_4q": 0.57,
            "eps_4q_growth_year": null,
            "roe": 3.43,
            "roe_4q": 3.49,
            "gross_profit": 958395,
            "gross_margin": 20.54,
            "gross_margin_4q_avg": 7.26,
            "net_income": 620481,
            "net_income_4q": null,
            "revenue": 4664992,
            "revenue_4q": null,
            "common_shares": 8411581,
            "book_valuer_per_share": 18.94,
            "book_valuer_per_share_4q_avg": 9.31,
            "equity": 18413341,
            "current_ratio": 123.79,
            "debt_ratio": 64.35,
            "inventory_turnover_ratio": 0.34,
            "account_receivable_turnover_ratio": 1.05,
            "reinvestment_rate": null,
            "research_to_sale_ratio": null,
            "price_fair": 75.6,
            "eps_avg_yearly": 2.16,
            "eps_latest_yearly": 2.16,
            "eps_growth_yearly": 6800
        },
        "20103": {
            "year_quarter": 20103,
            "year": 2010,
            "quarter": 3,
            "eps": 0.52,
            "eps_growth_year": null,
            "eps_4q": 1.09,
            "eps_4q_growth_year": null,
            "roe": 7.72,
            "roe_4q": 11.21,
            "gross_profit": 902932,
            "gross_margin": 12.91,
            "gross_margin_4q_avg": 10.49,
            "net_income": 1473018,
            "net_income_4q": null,
            "revenue": 6995189,
            "revenue_4q": null,
            "common_shares": 8411581,
            "book_valuer_per_share": 19.4,
            "book_valuer_per_share_4q_avg": 14.16,
            "equity": 19765306,
            "current_ratio": 132.25,
            "debt_ratio": 60.71,
            "inventory_turnover_ratio": 0.55,
            "account_receivable_turnover_ratio": 1.6,
            "reinvestment_rate": null,
            "research_to_sale_ratio": null,
            "price_fair": 74.2,
            "eps_avg_yearly": 2.12,
            "eps_latest_yearly": 2.08,
            "eps_growth_yearly": 3392.59
        },
        "20104": {
            "year_quarter": 20104,
            "year": 2010,
            "quarter": 4,
            "eps": 0.02,
            "eps_growth_year": null,
            "eps_4q": 1.11,
            "eps_4q_growth_year": null,
            "roe": 1.05,
            "roe_4q": 12.26,
            "gross_profit": 1202676,
            "gross_margin": 14.08,
            "gross_margin_4q_avg": 14.01,
            "net_income": 200185,
            "net_income_4q": null,
            "revenue": 8540097,
            "revenue_4q": null,
            "common_shares": 8411581,
            "book_valuer_per_share": 19.04,
            "book_valuer_per_share_4q_avg": 14.35,
            "equity": 18208802,
            "current_ratio": 122.84,
            "debt_ratio": 65.51,
            "inventory_turnover_ratio": 0.55,
            "account_receivable_turnover_ratio": 1.95,
            "reinvestment_rate": null,
            "research_to_sale_ratio": null,
            "price_fair": 50.4,
            "eps_avg_yearly": 1.44,
            "eps_latest_yearly": 0.08,
            "eps_growth_yearly": 2133.52
        },
        "20111": {
            "year_quarter": 20111,
            "year": 2011,
            "quarter": 1,
            "eps": 0.47,
            "eps_growth_year": 1466.67,
            "eps_4q": 1.55,
            "eps_4q_growth_year": 4981.78,
            "roe": 2.29,
            "roe_4q": 14.489999999999998,
            "gross_profit": 955713,
            "gross_margin": 15.64,
            "gross_margin_4q_avg": 15.79,
            "net_income": 422143,
            "net_income_4q": null,
            "revenue": 6109989,
            "revenue_4q": null,
            "common_shares": 8411581,
            "book_valuer_per_share": 19.59,
            "book_valuer_per_share_4q_avg": 19.24,
            "equity": 18708118,
            "current_ratio": 123.08,
            "debt_ratio": 64.92,
            "inventory_turnover_ratio": 0.32,
            "account_receivable_turnover_ratio": 1.4,
            "reinvestment_rate": null,
            "research_to_sale_ratio": null,
            "price_fair": 54.25,
            "eps_avg_yearly": 1.55,
            "eps_latest_yearly": 1.88,
            "eps_growth_yearly": 3850.14
        },
        "20112": {
            "year_quarter": 20112,
            "year": 2011,
            "quarter": 2,
            "eps": 0.12,
            "eps_growth_year": -77.43,
            "eps_4q": 1.13,
            "eps_4q_growth_year": 97.36,
            "roe": 0.68,
            "roe_4q": 11.74,
            "gross_profit": 414222,
            "gross_margin": 7.31,
            "gross_margin_4q_avg": 12.49,
            "net_income": 125514,
            "net_income_4q": null,
            "revenue": 5663115,
            "revenue_4q": null,
            "common_shares": 8411581,
            "book_valuer_per_share": 18.98,
            "book_valuer_per_share_4q_avg": 19.25,
            "equity": 18168540,
            "current_ratio": 122.12,
            "debt_ratio": 65.36,
            "inventory_turnover_ratio": 0.33,
            "account_receivable_turnover_ratio": 1.38,
            "reinvestment_rate": null,
            "research_to_sale_ratio": null,
            "price_fair": 46.76,
            "eps_avg_yearly": 1.34,
            "eps_latest_yearly": 0.48,
            "eps_growth_yearly": 3020.54
        },
        "20113": {
            "year_quarter": 20113,
            "year": 2011,
            "quarter": 3,
            "eps": 0.45,
            "eps_growth_year": -12.66,
            "eps_4q": 1.06,
            "eps_4q_growth_year": -2.52,
            "roe": 2.14,
            "roe_4q": 6.16,
            "gross_profit": 890144,
            "gross_margin": 14.16,
            "gross_margin_4q_avg": 12.8,
            "net_income": 395239,
            "net_income_4q": null,
            "revenue": 6285873,
            "revenue_4q": null,
            "common_shares": 8411581,
            "book_valuer_per_share": 19.47,
            "book_valuer_per_share_4q_avg": 19.27,
            "equity": 18717896,
            "current_ratio": 123.97,
            "debt_ratio": 63.78,
            "inventory_turnover_ratio": 0.36,
            "account_receivable_turnover_ratio": 1.45,
            "reinvestment_rate": null,
            "research_to_sale_ratio": null,
            "price_fair": 49.47,
            "eps_avg_yearly": 1.41,
            "eps_latest_yearly": 1.8,
            "eps_growth_yearly": 2700.45
        },
        "20114": {
            "year_quarter": 20114,
            "year": 2011,
            "quarter": 4,
            "eps": 0.12,
            "eps_growth_year": 639.15,
            "eps_4q": 1.17,
            "eps_4q_growth_year": 5.69,
            "roe": 0.7,
            "roe_4q": 5.8100000000000005,
            "gross_profit": 1072618,
            "gross_margin": 12.19,
            "gross_margin_4q_avg": 12.33,
            "net_income": 131187,
            "net_income_4q": null,
            "revenue": 8801559,
            "revenue_4q": null,
            "common_shares": 8411581,
            "book_valuer_per_share": 19.4,
            "book_valuer_per_share_4q_avg": 19.36,
            "equity": 18688280,
            "current_ratio": 133.11,
            "debt_ratio": 62.17,
            "inventory_turnover_ratio": 0.61,
            "account_receivable_turnover_ratio": 1.87,
            "reinvestment_rate": null,
            "research_to_sale_ratio": null,
            "price_fair": 44.8,
            "eps_avg_yearly": 1.28,
            "eps_latest_yearly": 0.48,
            "eps_growth_yearly": 2272.77
        },
        "20121": {
            "year_quarter": 20121,
            "year": 2012,
            "quarter": 1,
            "eps": 0.54,
            "eps_growth_year": 14.89,
            "eps_4q": 1.24,
            "eps_4q_growth_year": -19.97,
            "roe": 2.53,
            "roe_4q": 6.049999999999999,
            "gross_profit": 980846,
            "gross_margin": 13.91,
            "gross_margin_4q_avg": 11.89,
            "net_income": 478248,
            "net_income_4q": null,
            "revenue": 7052044,
            "revenue_4q": null,
            "common_shares": 8411581,
            "book_valuer_per_share": 19.9,
            "book_valuer_per_share_4q_avg": 19.44,
            "equity": 19091158,
            "current_ratio": 140.15,
            "debt_ratio": 60.36,
            "inventory_turnover_ratio": 0.59,
            "account_receivable_turnover_ratio": 1.46,
            "reinvestment_rate": null,
            "research_to_sale_ratio": null,
            "price_fair": 48.65,
            "eps_avg_yearly": 1.39,
            "eps_latest_yearly": 2.16,
            "eps_growth_yearly": 2163.67
        },
        "20122": {
            "year_quarter": 20122,
            "year": 2012,
            "quarter": 2,
            "eps": 0.14,
            "eps_growth_year": 14.46,
            "eps_4q": 1.26,
            "eps_4q_growth_year": 11.32,
            "roe": 1.2,
            "roe_4q": 6.57,
            "gross_profit": 802829,
            "gross_margin": 12.02,
            "gross_margin_4q_avg": 13.07,
            "net_income": 227020,
            "net_income_4q": null,
            "revenue": 6680695,
            "revenue_4q": null,
            "common_shares": 8411581,
            "book_valuer_per_share": 19.34,
            "book_valuer_per_share_4q_avg": 19.53,
            "equity": 18757307,
            "current_ratio": 138.02,
            "debt_ratio": 61.57,
            "inventory_turnover_ratio": 0.54,
            "account_receivable_turnover_ratio": 1.4,
            "reinvestment_rate": null,
            "research_to_sale_ratio": null,
            "price_fair": 45.42,
            "eps_avg_yearly": 1.3,
            "eps_latest_yearly": 0.56,
            "eps_growth_yearly": 1890.34
        },
        "20123": {
            "year_quarter": 20123,
            "year": 2012,
            "quarter": 3,
            "eps": 0.12,
            "eps_growth_year": -73.27,
            "eps_4q": 0.92,
            "eps_4q_growth_year": -13.02,
            "roe": 0.68,
            "roe_4q": 5.11,
            "gross_profit": 681766,
            "gross_margin": 10.94,
            "gross_margin_4q_avg": 12.27,
            "net_income": 128393,
            "net_income_4q": null,
            "revenue": 6229471,
            "revenue_4q": null,
            "common_shares": 8411581,
            "book_valuer_per_share": 19.52,
            "book_valuer_per_share_4q_avg": 19.54,
            "equity": 18905067,
            "current_ratio": 134.04,
            "debt_ratio": 63.8,
            "inventory_turnover_ratio": 0.39,
            "account_receivable_turnover_ratio": 1.29,
            "reinvestment_rate": null,
            "research_to_sale_ratio": null,
            "price_fair": 42.56,
            "eps_avg_yearly": 1.22,
            "eps_latest_yearly": 0.48,
            "eps_growth_yearly": 1695.59
        },
        "20124": {
            "year_quarter": 20124,
            "year": 2012,
            "quarter": 4,
            "eps": 0.56,
            "eps_growth_year": 354.13,
            "eps_4q": 1.36,
            "eps_4q_growth_year": 16.57,
            "roe": 3.28,
            "roe_4q": 7.6899999999999995,
            "gross_profit": 1149739,
            "gross_margin": 13.47,
            "gross_margin_4q_avg": 12.59,
            "net_income": 590661,
            "net_income_4q": null,
            "revenue": 8535036,
            "revenue_4q": null,
            "common_shares": 8411581,
            "book_valuer_per_share": 19.92,
            "book_valuer_per_share_4q_avg": 19.67,
            "equity": 17103897,
            "current_ratio": 147.62,
            "debt_ratio": 66.44,
            "inventory_turnover_ratio": 0.41,
            "account_receivable_turnover_ratio": 2.27,
            "reinvestment_rate": -2.48,
            "research_to_sale_ratio": null,
            "price_fair": 45.82,
            "eps_avg_yearly": 1.31,
            "eps_latest_yearly": 2.24,
            "eps_growth_yearly": 1674.78
        },
        "20131": {
            "year_quarter": 20131,
            "year": 2013,
            "quarter": 1,
            "eps": -0.01,
            "eps_growth_year": -101.85,
            "eps_4q": 0.82,
            "eps_4q_growth_year": -34.1,
            "roe": -0.04,
            "roe_4q": 5.12,
            "gross_profit": 270664,
            "gross_margin": 8.49,
            "gross_margin_4q_avg": 11.23,
            "net_income": -6802,
            "net_income_4q": null,
            "revenue": 3186827,
            "revenue_4q": null,
            "common_shares": 8411581,
            "book_valuer_per_share": 22.24,
            "book_valuer_per_share_4q_avg": 20.26,
            "equity": 19542623,
            "current_ratio": 132.21,
            "debt_ratio": 63.58,
            "inventory_turnover_ratio": 0.15,
            "account_receivable_turnover_ratio": 1.27,
            "reinvestment_rate": -269.36,
            "research_to_sale_ratio": null,
            "price_fair": 45.82,
            "eps_avg_yearly": 1.31,
            "eps_latest_yearly": 2.24,
            "eps_growth_yearly": 1674.78
        },
        "20132": {
            "year_quarter": 20132,
            "year": 2013,
            "quarter": 2,
            "eps": -0.08,
            "eps_growth_year": -157.21,
            "eps_4q": 0.6,
            "eps_4q_growth_year": -52.31,
            "roe": -0.33,
            "roe_4q": 3.59,
            "gross_profit": 139613,
            "gross_margin": 3.51,
            "gross_margin_4q_avg": 9.1,
            "net_income": -63164,
            "net_income_4q": null,
            "revenue": 3979357,
            "revenue_4q": null,
            "common_shares": 8411581,
            "book_valuer_per_share": 20.86,
            "book_valuer_per_share_4q_avg": 20.64,
            "equity": 18354371,
            "current_ratio": 125.74,
            "debt_ratio": 66.05,
            "inventory_turnover_ratio": 0.19,
            "account_receivable_turnover_ratio": 1.6,
            "reinvestment_rate": 187.32,
            "research_to_sale_ratio": null,
            "price_fair": 45.82,
            "eps_avg_yearly": 1.31,
            "eps_latest_yearly": 2.24,
            "eps_growth_yearly": 1674.78
        },
        "20133": {
            "year_quarter": 20133,
            "year": 2013,
            "quarter": 3,
            "eps": 0.36,
            "eps_growth_year": 197.37,
            "eps_4q": 0.83,
            "eps_4q_growth_year": -9.69,
            "roe": 1.69,
            "roe_4q": 4.6,
            "gross_profit": 464819,
            "gross_margin": 10.74,
            "gross_margin_4q_avg": 9.05,
            "net_income": 313908,
            "net_income_4q": null,
            "revenue": 4329179,
            "revenue_4q": null,
            "common_shares": 8411581,
            "book_valuer_per_share": 21.51,
            "book_valuer_per_share_4q_avg": 21.13,
            "equity": 18853870,
            "current_ratio": 127.12,
            "debt_ratio": 65.79,
            "inventory_turnover_ratio": 0.19,
            "account_receivable_turnover_ratio": 1.58,
            "reinvestment_rate": 170.81,
            "research_to_sale_ratio": null,
            "price_fair": 45.82,
            "eps_avg_yearly": 1.31,
            "eps_latest_yearly": 2.24,
            "eps_growth_yearly": 1674.78
        },
        "20134": {
            "year_quarter": 20134,
            "year": 2013,
            "quarter": 4,
            "eps": 0.82,
            "eps_growth_year": 46.03,
            "eps_4q": 1.09,
            "eps_4q_growth_year": -19.77,
            "roe": 3.61,
            "roe_4q": 4.93,
            "gross_profit": 1035174,
            "gross_margin": 15.96,
            "gross_margin_4q_avg": 9.68,
            "net_income": 694667,
            "net_income_4q": null,
            "revenue": 6487101,
            "revenue_4q": null,
            "common_shares": 8411581,
            "book_valuer_per_share": 22.46,
            "book_valuer_per_share_4q_avg": 21.77,
            "equity": 19654894,
            "current_ratio": 139.38,
            "debt_ratio": 65.41,
            "inventory_turnover_ratio": 0.27,
            "account_receivable_turnover_ratio": 1.85,
            "reinvestment_rate": -413.46,
            "research_to_sale_ratio": null,
            "price_fair": 51.57,
            "eps_avg_yearly": 1.47,
            "eps_latest_yearly": 3.28,
            "eps_growth_yearly": 1577.81
        },
        "20141": {
            "year_quarter": 20141,
            "year": 2014,
            "quarter": 1,
            "eps": -0.12,
            "eps_growth_year": null,
            "eps_4q": 0.98,
            "eps_4q_growth_year": 20.28,
            "roe": -0.5,
            "roe_4q": 4.47,
            "gross_profit": 337721,
            "gross_margin": 7.95,
            "gross_margin_4q_avg": 9.54,
            "net_income": -97024,
            "net_income_4q": null,
            "revenue": 4245917,
            "revenue_4q": null,
            "common_shares": 8411581,
            "book_valuer_per_share": 21.88,
            "book_valuer_per_share_4q_avg": 21.68,
            "equity": 19035189,
            "current_ratio": 137.19,
            "debt_ratio": 66.4,
            "inventory_turnover_ratio": 0.19,
            "account_receivable_turnover_ratio": 1.14,
            "reinvestment_rate": -426.69,
            "research_to_sale_ratio": null,
            "price_fair": 51.57,
            "eps_avg_yearly": 1.47,
            "eps_latest_yearly": 3.28,
            "eps_growth_yearly": 1577.81
        },
        "20142": {
            "year_quarter": 20142,
            "year": 2014,
            "quarter": 2,
            "eps": 1.04,
            "eps_growth_year": null,
            "eps_4q": 2,
            "eps_4q_growth_year": 234.21,
            "roe": 4.6,
            "roe_4q": 9.399999999999999,
            "gross_profit": 1351953,
            "gross_margin": 19.92,
            "gross_margin_4q_avg": 13.64,
            "net_income": 879163,
            "net_income_4q": null,
            "revenue": 6785488,
            "revenue_4q": null,
            "common_shares": 8832160,
            "book_valuer_per_share": 21.04,
            "book_valuer_per_share_4q_avg": 21.72,
            "equity": 19225234,
            "current_ratio": 140.32,
            "debt_ratio": 65.37,
            "inventory_turnover_ratio": 0.27,
            "account_receivable_turnover_ratio": 2.07,
            "reinvestment_rate": -381.99,
            "research_to_sale_ratio": null,
            "price_fair": 49.38,
            "eps_avg_yearly": 1.41,
            "eps_latest_yearly": 3.28,
            "eps_growth_yearly": 1103.06
        },
        "20143": {
            "year_quarter": 20143,
            "year": 2014,
            "quarter": 3,
            "eps": 0.35,
            "eps_growth_year": -2.78,
            "eps_4q": 2.01,
            "eps_4q_growth_year": 141.38,
            "roe": 1.62,
            "roe_4q": 9.33,
            "gross_profit": 587934,
            "gross_margin": 12.56,
            "gross_margin_4q_avg": 14.1,
            "net_income": 312753,
            "net_income_4q": null,
            "revenue": 4681343,
            "revenue_4q": null,
            "common_shares": 8832160,
            "book_valuer_per_share": 21.25,
            "book_valuer_per_share_4q_avg": 21.66,
            "equity": 19413831,
            "current_ratio": 143.48,
            "debt_ratio": 64.9,
            "inventory_turnover_ratio": 0.2,
            "account_receivable_turnover_ratio": 1.41,
            "reinvestment_rate": -344.44,
            "research_to_sale_ratio": null,
            "price_fair": 47.22,
            "eps_avg_yearly": 1.35,
            "eps_latest_yearly": 1.4,
            "eps_growth_yearly": 1080.28
        },
        "20144": {
            "year_quarter": 20144,
            "year": 2014,
            "quarter": 4,
            "eps": -2.34,
            "eps_growth_year": -384.23,
            "eps_4q": -1.11,
            "eps_4q_growth_year": -201.39,
            "roe": -10.66,
            "roe_4q": -4.9399999999999995,
            "gross_profit": 811350,
            "gross_margin": 14.71,
            "gross_margin_4q_avg": 13.79,
            "net_income": -2071168,
            "net_income_4q": null,
            "revenue": 5514657,
            "revenue_4q": null,
            "common_shares": 8832160,
            "book_valuer_per_share": 21.3,
            "book_valuer_per_share_4q_avg": 21.37,
            "equity": 19454667,
            "current_ratio": 142.58,
            "debt_ratio": 64.24,
            "inventory_turnover_ratio": 0.24,
            "account_receivable_turnover_ratio": 1.63,
            "reinvestment_rate": -1440.89,
            "research_to_sale_ratio": null,
            "price_fair": 51.66,
            "eps_avg_yearly": 1.48,
            "eps_latest_yearly": 1.4,
            "eps_growth_yearly": 1226.77
        },
        "20151": {
            "year_quarter": 20151,
            "year": 2015,
            "quarter": 1,
            "eps": 0.51,
            "eps_growth_year": null,
            "eps_4q": -0.48,
            "eps_4q_growth_year": -148.88,
            "roe": 2.26,
            "roe_4q": -2.1800000000000006,
            "gross_profit": 859909,
            "gross_margin": 10.71,
            "gross_margin_4q_avg": 14.48,
            "net_income": 450222,
            "net_income_4q": null,
            "revenue": 8027703,
            "revenue_4q": null,
            "common_shares": 8832160,
            "book_valuer_per_share": 22.44,
            "book_valuer_per_share_4q_avg": 21.51,
            "equity": 20457174,
            "current_ratio": 140.5,
            "debt_ratio": 63.42,
            "inventory_turnover_ratio": 0.37,
            "account_receivable_turnover_ratio": 2.25,
            "reinvestment_rate": -1432.9,
            "research_to_sale_ratio": null,
            "price_fair": 50.09,
            "eps_avg_yearly": 1.43,
            "eps_latest_yearly": 1.4,
            "eps_growth_yearly": 363.08
        },
        "20152": {
            "year_quarter": 20152,
            "year": 2015,
            "quarter": 2,
            "eps": -0.04,
            "eps_growth_year": -103.85,
            "eps_4q": -1.51,
            "eps_4q_growth_year": -175.65,
            "roe": -0.15,
            "roe_4q": -6.930000000000001,
            "gross_profit": 269193,
            "gross_margin": 6.12,
            "gross_margin_4q_avg": 11.03,
            "net_income": -31677,
            "net_income_4q": null,
            "revenue": 4399079,
            "revenue_4q": null,
            "common_shares": 8832160,
            "book_valuer_per_share": 24.2,
            "book_valuer_per_share_4q_avg": 22.3,
            "equity": 22012528,
            "current_ratio": 150.12,
            "debt_ratio": 62.21,
            "inventory_turnover_ratio": 0.21,
            "account_receivable_turnover_ratio": 1.18,
            "reinvestment_rate": -687.43,
            "research_to_sale_ratio": null,
            "price_fair": 54.25,
            "eps_avg_yearly": 1.55,
            "eps_latest_yearly": 1.4,
            "eps_growth_yearly": 445.7
        },
        "20153": {
            "year_quarter": 20153,
            "year": 2015,
            "quarter": 3,
            "eps": -0.14,
            "eps_growth_year": -140,
            "eps_4q": -2.03,
            "eps_4q_growth_year": -200.6,
            "roe": -0.63,
            "roe_4q": -9.18,
            "gross_profit": 320749,
            "gross_margin": 8.23,
            "gross_margin_4q_avg": 9.94,
            "net_income": -138190,
            "net_income_4q": null,
            "revenue": 3896811,
            "revenue_4q": null,
            "common_shares": 8832160,
            "book_valuer_per_share": 24.18,
            "book_valuer_per_share_4q_avg": 23.03,
            "equity": 21829370,
            "current_ratio": 149.86,
            "debt_ratio": 61.43,
            "inventory_turnover_ratio": 0.18,
            "account_receivable_turnover_ratio": 1.07,
            "reinvestment_rate": -909.57,
            "research_to_sale_ratio": null,
            "price_fair": 53,
            "eps_avg_yearly": 1.51,
            "eps_latest_yearly": 1.4,
            "eps_growth_yearly": 352.23
        },
        "20154": {
            "year_quarter": 20154,
            "year": 2015,
            "quarter": 4,
            "eps": 0.33,
            "eps_growth_year": null,
            "eps_4q": 0.67,
            "eps_4q_growth_year": null,
            "roe": 1.32,
            "roe_4q": 2.8,
            "gross_profit": -385014,
            "gross_margin": -7.06,
            "gross_margin_4q_avg": 4.5,
            "net_income": 287769,
            "net_income_4q": null,
            "revenue": 5453287,
            "revenue_4q": null,
            "common_shares": 8532160,
            "book_valuer_per_share": 24.64,
            "book_valuer_per_share_4q_avg": 23.87,
            "equity": 21655169,
            "current_ratio": 144.13,
            "debt_ratio": 62.4,
            "inventory_turnover_ratio": 0.29,
            "account_receivable_turnover_ratio": 1.37,
            "reinvestment_rate": -1801.27,
            "research_to_sale_ratio": null,
            "price_fair": 59.03,
            "eps_avg_yearly": 1.69,
            "eps_latest_yearly": 1.4,
            "eps_growth_yearly": 459.83
        },
        "20161": {
            "year_quarter": 20161,
            "year": 2016,
            "quarter": 1,
            "eps": -0.02,
            "eps_growth_year": -103.92,
            "eps_4q": 0.12,
            "eps_4q_growth_year": null,
            "roe": -0.03,
            "roe_4q": 0.51,
            "gross_profit": 303218,
            "gross_margin": 5.72,
            "gross_margin_4q_avg": 3.25,
            "net_income": -7221,
            "net_income_4q": null,
            "revenue": 5305668,
            "revenue_4q": null,
            "common_shares": 8532160,
            "book_valuer_per_share": 26.07,
            "book_valuer_per_share_4q_avg": 24.77,
            "equity": 22099465,
            "current_ratio": 141.98,
            "debt_ratio": 62.51,
            "inventory_turnover_ratio": 0.24,
            "account_receivable_turnover_ratio": 1.17,
            "reinvestment_rate": -2522.21,
            "research_to_sale_ratio": null,
            "price_fair": 55.72,
            "eps_avg_yearly": 1.59,
            "eps_latest_yearly": 1.4,
            "eps_growth_yearly": 271.79
        },
        "20162": {
            "year_quarter": 20162,
            "year": 2016,
            "quarter": 2,
            "eps": -0.44,
            "eps_growth_year": null,
            "eps_4q": -0.27,
            "eps_4q_growth_year": null,
            "roe": -1.83,
            "roe_4q": -1.17,
            "gross_profit": -235665,
            "gross_margin": -4.46,
            "gross_margin_4q_avg": 0.61,
            "net_income": -395332,
            "net_income_4q": null,
            "revenue": 5278172,
            "revenue_4q": null,
            "common_shares": 8232160,
            "book_valuer_per_share": 24.94,
            "book_valuer_per_share_4q_avg": 24.96,
            "equity": 21136519,
            "current_ratio": 137.2,
            "debt_ratio": 63.99,
            "inventory_turnover_ratio": 0.26,
            "account_receivable_turnover_ratio": 1.14,
            "reinvestment_rate": -4068.56,
            "research_to_sale_ratio": null,
            "price_fair": 64.75,
            "eps_avg_yearly": 1.85,
            "eps_latest_yearly": 1.4,
            "eps_growth_yearly": 413.81
        },
        "20163": {
            "year_quarter": 20163,
            "year": 2016,
            "quarter": 3,
            "eps": 0.27,
            "eps_growth_year": null,
            "eps_4q": 0.16,
            "eps_4q_growth_year": null,
            "roe": 1.01,
            "roe_4q": 0.47,
            "gross_profit": 447176,
            "gross_margin": 7.67,
            "gross_margin_4q_avg": 0.47,
            "net_income": 219686,
            "net_income_4q": null,
            "revenue": 5829460,
            "revenue_4q": null,
            "common_shares": 8232160,
            "book_valuer_per_share": 26,
            "book_valuer_per_share_4q_avg": 25.41,
            "equity": 22170837,
            "current_ratio": 150.95,
            "debt_ratio": 62.84,
            "inventory_turnover_ratio": 0.25,
            "account_receivable_turnover_ratio": 1.37,
            "reinvestment_rate": -1547.63,
            "research_to_sale_ratio": null,
            "price_fair": 80.73,
            "eps_avg_yearly": 2.31,
            "eps_latest_yearly": 1.4,
            "eps_growth_yearly": 570.8
        },
        "20164": {
            "year_quarter": 20164,
            "year": 2016,
            "quarter": 4,
            "eps": 0.83,
            "eps_growth_year": 149.79,
            "eps_4q": 0.64,
            "eps_4q_growth_year": -4.29,
            "roe": 3.02,
            "roe_4q": 2.1700000000000004,
            "gross_profit": 1079388,
            "gross_margin": 13.29,
            "gross_margin_4q_avg": 5.56,
            "net_income": 679049,
            "net_income_4q": null,
            "revenue": 8124098,
            "revenue_4q": null,
            "common_shares": 8232160,
            "book_valuer_per_share": 26.8,
            "book_valuer_per_share_4q_avg": 25.95,
            "equity": 22821436,
            "current_ratio": 165.2,
            "debt_ratio": 61.54,
            "inventory_turnover_ratio": 0.33,
            "account_receivable_turnover_ratio": 1.86,
            "reinvestment_rate": -704.83,
            "research_to_sale_ratio": null,
            "price_fair": 93.33,
            "eps_avg_yearly": 2.67,
            "eps_latest_yearly": 3.32,
            "eps_growth_yearly": 358.45
        },
        "20171": {
            "year_quarter": 20171,
            "year": 2017,
            "quarter": 1,
            "eps": 0.36,
            "eps_growth_year": null,
            "eps_4q": 1.02,
            "eps_4q_growth_year": 718.71,
            "roe": 1.29,
            "roe_4q": 3.49,
            "gross_profit": 374551,
            "gross_margin": 6.46,
            "gross_margin_4q_avg": 5.74,
            "net_income": 296265,
            "net_income_4q": null,
            "revenue": 5799575,
            "revenue_4q": null,
            "common_shares": 8232160,
            "book_valuer_per_share": 27.04,
            "book_valuer_per_share_4q_avg": 26.2,
            "equity": 23028136,
            "current_ratio": 167.22,
            "debt_ratio": 60.82,
            "inventory_turnover_ratio": 0.26,
            "account_receivable_turnover_ratio": 1.28,
            "reinvestment_rate": 59.71,
            "research_to_sale_ratio": null,
            "price_fair": 82.6,
            "eps_avg_yearly": 2.36,
            "eps_latest_yearly": 1.44,
            "eps_growth_yearly": 212.21
        },
        "20172": {
            "year_quarter": 20172,
            "year": 2017,
            "quarter": 2,
            "eps": 0.45,
            "eps_growth_year": null,
            "eps_4q": 1.91,
            "eps_4q_growth_year": null,
            "roe": 1.59,
            "roe_4q": 6.91,
            "gross_profit": 118239,
            "gross_margin": 1.98,
            "gross_margin_4q_avg": 7.35,
            "net_income": 366515,
            "net_income_4q": null,
            "revenue": 5970683,
            "revenue_4q": null,
            "common_shares": 8232160,
            "book_valuer_per_share": 27.1,
            "book_valuer_per_share_4q_avg": 26.74,
            "equity": 23046425,
            "current_ratio": 160.4,
            "debt_ratio": 62.04,
            "inventory_turnover_ratio": 0.26,
            "account_receivable_turnover_ratio": 1.31,
            "reinvestment_rate": 45.12,
            "research_to_sale_ratio": null,
            "price_fair": 78.68,
            "eps_avg_yearly": 2.25,
            "eps_latest_yearly": 1.8,
            "eps_growth_yearly": 189.77
        },
        "20173": {
            "year_quarter": 20173,
            "year": 2017,
            "quarter": 3,
            "eps": 0.8,
            "eps_growth_year": 196.3,
            "eps_4q": 2.44,
            "eps_4q_growth_year": 1447.05,
            "roe": 2.93,
            "roe_4q": 8.83,
            "gross_profit": 575126,
            "gross_margin": 8.36,
            "gross_margin_4q_avg": 7.52,
            "net_income": 675876,
            "net_income_4q": null,
            "revenue": 6878010,
            "revenue_4q": null,
            "common_shares": 8232160,
            "book_valuer_per_share": 27.08,
            "book_valuer_per_share_4q_avg": 27.01,
            "equity": 23046155,
            "current_ratio": 153.42,
            "debt_ratio": 62.7,
            "inventory_turnover_ratio": 0.27,
            "account_receivable_turnover_ratio": 1.45,
            "reinvestment_rate": 16.69,
            "research_to_sale_ratio": null,
            "price_fair": 84.23,
            "eps_avg_yearly": 2.41,
            "eps_latest_yearly": 3.2,
            "eps_growth_yearly": 209.99
        },
        "20174": {
            "year_quarter": 20174,
            "year": 2017,
            "quarter": 4,
            "eps": -0.65,
            "eps_growth_year": -178.95,
            "eps_4q": 0.96,
            "eps_4q_growth_year": 48.94,
            "roe": -2.28,
            "roe_4q": 3.5300000000000002,
            "gross_profit": 1281297,
            "gross_margin": 13.16,
            "gross_margin_4q_avg": 7.49,
            "net_income": -531088,
            "net_income_4q": null,
            "revenue": 9736475,
            "revenue_4q": null,
            "common_shares": 8232160,
            "book_valuer_per_share": 26.88,
            "book_valuer_per_share_4q_avg": 27.03,
            "equity": 23599876,
            "current_ratio": 148.39,
            "debt_ratio": 63.57,
            "inventory_turnover_ratio": 0.36,
            "account_receivable_turnover_ratio": 1.82,
            "reinvestment_rate": -66.68,
            "research_to_sale_ratio": null,
            "price_fair": 78.12,
            "eps_avg_yearly": 2.23,
            "eps_latest_yearly": 3.2,
            "eps_growth_yearly": 149.77
        },
        "20181": {
            "year_quarter": 20181,
            "year": 2018,
            "quarter": 1,
            "eps": 0.52,
            "eps_growth_year": 44.44,
            "eps_4q": 1.12,
            "eps_4q_growth_year": 9.86,
            "roe": 1.88,
            "roe_4q": 4.12,
            "gross_profit": 921744,
            "gross_margin": 13.94,
            "gross_margin_4q_avg": 9.36,
            "net_income": 446087,
            "net_income_4q": null,
            "revenue": 6610843,
            "revenue_4q": null,
            "common_shares": 8232160,
            "book_valuer_per_share": 27.31,
            "book_valuer_per_share_4q_avg": 27.09,
            "equity": 23967225,
            "current_ratio": 151.92,
            "debt_ratio": 61.97,
            "inventory_turnover_ratio": 0.25,
            "account_receivable_turnover_ratio": 1.37,
            "reinvestment_rate": -181.68,
            "research_to_sale_ratio": null,
            "price_fair": 78.12,
            "eps_avg_yearly": 2.23,
            "eps_latest_yearly": 3.2,
            "eps_growth_yearly": 149.77
        },
        "20182": {
            "year_quarter": 20182,
            "year": 2018,
            "quarter": 2,
            "eps": 0.4,
            "eps_growth_year": -11.11,
            "eps_4q": 1.07,
            "eps_4q_growth_year": -43.9,
            "roe": 1.41,
            "roe_4q": 3.9400000000000004,
            "gross_profit": 512347,
            "gross_margin": 8.98,
            "gross_margin_4q_avg": 11.11,
            "net_income": 338520,
            "net_income_4q": null,
            "revenue": 5705147,
            "revenue_4q": null,
            "common_shares": 8232160,
            "book_valuer_per_share": 27.29,
            "book_valuer_per_share_4q_avg": 27.14,
            "equity": 23977603,
            "current_ratio": 145.02,
            "debt_ratio": 62.42,
            "inventory_turnover_ratio": 0.23,
            "account_receivable_turnover_ratio": 1.62,
            "reinvestment_rate": -257.81,
            "research_to_sale_ratio": null,
            "price_fair": 74.43,
            "eps_avg_yearly": 2.13,
            "eps_latest_yearly": 1.6,
            "eps_growth_yearly": 109.42
        },
        "20183": {
            "year_quarter": 20183,
            "year": 2018,
            "quarter": 3,
            "eps": 1.21,
            "eps_growth_year": 51.25,
            "eps_4q": 1.48,
            "eps_4q_growth_year": -39.5,
            "roe": 4.16,
            "roe_4q": 5.17,
            "gross_profit": 1038565,
            "gross_margin": 16.26,
            "gross_margin_4q_avg": 13.09,
            "net_income": 1023487,
            "net_income_4q": null,
            "revenue": 6387904,
            "revenue_4q": null,
            "common_shares": 8232160,
            "book_valuer_per_share": 28.44,
            "book_valuer_per_share_4q_avg": 27.48,
            "equity": 25273479,
            "current_ratio": 151.62,
            "debt_ratio": 61.44,
            "inventory_turnover_ratio": 0.23,
            "account_receivable_turnover_ratio": 2.01,
            "reinvestment_rate": -168.81,
            "research_to_sale_ratio": null,
            "price_fair": 94.5,
            "eps_avg_yearly": 2.7,
            "eps_latest_yearly": 4.84,
            "eps_growth_yearly": 288.65
        },
        "20184": {
            "year_quarter": 20184,
            "year": 2018,
            "quarter": 4,
            "eps": 0.23,
            "eps_growth_year": null,
            "eps_4q": 2.36,
            "eps_4q_growth_year": 146.46,
            "roe": 0.82,
            "roe_4q": 8.27,
            "gross_profit": 1251489,
            "gross_margin": 19.4,
            "gross_margin_4q_avg": 14.65,
            "net_income": 210187,
            "net_income_4q": null,
            "revenue": 6450217,
            "revenue_4q": null,
            "common_shares": 8232160,
            "book_valuer_per_share": 28.73,
            "book_valuer_per_share_4q_avg": 27.94,
            "equity": 25824647,
            "current_ratio": 155,
            "debt_ratio": 61.46,
            "inventory_turnover_ratio": 0.22,
            "account_receivable_turnover_ratio": 2.43,
            "reinvestment_rate": -95.29,
            "research_to_sale_ratio": null,
            "price_fair": 85.6,
            "eps_avg_yearly": 2.45,
            "eps_latest_yearly": 0.92,
            "eps_growth_yearly": 201.14
        },
        "20191": {
            "year_quarter": 20191,
            "year": 2019,
            "quarter": 1,
            "eps": 0.77,
            "eps_growth_year": 48.08,
            "eps_4q": 2.61,
            "eps_4q_growth_year": 133.56,
            "roe": 2.52,
            "roe_4q": 8.91,
            "gross_profit": 682270,
            "gross_margin": 13.73,
            "gross_margin_4q_avg": 14.59,
            "net_income": 661858,
            "net_income_4q": null,
            "revenue": 4967644,
            "revenue_4q": null,
            "common_shares": 8232160,
            "book_valuer_per_share": 29.52,
            "book_valuer_per_share_4q_avg": 28.5,
            "equity": 26660326,
            "current_ratio": 161.76,
            "debt_ratio": 60.47,
            "inventory_turnover_ratio": 0.17,
            "account_receivable_turnover_ratio": 2.15,
            "reinvestment_rate": -80.12,
            "research_to_sale_ratio": null,
            "price_fair": 88.38,
            "eps_avg_yearly": 2.53,
            "eps_latest_yearly": 3.08,
            "eps_growth_yearly": 293.39
        },
        "20192": {
            "year_quarter": 20192,
            "year": 2019,
            "quarter": 2,
            "eps": 0.16,
            "eps_growth_year": -60,
            "eps_4q": 2.37,
            "eps_4q_growth_year": 121.95,
            "roe": 0.54,
            "roe_4q": 8.04,
            "gross_profit": 877515,
            "gross_margin": 12.52,
            "gross_margin_4q_avg": 15.48,
            "net_income": 142714,
            "net_income_4q": null,
            "revenue": 7009805,
            "revenue_4q": null,
            "common_shares": 8232160,
            "book_valuer_per_share": 28.82,
            "book_valuer_per_share_4q_avg": 28.88,
            "equity": 26309019,
            "current_ratio": 166.54,
            "debt_ratio": 59.43,
            "inventory_turnover_ratio": 0.24,
            "account_receivable_turnover_ratio": 2.94,
            "reinvestment_rate": -71.36,
            "research_to_sale_ratio": null,
            "price_fair": 81.04,
            "eps_avg_yearly": 2.32,
            "eps_latest_yearly": 0.64,
            "eps_growth_yearly": 225.58
        },
        "20193": {
            "year_quarter": 20193,
            "year": 2019,
            "quarter": 3,
            "eps": -0.63,
            "eps_growth_year": -152.07,
            "eps_4q": 0.53,
            "eps_4q_growth_year": -64.06,
            "roe": -1.95,
            "roe_4q": 1.9300000000000002,
            "gross_profit": 497495,
            "gross_margin": 9.76,
            "gross_margin_4q_avg": 13.85,
            "net_income": -510147,
            "net_income_4q": null,
            "revenue": 5094994,
            "revenue_4q": null,
            "common_shares": 8232160,
            "book_valuer_per_share": 28.2,
            "book_valuer_per_share_4q_avg": 28.82,
            "equity": 25965539,
            "current_ratio": 164.06,
            "debt_ratio": 59.86,
            "inventory_turnover_ratio": 0.18,
            "account_receivable_turnover_ratio": 2.08,
            "reinvestment_rate": -88.27,
            "research_to_sale_ratio": null,
            "price_fair": 81.04,
            "eps_avg_yearly": 2.32,
            "eps_latest_yearly": 0.64,
            "eps_growth_yearly": 225.58
        },
        "20194": {
            "year_quarter": 20194,
            "year": 2019,
            "quarter": 4,
            "eps": -0.18,
            "eps_growth_year": -180.82,
            "eps_4q": 0.12,
            "eps_4q_growth_year": -95,
            "roe": -0.55,
            "roe_4q": 0.56,
            "gross_profit": 675275,
            "gross_margin": 12.07,
            "gross_margin_4q_avg": 12.02,
            "net_income": -142365,
            "net_income_4q": null,
            "revenue": 5592644,
            "revenue_4q": null,
            "common_shares": 8232160,
            "book_valuer_per_share": 27.47,
            "book_valuer_per_share_4q_avg": 28.5,
            "equity": 25697308,
            "current_ratio": 160.13,
            "debt_ratio": 59.56,
            "inventory_turnover_ratio": 0.19,
            "account_receivable_turnover_ratio": 2.28,
            "reinvestment_rate": -102.82,
            "research_to_sale_ratio": null,
            "price_fair": 81.04,
            "eps_avg_yearly": 2.32,
            "eps_latest_yearly": 0.64,
            "eps_growth_yearly": 225.58
        },
        "20201": {
            "year_quarter": 20201,
            "year": 2020,
            "quarter": 1,
            "eps": 0.43,
            "eps_growth_year": -44.16,
            "eps_4q": -0.23,
            "eps_4q_growth_year": -108.65,
            "roe": 1.43,
            "roe_4q": -0.53,
            "gross_profit": 731210,
            "gross_margin": 16.85,
            "gross_margin_4q_avg": 12.8,
            "net_income": 369660,
            "net_income_4q": null,
            "revenue": 4339356,
            "revenue_4q": null,
            "common_shares": 8232160,
            "book_valuer_per_share": 27.72,
            "book_valuer_per_share_4q_avg": 28.05,
            "equity": 25928932,
            "current_ratio": 155.01,
            "debt_ratio": 60.2,
            "inventory_turnover_ratio": 0.13,
            "account_receivable_turnover_ratio": 1.9,
            "reinvestment_rate": -104.74,
            "research_to_sale_ratio": null,
            "price_fair": 81.04,
            "eps_avg_yearly": 2.32,
            "eps_latest_yearly": 0.64,
            "eps_growth_yearly": 225.58
        },
        "20202": {
            "year_quarter": 20202,
            "year": 2020,
            "quarter": 2,
            "eps": 0.47,
            "eps_growth_year": 193.75,
            "eps_4q": 0.08,
            "eps_4q_growth_year": -96.49,
            "roe": 1.62,
            "roe_4q": 0.55,
            "gross_profit": 718374,
            "gross_margin": 15.62,
            "gross_margin_4q_avg": 13.58,
            "net_income": 420865,
            "net_income_4q": null,
            "revenue": 4598657,
            "revenue_4q": null,
            "common_shares": 8232160,
            "book_valuer_per_share": 27.84,
            "book_valuer_per_share_4q_avg": 27.81,
            "equity": 25991713,
            "current_ratio": 159.52,
            "debt_ratio": 60.71,
            "inventory_turnover_ratio": 0.13,
            "account_receivable_turnover_ratio": 2.2,
            "reinvestment_rate": -81.86,
            "research_to_sale_ratio": null,
            "price_fair": 79.52,
            "eps_avg_yearly": 2.27,
            "eps_latest_yearly": 1.88,
            "eps_growth_yearly": 206.74
        },
        "20203": {
            "year_quarter": 20203,
            "year": 2020,
            "quarter": 3,
            "eps": 0.47,
            "eps_growth_year": null,
            "eps_4q": 1.19,
            "eps_4q_growth_year": 124.7,
            "roe": 1.6,
            "roe_4q": 4.1000000000000005,
            "gross_profit": 818248,
            "gross_margin": 14.33,
            "gross_margin_4q_avg": 14.72,
            "net_income": 421329,
            "net_income_4q": null,
            "revenue": 5708716,
            "revenue_4q": null,
            "common_shares": 8232160,
            "book_valuer_per_share": 28.39,
            "book_valuer_per_share_4q_avg": 27.86,
            "equity": 26576281,
            "current_ratio": 149.72,
            "debt_ratio": 60.17,
            "inventory_turnover_ratio": 0.17,
            "account_receivable_turnover_ratio": 2.92,
            "reinvestment_rate": -76.78,
            "research_to_sale_ratio": null,
            "price_fair": 78.27,
            "eps_avg_yearly": 2.24,
            "eps_latest_yearly": 1.88,
            "eps_growth_yearly": 187.95
        },
        "20204": {
            "year_quarter": 20204,
            "year": 2020,
            "quarter": 4,
            "eps": 0.49,
            "eps_growth_year": null,
            "eps_4q": 1.87,
            "eps_4q_growth_year": 1486.01,
            "roe": 1.57,
            "roe_4q": 6.22,
            "gross_profit": 1024071,
            "gross_margin": 14.54,
            "gross_margin_4q_avg": 15.34,
            "net_income": 421083,
            "net_income_4q": null,
            "revenue": 7041920,
            "revenue_4q": null,
            "common_shares": 8232160,
            "book_valuer_per_share": 28.84,
            "book_valuer_per_share_4q_avg": 28.2,
            "equity": 26920360,
            "current_ratio": 145.25,
            "debt_ratio": 59.91,
            "inventory_turnover_ratio": 0.21,
            "account_receivable_turnover_ratio": 2.99,
            "reinvestment_rate": -82.56,
            "research_to_sale_ratio": null,
            "price_fair": 73.95,
            "eps_avg_yearly": 2.11,
            "eps_latest_yearly": 1.96,
            "eps_growth_yearly": 114.07
        },
        "20211": {
            "year_quarter": 20211,
            "year": 2021,
            "quarter": 1,
            "eps": 0.58,
            "eps_growth_year": 34.88,
            "eps_4q": 2.02,
            "eps_4q_growth_year": null,
            "roe": 1.88,
            "roe_4q": 6.670000000000001,
            "gross_profit": 993292,
            "gross_margin": 15.64,
            "gross_margin_4q_avg": 15.03,
            "net_income": 503609,
            "net_income_4q": null,
            "revenue": 6352684,
            "revenue_4q": null,
            "common_shares": 8232160,
            "book_valuer_per_share": 28.48,
            "book_valuer_per_share_4q_avg": 28.39,
            "equity": 26649914,
            "current_ratio": 142.69,
            "debt_ratio": 61.71,
            "inventory_turnover_ratio": 0.19,
            "account_receivable_turnover_ratio": 2.2,
            "reinvestment_rate": -63.5,
            "research_to_sale_ratio": null,
            "price_fair": 76.75,
            "eps_avg_yearly": 2.19,
            "eps_latest_yearly": 2.32,
            "eps_growth_yearly": 141.34
        },
        "20212": {
            "year_quarter": 20212,
            "year": 2021,
            "quarter": 2,
            "eps": 0.39,
            "eps_growth_year": -17.02,
            "eps_4q": 1.94,
            "eps_4q_growth_year": 2233.29,
            "roe": 1.26,
            "roe_4q": 6.3100000000000005,
            "gross_profit": 756358,
            "gross_margin": 13.53,
            "gross_margin_4q_avg": 14.51,
            "net_income": 338516,
            "net_income_4q": null,
            "revenue": 5592014,
            "revenue_4q": null,
            "common_shares": 8232160,
            "book_valuer_per_share": 29.06,
            "book_valuer_per_share_4q_avg": 28.69,
            "equity": 27131879,
            "current_ratio": 145.86,
            "debt_ratio": 60.94,
            "inventory_turnover_ratio": 0.17,
            "account_receivable_turnover_ratio": 2.07,
            "reinvestment_rate": -56.87,
            "research_to_sale_ratio": null,
            "price_fair": 75.98,
            "eps_avg_yearly": 2.17,
            "eps_latest_yearly": 1.56,
            "eps_growth_yearly": 120.34
        },
        "20213": {
            "year_quarter": 20213,
            "year": 2021,
            "quarter": 3,
            "eps": 0.23,
            "eps_growth_year": -51.06,
            "eps_4q": 1.7,
            "eps_4q_growth_year": 42.27,
            "roe": 0.73,
            "roe_4q": 5.44,
            "gross_profit": 605066,
            "gross_margin": 11.31,
            "gross_margin_4q_avg": 13.76,
            "net_income": 197171,
            "net_income_4q": null,
            "revenue": 5351926,
            "revenue_4q": null,
            "common_shares": 8232160,
            "book_valuer_per_share": 28.67,
            "book_valuer_per_share_4q_avg": 28.76,
            "equity": 26827243,
            "current_ratio": 150.86,
            "debt_ratio": 61.22,
            "inventory_turnover_ratio": 0.17,
            "account_receivable_turnover_ratio": 2.23,
            "reinvestment_rate": -50.06,
            "research_to_sale_ratio": null,
            "price_fair": 68.73,
            "eps_avg_yearly": 1.96,
            "eps_latest_yearly": 0.92,
            "eps_growth_yearly": 77.14
        },
        "20214": {
            "year_quarter": 20214,
            "year": 2021,
            "quarter": 4,
            "eps": 1.01,
            "eps_growth_year": 106.1,
            "eps_4q": 2.22,
            "eps_4q_growth_year": 18.7,
            "roe": 3.03,
            "roe_4q": 6.8999999999999995,
            "gross_profit": 1534814,
            "gross_margin": 16.08,
            "gross_margin_4q_avg": 14.14,
            "net_income": 827974,
            "net_income_4q": null,
            "revenue": 9547684,
            "revenue_4q": null,
            "common_shares": 8232160,
            "book_valuer_per_share": 29.85,
            "book_valuer_per_share_4q_avg": 29.02,
            "equity": 27778293,
            "current_ratio": 155.05,
            "debt_ratio": 60.54,
            "inventory_turnover_ratio": 0.28,
            "account_receivable_turnover_ratio": 3.31,
            "reinvestment_rate": 12.44,
            "research_to_sale_ratio": null,
            "price_fair": 74.78,
            "eps_avg_yearly": 2.14,
            "eps_latest_yearly": 4.04,
            "eps_growth_yearly": 183.75
        },
        "20221": {
            "year_quarter": 20221,
            "year": 2022,
            "quarter": 1,
            "eps": 1.5,
            "eps_growth_year": 158.62,
            "eps_4q": 3.14,
            "eps_4q_growth_year": 55.17,
            "roe": 4.39,
            "roe_4q": 9.41,
            "gross_profit": 1868090,
            "gross_margin": 18.64,
            "gross_margin_4q_avg": 14.89,
            "net_income": 1222526,
            "net_income_4q": null,
            "revenue": 10023046,
            "revenue_4q": null,
            "common_shares": 8232160,
            "book_valuer_per_share": 30.01,
            "book_valuer_per_share_4q_avg": 29.4,
            "equity": 27947679,
            "current_ratio": 154.29,
            "debt_ratio": 60.47,
            "inventory_turnover_ratio": 0.29,
            "account_receivable_turnover_ratio": 2.71,
            "reinvestment_rate": 41.48,
            "research_to_sale_ratio": null,
            "price_fair": 85.18,
            "eps_avg_yearly": 2.43,
            "eps_latest_yearly": 6,
            "eps_growth_yearly": 184.55
        },
        "20222": {
            "year_quarter": 20222,
            "year": 2022,
            "quarter": 2,
            "eps": 1.14,
            "eps_growth_year": 192.31,
            "eps_4q": 3.89,
            "eps_4q_growth_year": 100.28,
            "roe": 3.2,
            "roe_4q": 11.35,
            "gross_profit": 1452734,
            "gross_margin": 17.63,
            "gross_margin_4q_avg": 15.92,
            "net_income": 910436,
            "net_income_4q": null,
            "revenue": 8241130,
            "revenue_4q": null,
            "common_shares": 8232160,
            "book_valuer_per_share": 31.23,
            "book_valuer_per_share_4q_avg": 29.94,
            "equity": 28957606,
            "current_ratio": 155.22,
            "debt_ratio": 58.59,
            "inventory_turnover_ratio": 0.25,
            "account_receivable_turnover_ratio": 2.73,
            "reinvestment_rate": 28.99,
            "research_to_sale_ratio": null,
            "price_fair": 93.15,
            "eps_avg_yearly": 2.66,
            "eps_latest_yearly": 4.56,
            "eps_growth_yearly": 184.26
        },
        "20223": {
            "year_quarter": 20223,
            "year": 2022,
            "quarter": 3,
            "eps": 0.57,
            "eps_growth_year": 147.83,
            "eps_4q": 4.23,
            "eps_4q_growth_year": 149.29,
            "roe": 1.42,
            "roe_4q": 12.04,
            "gross_profit": 825143,
            "gross_margin": 13.28,
            "gross_margin_4q_avg": 16.41,
            "net_income": 413957,
            "net_income_4q": null,
            "revenue": 6213216,
            "revenue_4q": null,
            "common_shares": 8232160,
            "book_valuer_per_share": 31.84,
            "book_valuer_per_share_4q_avg": 30.73,
            "equity": 29480802,
            "current_ratio": 154.82,
            "debt_ratio": 60.46,
            "inventory_turnover_ratio": 0.19,
            "account_receivable_turnover_ratio": 3.11,
            "reinvestment_rate": 37.01,
            "research_to_sale_ratio": null,
            "price_fair": 86.26,
            "eps_avg_yearly": 2.46,
            "eps_latest_yearly": 2.28,
            "eps_growth_yearly": 106.57
        },
        "20224": {
            "year_quarter": 20224,
            "year": 2022,
            "quarter": 4,
            "eps": 0.3,
            "eps_growth_year": -70.88,
            "eps_4q": 3.51,
            "eps_4q_growth_year": 58.16,
            "roe": 0.14,
            "roe_4q": 9.149999999999999,
            "gross_profit": 906022,
            "gross_margin": 11.82,
            "gross_margin_4q_avg": 15.34,
            "net_income": 42082,
            "net_income_4q": null,
            "revenue": 7668211,
            "revenue_4q": null,
            "common_shares": 8232160,
            "book_valuer_per_share": 31.98,
            "book_valuer_per_share_4q_avg": 31.27,
            "equity": 29381449,
            "current_ratio": 135.62,
            "debt_ratio": 60.85,
            "inventory_turnover_ratio": 0.25,
            "account_receivable_turnover_ratio": 3.68,
            "reinvestment_rate": 134,
            "research_to_sale_ratio": null,
            "price_fair": 87.02,
            "eps_avg_yearly": 2.49,
            "eps_latest_yearly": 1.2,
            "eps_growth_yearly": 116.92
        },
        "20231": {
            "year_quarter": 20231,
            "year": 2023,
            "quarter": 1,
            "eps": 0.26,
            "eps_growth_year": -82.67,
            "eps_4q": 2.26,
            "eps_4q_growth_year": -27.89,
            "roe": 0.43,
            "roe_4q": 5.19,
            "gross_profit": 850125,
            "gross_margin": 12.75,
            "gross_margin_4q_avg": 13.87,
            "net_income": 123087,
            "net_income_4q": null,
            "revenue": 6669283,
            "revenue_4q": null,
            "common_shares": 8232160,
            "book_valuer_per_share": 29.83,
            "book_valuer_per_share_4q_avg": 31.22,
            "equity": 28253540,
            "current_ratio": 133.48,
            "debt_ratio": 61.05,
            "inventory_turnover_ratio": 0.24,
            "account_receivable_turnover_ratio": 2.98,
            "reinvestment_rate": 135.91,
            "research_to_sale_ratio": null,
            "price_fair": 81.52,
            "eps_avg_yearly": 2.33,
            "eps_latest_yearly": 1.04,
            "eps_growth_yearly": 40.57
        },
        "20232": {
            "year_quarter": 20232,
            "year": 2023,
            "quarter": 2,
            "eps": 0.7,
            "eps_growth_year": -38.6,
            "eps_4q": 1.82,
            "eps_4q_growth_year": -53.21,
            "roe": 1.7,
            "roe_4q": 3.69,
            "gross_profit": 1239614,
            "gross_margin": 15.3,
            "gross_margin_4q_avg": 13.29,
            "net_income": 487524,
            "net_income_4q": null,
            "revenue": 8100104,
            "revenue_4q": null,
            "common_shares": 8232160,
            "book_valuer_per_share": 31.01,
            "book_valuer_per_share_4q_avg": 31.17,
            "equity": 29119907,
            "current_ratio": 136.06,
            "debt_ratio": 60.4,
            "inventory_turnover_ratio": 0.28,
            "account_receivable_turnover_ratio": 3.69,
            "reinvestment_rate": 124.13,
            "research_to_sale_ratio": null,
            "price_fair": 87.34,
            "eps_avg_yearly": 2.5,
            "eps_latest_yearly": 2.8,
            "eps_growth_yearly": 117.02
        },
        "20233": {
            "year_quarter": 20233,
            "year": 2023,
            "quarter": 3,
            "eps": 0.58,
            "eps_growth_year": 1.75,
            "eps_4q": 1.83,
            "eps_4q_growth_year": -56.69,
            "roe": 1.33,
            "roe_4q": 3.6000000000000005,
            "gross_profit": 1035004,
            "gross_margin": 13.28,
            "gross_margin_4q_avg": 13.29,
            "net_income": 392696,
            "net_income_4q": null,
            "revenue": 7793911,
            "revenue_4q": null,
            "common_shares": 8232160,
            "book_valuer_per_share": 31.88,
            "book_valuer_per_share_4q_avg": 31.18,
            "equity": 29976441,
            "current_ratio": 134.08,
            "debt_ratio": 60.43,
            "inventory_turnover_ratio": 0.27,
            "account_receivable_turnover_ratio": 3.55,
            "reinvestment_rate": 113.17,
            "research_to_sale_ratio": null,
            "price_fair": 86.9,
            "eps_avg_yearly": 2.48,
            "eps_latest_yearly": 2.32,
            "eps_growth_yearly": 103.76
        }
    },
    "months": {
        "2010-04": {
            "month": "2010-04",
            "price": "12.41",
            "revenue": 261622
        },
        "2010-05": {
            "month": "2010-05",
            "price": "11.71",
            "revenue": 125788
        },
        "2010-06": {
            "month": "2010-06",
            "price": "11.90",
            "revenue": 4114828
        },
        "2010-07": {
            "month": "2010-07",
            "price": "12.11",
            "revenue": 2482366
        },
        "2010-08": {
            "month": "2010-08",
            "price": "11.91",
            "revenue": 2257347
        },
        "2010-09": {
            "month": "2010-09",
            "price": "11.92",
            "revenue": 2250897
        },
        "2010-10": {
            "month": "2010-10",
            "price": "12.00",
            "revenue": 2287903
        },
        "2010-11": {
            "month": "2010-11",
            "price": "12.42",
            "revenue": 3335613
        },
        "2010-12": {
            "month": "2010-12",
            "price": "13.00",
            "revenue": 2305306
        },
        "2011-01": {
            "month": "2011-01",
            "price": "13.52",
            "revenue": 1622188
        },
        "2011-02": {
            "month": "2011-02",
            "price": "12.54",
            "revenue": 2256625
        },
        "2011-03": {
            "month": "2011-03",
            "price": "11.99",
            "revenue": 2231177
        },
        "2011-04": {
            "month": "2011-04",
            "price": "12.57",
            "revenue": 1404744
        },
        "2011-05": {
            "month": "2011-05",
            "price": "14.10",
            "revenue": 1954767
        },
        "2011-06": {
            "month": "2011-06",
            "price": "14.05",
            "revenue": 1729360
        },
        "2011-07": {
            "month": "2011-07",
            "price": "13.08",
            "revenue": 2074925
        },
        "2011-08": {
            "month": "2011-08",
            "price": "11.62",
            "revenue": 1811732
        },
        "2011-09": {
            "month": "2011-09",
            "price": "10.70",
            "revenue": 2973085
        },
        "2011-10": {
            "month": "2011-10",
            "price": "10.34",
            "revenue": 2977923
        },
        "2011-11": {
            "month": "2011-11",
            "price": "11.22",
            "revenue": 2140165
        },
        "2011-12": {
            "month": "2011-12",
            "price": "10.83",
            "revenue": 3202127
        },
        "2012-01": {
            "month": "2012-01",
            "price": "10.75",
            "revenue": 2324284
        },
        "2012-02": {
            "month": "2012-02",
            "price": "11.34",
            "revenue": 2608878
        },
        "2012-03": {
            "month": "2012-03",
            "price": "11.68",
            "revenue": 2120630
        },
        "2012-04": {
            "month": "2012-04",
            "price": "10.94",
            "revenue": 1771930
        },
        "2012-05": {
            "month": "2012-05",
            "price": "10.92",
            "revenue": 2486755
        },
        "2012-06": {
            "month": "2012-06",
            "price": "10.61",
            "revenue": 2074863
        },
        "2012-07": {
            "month": "2012-07",
            "price": "10.48",
            "revenue": 1966606
        },
        "2012-08": {
            "month": "2012-08",
            "price": "10.65",
            "revenue": 2223556
        },
        "2012-09": {
            "month": "2012-09",
            "price": "11.42",
            "revenue": 2384708
        },
        "2012-10": {
            "month": "2012-10",
            "price": "11.14",
            "revenue": 1741407
        },
        "2012-11": {
            "month": "2012-11",
            "price": "10.54",
            "revenue": 2828939
        },
        "2012-12": {
            "month": "2012-12",
            "price": "11.16",
            "revenue": 3512005
        },
        "2013-01": {
            "month": "2013-01",
            "price": "11.55",
            "revenue": 1194232
        },
        "2013-02": {
            "month": "2013-02",
            "price": "11.56",
            "revenue": 859632
        },
        "2013-03": {
            "month": "2013-03",
            "price": "11.51",
            "revenue": 1130474
        },
        "2013-04": {
            "month": "2013-04",
            "price": "11.27",
            "revenue": 1319627
        },
        "2013-05": {
            "month": "2013-05",
            "price": "11.35",
            "revenue": 1294309
        },
        "2013-06": {
            "month": "2013-06",
            "price": "11.20",
            "revenue": 1353509
        },
        "2013-07": {
            "month": "2013-07",
            "price": "11.10",
            "revenue": 1422608
        },
        "2013-08": {
            "month": "2013-08",
            "price": "10.78",
            "revenue": 1328536
        },
        "2013-09": {
            "month": "2013-09",
            "price": "10.56",
            "revenue": 1578627
        },
        "2013-10": {
            "month": "2013-10",
            "price": "10.71",
            "revenue": 1353341
        },
        "2013-11": {
            "month": "2013-11",
            "price": "10.65",
            "revenue": 1460190
        },
        "2013-12": {
            "month": "2013-12",
            "price": "10.81",
            "revenue": 3543817
        },
        "2014-01": {
            "month": "2014-01",
            "price": "10.81",
            "revenue": 1421626
        },
        "2014-02": {
            "month": "2014-02",
            "price": "10.75",
            "revenue": 1349684
        },
        "2014-03": {
            "month": "2014-03",
            "price": "10.64",
            "revenue": 1580931
        },
        "2014-04": {
            "month": "2014-04",
            "price": "11.19",
            "revenue": 2023923
        },
        "2014-05": {
            "month": "2014-05",
            "price": "11.73",
            "revenue": 2389358
        },
        "2014-06": {
            "month": "2014-06",
            "price": "11.51",
            "revenue": 2432505
        },
        "2014-07": {
            "month": "2014-07",
            "price": "11.77",
            "revenue": 1320034
        },
        "2014-08": {
            "month": "2014-08",
            "price": "11.81",
            "revenue": 1377551
        },
        "2014-09": {
            "month": "2014-09",
            "price": "11.67",
            "revenue": 1817136
        },
        "2014-10": {
            "month": "2014-10",
            "price": "11.26",
            "revenue": 1862399
        },
        "2014-11": {
            "month": "2014-11",
            "price": "11.28",
            "revenue": 1810811
        },
        "2014-12": {
            "month": "2014-12",
            "price": "11.85",
            "revenue": 1845319
        },
        "2015-01": {
            "month": "2015-01",
            "price": "11.52",
            "revenue": 5266582
        },
        "2015-02": {
            "month": "2015-02",
            "price": "11.52",
            "revenue": 1216486
        },
        "2015-03": {
            "month": "2015-03",
            "price": "11.74",
            "revenue": 1544635
        },
        "2015-04": {
            "month": "2015-04",
            "price": "11.11",
            "revenue": 1462425
        },
        "2015-05": {
            "month": "2015-05",
            "price": "10.92",
            "revenue": 1383403
        },
        "2015-06": {
            "month": "2015-06",
            "price": "10.22",
            "revenue": 1553251
        },
        "2015-07": {
            "month": "2015-07",
            "price": "9.73",
            "revenue": 1317291
        },
        "2015-08": {
            "month": "2015-08",
            "price": "8.83",
            "revenue": 1388922
        },
        "2015-09": {
            "month": "2015-09",
            "price": "9.26",
            "revenue": 1215039
        },
        "2015-10": {
            "month": "2015-10",
            "price": "10.57",
            "revenue": 1499330
        },
        "2015-11": {
            "month": "2015-11",
            "price": "10.25",
            "revenue": 1208754
        },
        "2015-12": {
            "month": "2015-12",
            "price": "9.71",
            "revenue": 2979723
        },
        "2016-01": {
            "month": "2016-01",
            "price": "9.60",
            "revenue": 1588127
        },
        "2016-02": {
            "month": "2016-02",
            "price": "11.05",
            "revenue": 1669862
        },
        "2016-03": {
            "month": "2016-03",
            "price": "11.62",
            "revenue": 2047679
        },
        "2016-04": {
            "month": "2016-04",
            "price": "11.07",
            "revenue": 1445702
        },
        "2016-05": {
            "month": "2016-05",
            "price": "10.61",
            "revenue": 1869988
        },
        "2016-06": {
            "month": "2016-06",
            "price": "10.55",
            "revenue": 1962482
        },
        "2016-07": {
            "month": "2016-07",
            "price": "10.64",
            "revenue": 2039234
        },
        "2016-08": {
            "month": "2016-08",
            "price": "10.40",
            "revenue": 1804116
        },
        "2016-09": {
            "month": "2016-09",
            "price": "10.09",
            "revenue": 1984197
        },
        "2016-10": {
            "month": "2016-10",
            "price": "10.10",
            "revenue": 1936799
        },
        "2016-11": {
            "month": "2016-11",
            "price": "10.25",
            "revenue": 2735086
        },
        "2016-12": {
            "month": "2016-12",
            "price": "10.52",
            "revenue": 3437324
        },
        "2017-01": {
            "month": "2017-01",
            "price": "10.56",
            "revenue": 2329500
        },
        "2017-02": {
            "month": "2017-02",
            "price": "10.88",
            "revenue": 1523135
        },
        "2017-03": {
            "month": "2017-03",
            "price": "11.05",
            "revenue": 1946941
        },
        "2017-04": {
            "month": "2017-04",
            "price": "10.81",
            "revenue": 1952482
        },
        "2017-05": {
            "month": "2017-05",
            "price": "10.84",
            "revenue": 1958308
        },
        "2017-06": {
            "month": "2017-06",
            "price": "11.36",
            "revenue": 2059892
        },
        "2017-07": {
            "month": "2017-07",
            "price": "11.50",
            "revenue": 2266865
        },
        "2017-08": {
            "month": "2017-08",
            "price": "11.47",
            "revenue": 1953580
        },
        "2017-09": {
            "month": "2017-09",
            "price": "12.70",
            "revenue": 2657300
        },
        "2017-10": {
            "month": "2017-10",
            "price": "13.30",
            "revenue": 2681279
        },
        "2017-11": {
            "month": "2017-11",
            "price": "14.78",
            "revenue": 3024551
        },
        "2017-12": {
            "month": "2017-12",
            "price": "15.93",
            "revenue": 3852924
        },
        "2018-01": {
            "month": "2018-01",
            "price": "16.93",
            "revenue": 2803834
        },
        "2018-02": {
            "month": "2018-02",
            "price": "15.57",
            "revenue": 1745841
        },
        "2018-03": {
            "month": "2018-03",
            "price": "15.73",
            "revenue": 2027551
        },
        "2018-04": {
            "month": "2018-04",
            "price": "13.33",
            "revenue": 1718484
        },
        "2018-05": {
            "month": "2018-05",
            "price": "13.25",
            "revenue": 2212648
        },
        "2018-06": {
            "month": "2018-06",
            "price": "13.30",
            "revenue": 1807632
        },
        "2018-07": {
            "month": "2018-07",
            "price": "13.08",
            "revenue": 1768002
        },
        "2018-08": {
            "month": "2018-08",
            "price": "13.07",
            "revenue": 2287956
        },
        "2018-09": {
            "month": "2018-09",
            "price": "13.82",
            "revenue": 2303398
        },
        "2018-10": {
            "month": "2018-10",
            "price": "13.57",
            "revenue": 1874202
        },
        "2018-11": {
            "month": "2018-11",
            "price": "13.78",
            "revenue": 2180453
        },
        "2018-12": {
            "month": "2018-12",
            "price": "14.13",
            "revenue": 2306808
        },
        "2019-01": {
            "month": "2019-01",
            "price": "14.23",
            "revenue": 2021686
        },
        "2019-02": {
            "month": "2019-02",
            "price": "14.67",
            "revenue": 1276686
        },
        "2019-03": {
            "month": "2019-03",
            "price": "15.40",
            "revenue": 1668477
        },
        "2019-04": {
            "month": "2019-04",
            "price": "15.53",
            "revenue": 2448419
        },
        "2019-05": {
            "month": "2019-05",
            "price": "16.12",
            "revenue": 2628313
        },
        "2019-06": {
            "month": "2019-06",
            "price": "17.04",
            "revenue": 1933868
        },
        "2019-07": {
            "month": "2019-07",
            "price": "17.41",
            "revenue": 2050553
        },
        "2019-08": {
            "month": "2019-08",
            "price": "15.58",
            "revenue": 1377401
        },
        "2019-09": {
            "month": "2019-09",
            "price": "14.86",
            "revenue": 1667040
        },
        "2019-10": {
            "month": "2019-10",
            "price": "14.84",
            "revenue": 1571880
        },
        "2019-11": {
            "month": "2019-11",
            "price": "13.97",
            "revenue": 1838119
        },
        "2019-12": {
            "month": "2019-12",
            "price": "12.99",
            "revenue": 2182645
        },
        "2020-01": {
            "month": "2020-01",
            "price": "13.10",
            "revenue": 1808202
        },
        "2020-02": {
            "month": "2020-02",
            "price": "12.62",
            "revenue": 1062686
        },
        "2020-03": {
            "month": "2020-03",
            "price": "10.73",
            "revenue": 1468468
        },
        "2020-04": {
            "month": "2020-04",
            "price": "10.34",
            "revenue": 1428462
        },
        "2020-05": {
            "month": "2020-05",
            "price": "11.59",
            "revenue": 1569307
        },
        "2020-06": {
            "month": "2020-06",
            "price": "12.80",
            "revenue": 1600888
        },
        "2020-07": {
            "month": "2020-07",
            "price": "13.28",
            "revenue": 1988462
        },
        "2020-08": {
            "month": "2020-08",
            "price": "16.10",
            "revenue": 1811746
        },
        "2020-09": {
            "month": "2020-09",
            "price": "20.48",
            "revenue": 1908530
        },
        "2020-10": {
            "month": "2020-10",
            "price": "24.96",
            "revenue": 1811323
        },
        "2020-11": {
            "month": "2020-11",
            "price": "25.04",
            "revenue": 1868507
        },
        "2020-12": {
            "month": "2020-12",
            "price": "21.16",
            "revenue": 3362067
        },
        "2021-01": {
            "month": "2021-01",
            "price": "20.03",
            "revenue": 2331733
        },
        "2021-02": {
            "month": "2021-02",
            "price": "20.47",
            "revenue": 1675035
        },
        "2021-03": {
            "month": "2021-03",
            "price": "23.55",
            "revenue": 2345916
        },
        "2021-04": {
            "month": "2021-04",
            "price": "27.04",
            "revenue": 2003938
        },
        "2021-05": {
            "month": "2021-05",
            "price": "25.89",
            "revenue": 1964409
        },
        "2021-06": {
            "month": "2021-06",
            "price": "25.87",
            "revenue": 1623667
        },
        "2021-07": {
            "month": "2021-07",
            "price": "24.18",
            "revenue": 1599063
        },
        "2021-08": {
            "month": "2021-08",
            "price": "23.50",
            "revenue": 1607276
        },
        "2021-09": {
            "month": "2021-09",
            "price": "24.00",
            "revenue": 2145587
        },
        "2021-10": {
            "month": "2021-10",
            "price": "24.42",
            "revenue": 2909046
        },
        "2021-11": {
            "month": "2021-11",
            "price": "25.21",
            "revenue": 3560455
        },
        "2021-12": {
            "month": "2021-12",
            "price": "25.37",
            "revenue": 3077837
        },
        "2022-01": {
            "month": "2022-01",
            "price": "24.19",
            "revenue": 2728982
        },
        "2022-02": {
            "month": "2022-02",
            "price": "24.09",
            "revenue": 3228857
        },
        "2022-03": {
            "month": "2022-03",
            "price": "24.52",
            "revenue": 4065207
        },
        "2022-04": {
            "month": "2022-04",
            "price": "26.94",
            "revenue": 2471889
        },
        "2022-05": {
            "month": "2022-05",
            "price": "29.39",
            "revenue": 3022304
        },
        "2022-06": {
            "month": "2022-06",
            "price": "28.85",
            "revenue": 2746937
        },
        "2022-07": {
            "month": "2022-07",
            "price": "27.40",
            "revenue": 2009945
        },
        "2022-08": {
            "month": "2022-08",
            "price": "29.78",
            "revenue": 2084366
        },
        "2022-09": {
            "month": "2022-09",
            "price": "31.52",
            "revenue": 2118905
        },
        "2022-10": {
            "month": "2022-10",
            "price": "28.23",
            "revenue": 3039310
        },
        "2022-11": {
            "month": "2022-11",
            "price": "28.44",
            "revenue": 2048219
        },
        "2022-12": {
            "month": "2022-12",
            "price": "28.68",
            "revenue": 2561108
        },
        "2023-01": {
            "month": "2023-01",
            "price": "28.63",
            "revenue": 2091980
        },
        "2023-02": {
            "month": "2023-02",
            "price": "30.21",
            "revenue": 2136268
        },
        "2023-03": {
            "month": "2023-03",
            "price": "31.11",
            "revenue": 2441035
        },
        "2023-04": {
            "month": "2023-04",
            "price": "31.36",
            "revenue": 2639327
        },
        "2023-05": {
            "month": "2023-05",
            "price": "30.86",
            "revenue": 2635496
        },
        "2023-06": {
            "month": "2023-06",
            "price": "31.10",
            "revenue": 2825281
        },
        "2023-07": {
            "month": "2023-07",
            "price": "27.10",
            "revenue": 2101212
        },
        "2023-08": {
            "month": "2023-08",
            "price": "26.31",
            "revenue": 2593735
        },
        "2023-09": {
            "month": "2023-09",
            "price": "26.84",
            "revenue": 3098964
        },
        "2023-10": {
            "month": "2023-10",
            "price": "27.03",
            "revenue": 2648919
        },
        "2023-11": {
            "month": "2023-11",
            "price": "27.49",
            "revenue": 2713706
        },
        "2023-12": {
            "month": "2023-12",
            "price": "28.06",
            "revenue": 2688035
        }
    }
}
