{
    "summary": {
        "stock_name": "合勤控",
        "stock_id": "3704",
        "category": "通信網路",
        "main_business": "一般投資業",
        "website_url": "http://www.zyxelgroup.com",
        "ceo": "楊國榮(執行長)",
        "pe_ratio": 10,
        "report_year_from": 2010,
        "report_year_to": 2023,
        "age": 13,
        "eps_negative_percentage": 29,
        "eps_growth_avg": {
            "last_all": -7.45,
            "last_2y": 63.23,
            "last_4y": 63.23,
            "last_8y": -9.94,
            "last_12y": null,
            "last_16y": null,
            "last_20y": null,
            "at_2006_last_3y": null,
            "at_2007_last_3y": null,
            "at_2008_last_3y": null,
            "at_2009_last_3y": null,
            "at_2010_last_3y": null,
            "at_2011_last_3y": null,
            "at_2012_last_3y": null,
            "at_2013_last_3y": null,
            "at_2014_last_3y": -16.44,
            "at_2015_last_3y": -83.11,
            "at_2016_last_3y": -74.66,
            "at_2017_last_3y": -83.11,
            "at_2018_last_3y": -100,
            "at_2019_last_3y": -100,
            "at_2020_last_3y": 0,
            "at_2021_last_3y": 65.53,
            "at_2022_last_3y": 63.23,
            "at_2023_last_3y": 63.23,
            "at_2006_last_all": null,
            "at_2007_last_all": null,
            "at_2008_last_all": null,
            "at_2009_last_all": null,
            "at_2010_last_all": null,
            "at_2011_last_all": null,
            "at_2012_last_all": 0,
            "at_2013_last_all": 0,
            "at_2014_last_all": -16.44,
            "at_2015_last_all": -37.33,
            "at_2016_last_all": -37.33,
            "at_2017_last_all": -49.86,
            "at_2018_last_all": -49.86,
            "at_2019_last_all": -49.86,
            "at_2020_last_all": -24.89,
            "at_2021_last_all": -16.89,
            "at_2022_last_all": -7.45,
            "at_2023_last_all": -7.45
        },
        "latest_eps": 5.01,
        "latest_price": 51,
        "latest_roe": 20.55,
        "latest_gross_margin": 21.17,
        "latest_equity": 10305281,
        "latest_revenue": 7123776,
        "latest_gross_profit": 1507902,
        "latest_net_income": 302070,
        "latest_debt_ratio": 54.03,
        "latest_current_ratio": 197.27,
        "latest_account_receivable_turnover_ratio": 0.96,
        "latest_inventory_turnover_ratio": 0.84,
        "latest_reinvestment_rate": 1.81,
        "latest_research_to_sale_ratio": 6.52
    },
    "eps_dividends": {
        "2001": {
            "cash": 0,
            "stock": 0,
            "eps": 0
        },
        "2002": {
            "cash": 0,
            "stock": 0,
            "eps": 0
        },
        "2003": {
            "cash": 0,
            "stock": 0,
            "eps": 0
        },
        "2004": {
            "cash": 0,
            "stock": 0,
            "eps": 0
        },
        "2005": {
            "cash": 0,
            "stock": 0,
            "eps": 0
        },
        "2006": {
            "cash": 0,
            "stock": 0,
            "eps": 0
        },
        "2007": {
            "cash": 0,
            "stock": 0,
            "eps": 0
        },
        "2008": {
            "cash": 0,
            "stock": 0,
            "eps": 0
        },
        "2009": {
            "cash": 0,
            "stock": 0,
            "eps": 0
        },
        "2010": {
            "cash": 0,
            "stock": 0,
            "eps": 1.17
        },
        "2011": {
            "cash": 1.7000000000000002,
            "stock": 0,
            "eps": 2.62
        },
        "2012": {
            "cash": 0,
            "stock": 0,
            "eps": -0.06
        },
        "2013": {
            "cash": 0,
            "stock": 0,
            "eps": 0.73
        },
        "2014": {
            "cash": 0.3,
            "stock": 0,
            "eps": 0.37
        },
        "2015": {
            "cash": 0.15,
            "stock": 0,
            "eps": -1.32
        },
        "2016": {
            "cash": 0,
            "stock": 0,
            "eps": 0.65
        },
        "2017": {
            "cash": 0.2,
            "stock": 0,
            "eps": -1.32
        },
        "2018": {
            "cash": 0,
            "stock": 0,
            "eps": -1.37
        },
        "2019": {
            "cash": 0,
            "stock": 0,
            "eps": 0.25
        },
        "2020": {
            "cash": 0,
            "stock": 0,
            "eps": 1.9
        },
        "2021": {
            "cash": 0.5,
            "stock": 0,
            "eps": 2.49
        },
        "2022": {
            "cash": 0.5,
            "stock": 0,
            "eps": 3.95
        },
        "2023": {
            "cash": 1.25,
            "stock": 0,
            "eps": 1.94
        }
    },
    "dividends": {
        "2011-01-01": {
            "cash": 1.1,
            "stock": 0
        },
        "2011-02-22": {
            "cash": 0.6,
            "stock": 0
        },
        "2014-09-18": {
            "cash": 0.3,
            "stock": 0
        },
        "2015-09-11": {
            "cash": 0.15,
            "stock": 0
        },
        "2017-09-15": {
            "cash": 0.2,
            "stock": 0
        },
        "2021-09-15": {
            "cash": 0.5,
            "stock": 0
        },
        "2022-09-23": {
            "cash": 0.5,
            "stock": 0
        },
        "2023-09-21": {
            "cash": 1.25,
            "stock": 0
        }
    },
    "prices": {
        "200101": "無",
        "200102": "無",
        "200103": "無",
        "200104": "無",
        "200105": "無",
        "200106": "無",
        "200107": "無",
        "200108": "無",
        "200109": "無",
        "200110": "無",
        "200111": "無",
        "200112": "無",
        "200201": "無",
        "200202": "無",
        "200203": "無",
        "200204": "無",
        "200205": "無",
        "200206": "無",
        "200207": "無",
        "200208": "無",
        "200209": "無",
        "200210": "無",
        "200211": "無",
        "200212": "無",
        "200301": "無",
        "200302": "無",
        "200303": "無",
        "200304": "無",
        "200305": "無",
        "200306": "無",
        "200307": "無",
        "200308": "無",
        "200309": "無",
        "200310": "無",
        "200311": "無",
        "200312": "無",
        "200401": "無",
        "200402": "無",
        "200403": "無",
        "200404": "無",
        "200405": "無",
        "200406": "無",
        "200407": "無",
        "200408": "無",
        "200409": "無",
        "200410": "無",
        "200411": "無",
        "200412": "無",
        "200501": "無",
        "200502": "無",
        "200503": "無",
        "200504": "無",
        "200505": "無",
        "200506": "無",
        "200507": "無",
        "200508": "無",
        "200509": "無",
        "200510": "無",
        "200511": "無",
        "200512": "無",
        "200601": "無",
        "200602": "無",
        "200603": "無",
        "200604": "無",
        "200605": "無",
        "200606": "無",
        "200607": "無",
        "200608": "無",
        "200609": "無",
        "200610": "無",
        "200611": "無",
        "200612": "無",
        "200701": "無",
        "200702": "無",
        "200703": "無",
        "200704": "無",
        "200705": "無",
        "200706": "無",
        "200707": "無",
        "200708": "無",
        "200709": "無",
        "200710": "無",
        "200711": "無",
        "200712": "無",
        "200801": "無",
        "200802": "無",
        "200803": "無",
        "200804": "無",
        "200805": "無",
        "200806": "無",
        "200807": "無",
        "200808": "無",
        "200809": "無",
        "200810": "無",
        "200811": "無",
        "200812": "無",
        "200901": "無",
        "200902": "無",
        "200903": "無",
        "200904": "無",
        "200905": "無",
        "200906": "無",
        "200907": "無",
        "200908": "無",
        "200909": "無",
        "200910": "無",
        "200911": "無",
        "200912": "無",
        "201001": "無",
        "201002": "無",
        "201003": "無",
        "201004": "無",
        "201005": "無",
        "201006": "無",
        "201007": "無",
        "201008": "18.98",
        "201009": "18.69",
        "201010": "20.32",
        "201011": "25.59",
        "201012": "29.31",
        "201101": "26.78",
        "201102": "22.80",
        "201103": "24.60",
        "201104": "25.60",
        "201105": "26.15",
        "201106": "24.57",
        "201107": "22.50",
        "201108": "19.04",
        "201109": "18.87",
        "201110": "19.02",
        "201111": "18.41",
        "201112": "15.95",
        "201201": "15.88",
        "201202": "18.10",
        "201203": "19.42",
        "201204": "17.57",
        "201205": "15.97",
        "201206": "15.04",
        "201207": "14.77",
        "201208": "15.07",
        "201209": "14.60",
        "201210": "13.70",
        "201211": "12.30",
        "201212": "13.47",
        "201301": "14.92",
        "201302": "15.97",
        "201303": "15.01",
        "201304": "13.63",
        "201305": "14.29",
        "201306": "13.68",
        "201307": "13.70",
        "201308": "13.17",
        "201309": "13.56",
        "201310": "14.59",
        "201311": "16.63",
        "201312": "18.23",
        "201401": "19.31",
        "201402": "18.63",
        "201403": "18.28",
        "201404": "17.61",
        "201405": "17.55",
        "201406": "20.40",
        "201407": "24.17",
        "201408": "23.28",
        "201409": "21.72",
        "201410": "17.88",
        "201411": "16.93",
        "201412": "17.05",
        "201501": "17.66",
        "201502": "16.99",
        "201503": "17.25",
        "201504": "16.42",
        "201505": "15.05",
        "201506": "13.11",
        "201507": "12.79",
        "201508": "10.91",
        "201509": "12.16",
        "201510": "12.85",
        "201511": "12.50",
        "201512": "12.53",
        "201601": "12.90",
        "201602": "14.20",
        "201603": "16.08",
        "201604": "15.89",
        "201605": "16.75",
        "201606": "16.89",
        "201607": "16.12",
        "201608": "15.55",
        "201609": "15.41",
        "201610": "14.42",
        "201611": "14.36",
        "201612": "14.60",
        "201701": "14.37",
        "201702": "16.15",
        "201703": "16.58",
        "201704": "15.76",
        "201705": "15.38",
        "201706": "15.11",
        "201707": "14.63",
        "201708": "13.71",
        "201709": "14.52",
        "201710": "14.70",
        "201711": "14.10",
        "201712": "15.01",
        "201801": "15.49",
        "201802": "14.85",
        "201803": "14.72",
        "201804": "13.61",
        "201805": "13.36",
        "201806": "14.05",
        "201807": "13.39",
        "201808": "12.40",
        "201809": "11.32",
        "201810": "10.61",
        "201811": "11.78",
        "201812": "12.40",
        "201901": "13.59",
        "201902": "13.91",
        "201903": "14.10",
        "201904": "21.16",
        "201905": "22.26",
        "201906": "22.40",
        "201907": "23.53",
        "201908": "23.60",
        "201909": "21.86",
        "201910": "20.68",
        "201911": "19.82",
        "201912": "19.70",
        "202001": "19.13",
        "202002": "16.40",
        "202003": "13.50",
        "202004": "13.90",
        "202005": "15.74",
        "202006": "16.66",
        "202007": "17.80",
        "202008": "19.30",
        "202009": "25.25",
        "202010": "24.29",
        "202011": "24.10",
        "202012": "30.72",
        "202101": "39.01",
        "202102": "36.73",
        "202103": "36.41",
        "202104": "39.18",
        "202105": "30.18",
        "202106": "30.12",
        "202107": "28.40",
        "202108": "25.68",
        "202109": "24.24",
        "202110": "25.33",
        "202111": "32.79",
        "202112": "34.31",
        "202201": "31.99",
        "202202": "32.93",
        "202203": "30.22",
        "202204": "29.39",
        "202205": "27.54",
        "202206": "27.65",
        "202207": "27.52",
        "202208": "29.28",
        "202209": "28.47",
        "202210": "26.36",
        "202211": "30.93",
        "202212": "33.26",
        "202301": "36.57",
        "202302": "39.02",
        "202303": "38.63",
        "202304": "39.93",
        "202305": "41.98",
        "202306": "42.39",
        "202307": "56.46",
        "202308": "49.21",
        "202309": "51.38"
    },
    "quarters": {
        "20011": {
            "year_quarter": 20011,
            "year": 2001,
            "quarter": 1,
            "eps": null,
            "eps_growth_year": null,
            "eps_4q": null,
            "eps_4q_growth_year": null,
            "roe": null,
            "roe_4q": 0,
            "gross_profit": null,
            "gross_margin": null,
            "gross_margin_4q_avg": 0,
            "net_income": null,
            "revenue": null,
            "common_shares": null,
            "book_valuer_per_share": null,
            "book_valuer_per_share_4q_avg": 0,
            "equity": null,
            "current_ratio": null,
            "debt_ratio": null,
            "inventory_turnover_ratio": null,
            "account_receivable_turnover_ratio": null,
            "reinvestment_rate": null,
            "research_to_sale_ratio": null,
            "price_fair": 0,
            "eps_avg_yearly": 0,
            "eps_latest_yearly": 0,
            "eps_growth_yearly": 0
        },
        "20012": {
            "year_quarter": 20012,
            "year": 2001,
            "quarter": 2,
            "eps": null,
            "eps_growth_year": null,
            "eps_4q": null,
            "eps_4q_growth_year": null,
            "roe": null,
            "roe_4q": 0,
            "gross_profit": null,
            "gross_margin": null,
            "gross_margin_4q_avg": 0,
            "net_income": null,
            "revenue": null,
            "common_shares": null,
            "book_valuer_per_share": null,
            "book_valuer_per_share_4q_avg": 0,
            "equity": null,
            "current_ratio": null,
            "debt_ratio": null,
            "inventory_turnover_ratio": null,
            "account_receivable_turnover_ratio": null,
            "reinvestment_rate": null,
            "research_to_sale_ratio": null,
            "price_fair": 0,
            "eps_avg_yearly": 0,
            "eps_latest_yearly": 0,
            "eps_growth_yearly": 0
        },
        "20013": {
            "year_quarter": 20013,
            "year": 2001,
            "quarter": 3,
            "eps": null,
            "eps_growth_year": null,
            "eps_4q": null,
            "eps_4q_growth_year": null,
            "roe": null,
            "roe_4q": 0,
            "gross_profit": null,
            "gross_margin": null,
            "gross_margin_4q_avg": 0,
            "net_income": null,
            "revenue": null,
            "common_shares": null,
            "book_valuer_per_share": null,
            "book_valuer_per_share_4q_avg": 0,
            "equity": null,
            "current_ratio": null,
            "debt_ratio": null,
            "inventory_turnover_ratio": null,
            "account_receivable_turnover_ratio": null,
            "reinvestment_rate": null,
            "research_to_sale_ratio": null,
            "price_fair": 0,
            "eps_avg_yearly": 0,
            "eps_latest_yearly": 0,
            "eps_growth_yearly": 0
        },
        "20014": {
            "year_quarter": 20014,
            "year": 2001,
            "quarter": 4,
            "eps": null,
            "eps_growth_year": null,
            "eps_4q": null,
            "eps_4q_growth_year": null,
            "roe": null,
            "roe_4q": 0,
            "gross_profit": null,
            "gross_margin": null,
            "gross_margin_4q_avg": 0,
            "net_income": null,
            "revenue": null,
            "common_shares": null,
            "book_valuer_per_share": null,
            "book_valuer_per_share_4q_avg": 0,
            "equity": null,
            "current_ratio": null,
            "debt_ratio": null,
            "inventory_turnover_ratio": null,
            "account_receivable_turnover_ratio": null,
            "reinvestment_rate": null,
            "research_to_sale_ratio": null,
            "price_fair": 0,
            "eps_avg_yearly": 0,
            "eps_latest_yearly": 0,
            "eps_growth_yearly": 0
        },
        "20021": {
            "year_quarter": 20021,
            "year": 2002,
            "quarter": 1,
            "eps": null,
            "eps_growth_year": null,
            "eps_4q": null,
            "eps_4q_growth_year": null,
            "roe": null,
            "roe_4q": 0,
            "gross_profit": null,
            "gross_margin": null,
            "gross_margin_4q_avg": 0,
            "net_income": null,
            "revenue": null,
            "common_shares": null,
            "book_valuer_per_share": null,
            "book_valuer_per_share_4q_avg": 0,
            "equity": null,
            "current_ratio": null,
            "debt_ratio": null,
            "inventory_turnover_ratio": null,
            "account_receivable_turnover_ratio": null,
            "reinvestment_rate": null,
            "research_to_sale_ratio": null,
            "price_fair": 0,
            "eps_avg_yearly": 0,
            "eps_latest_yearly": 0,
            "eps_growth_yearly": 0
        },
        "20022": {
            "year_quarter": 20022,
            "year": 2002,
            "quarter": 2,
            "eps": null,
            "eps_growth_year": null,
            "eps_4q": null,
            "eps_4q_growth_year": null,
            "roe": null,
            "roe_4q": 0,
            "gross_profit": null,
            "gross_margin": null,
            "gross_margin_4q_avg": 0,
            "net_income": null,
            "revenue": null,
            "common_shares": null,
            "book_valuer_per_share": null,
            "book_valuer_per_share_4q_avg": 0,
            "equity": null,
            "current_ratio": null,
            "debt_ratio": null,
            "inventory_turnover_ratio": null,
            "account_receivable_turnover_ratio": null,
            "reinvestment_rate": null,
            "research_to_sale_ratio": null,
            "price_fair": 0,
            "eps_avg_yearly": 0,
            "eps_latest_yearly": 0,
            "eps_growth_yearly": 0
        },
        "20023": {
            "year_quarter": 20023,
            "year": 2002,
            "quarter": 3,
            "eps": null,
            "eps_growth_year": null,
            "eps_4q": null,
            "eps_4q_growth_year": null,
            "roe": null,
            "roe_4q": 0,
            "gross_profit": null,
            "gross_margin": null,
            "gross_margin_4q_avg": 0,
            "net_income": null,
            "revenue": null,
            "common_shares": null,
            "book_valuer_per_share": null,
            "book_valuer_per_share_4q_avg": 0,
            "equity": null,
            "current_ratio": null,
            "debt_ratio": null,
            "inventory_turnover_ratio": null,
            "account_receivable_turnover_ratio": null,
            "reinvestment_rate": null,
            "research_to_sale_ratio": null,
            "price_fair": 0,
            "eps_avg_yearly": 0,
            "eps_latest_yearly": 0,
            "eps_growth_yearly": 0
        },
        "20024": {
            "year_quarter": 20024,
            "year": 2002,
            "quarter": 4,
            "eps": null,
            "eps_growth_year": null,
            "eps_4q": null,
            "eps_4q_growth_year": null,
            "roe": null,
            "roe_4q": 0,
            "gross_profit": null,
            "gross_margin": null,
            "gross_margin_4q_avg": 0,
            "net_income": null,
            "revenue": null,
            "common_shares": null,
            "book_valuer_per_share": null,
            "book_valuer_per_share_4q_avg": 0,
            "equity": null,
            "current_ratio": null,
            "debt_ratio": null,
            "inventory_turnover_ratio": null,
            "account_receivable_turnover_ratio": null,
            "reinvestment_rate": null,
            "research_to_sale_ratio": null,
            "price_fair": 0,
            "eps_avg_yearly": 0,
            "eps_latest_yearly": 0,
            "eps_growth_yearly": 0
        },
        "20031": {
            "year_quarter": 20031,
            "year": 2003,
            "quarter": 1,
            "eps": null,
            "eps_growth_year": null,
            "eps_4q": null,
            "eps_4q_growth_year": null,
            "roe": null,
            "roe_4q": 0,
            "gross_profit": null,
            "gross_margin": null,
            "gross_margin_4q_avg": 0,
            "net_income": null,
            "revenue": null,
            "common_shares": null,
            "book_valuer_per_share": null,
            "book_valuer_per_share_4q_avg": 0,
            "equity": null,
            "current_ratio": null,
            "debt_ratio": null,
            "inventory_turnover_ratio": null,
            "account_receivable_turnover_ratio": null,
            "reinvestment_rate": null,
            "research_to_sale_ratio": null,
            "price_fair": 0,
            "eps_avg_yearly": 0,
            "eps_latest_yearly": 0,
            "eps_growth_yearly": 0
        },
        "20032": {
            "year_quarter": 20032,
            "year": 2003,
            "quarter": 2,
            "eps": null,
            "eps_growth_year": null,
            "eps_4q": null,
            "eps_4q_growth_year": null,
            "roe": null,
            "roe_4q": 0,
            "gross_profit": null,
            "gross_margin": null,
            "gross_margin_4q_avg": 0,
            "net_income": null,
            "revenue": null,
            "common_shares": null,
            "book_valuer_per_share": null,
            "book_valuer_per_share_4q_avg": 0,
            "equity": null,
            "current_ratio": null,
            "debt_ratio": null,
            "inventory_turnover_ratio": null,
            "account_receivable_turnover_ratio": null,
            "reinvestment_rate": null,
            "research_to_sale_ratio": null,
            "price_fair": 0,
            "eps_avg_yearly": 0,
            "eps_latest_yearly": 0,
            "eps_growth_yearly": 0
        },
        "20033": {
            "year_quarter": 20033,
            "year": 2003,
            "quarter": 3,
            "eps": null,
            "eps_growth_year": null,
            "eps_4q": null,
            "eps_4q_growth_year": null,
            "roe": null,
            "roe_4q": 0,
            "gross_profit": null,
            "gross_margin": null,
            "gross_margin_4q_avg": 0,
            "net_income": null,
            "revenue": null,
            "common_shares": null,
            "book_valuer_per_share": null,
            "book_valuer_per_share_4q_avg": 0,
            "equity": null,
            "current_ratio": null,
            "debt_ratio": null,
            "inventory_turnover_ratio": null,
            "account_receivable_turnover_ratio": null,
            "reinvestment_rate": null,
            "research_to_sale_ratio": null,
            "price_fair": 0,
            "eps_avg_yearly": 0,
            "eps_latest_yearly": 0,
            "eps_growth_yearly": 0
        },
        "20034": {
            "year_quarter": 20034,
            "year": 2003,
            "quarter": 4,
            "eps": null,
            "eps_growth_year": null,
            "eps_4q": null,
            "eps_4q_growth_year": null,
            "roe": null,
            "roe_4q": 0,
            "gross_profit": null,
            "gross_margin": null,
            "gross_margin_4q_avg": 0,
            "net_income": null,
            "revenue": null,
            "common_shares": null,
            "book_valuer_per_share": null,
            "book_valuer_per_share_4q_avg": 0,
            "equity": null,
            "current_ratio": null,
            "debt_ratio": null,
            "inventory_turnover_ratio": null,
            "account_receivable_turnover_ratio": null,
            "reinvestment_rate": null,
            "research_to_sale_ratio": null,
            "price_fair": 0,
            "eps_avg_yearly": 0,
            "eps_latest_yearly": 0,
            "eps_growth_yearly": 0
        },
        "20041": {
            "year_quarter": 20041,
            "year": 2004,
            "quarter": 1,
            "eps": null,
            "eps_growth_year": null,
            "eps_4q": null,
            "eps_4q_growth_year": null,
            "roe": null,
            "roe_4q": 0,
            "gross_profit": null,
            "gross_margin": null,
            "gross_margin_4q_avg": 0,
            "net_income": null,
            "revenue": null,
            "common_shares": null,
            "book_valuer_per_share": null,
            "book_valuer_per_share_4q_avg": 0,
            "equity": null,
            "current_ratio": null,
            "debt_ratio": null,
            "inventory_turnover_ratio": null,
            "account_receivable_turnover_ratio": null,
            "reinvestment_rate": null,
            "research_to_sale_ratio": null,
            "price_fair": 0,
            "eps_avg_yearly": 0,
            "eps_latest_yearly": 0,
            "eps_growth_yearly": 0
        },
        "20042": {
            "year_quarter": 20042,
            "year": 2004,
            "quarter": 2,
            "eps": null,
            "eps_growth_year": null,
            "eps_4q": null,
            "eps_4q_growth_year": null,
            "roe": null,
            "roe_4q": 0,
            "gross_profit": null,
            "gross_margin": null,
            "gross_margin_4q_avg": 0,
            "net_income": null,
            "revenue": null,
            "common_shares": null,
            "book_valuer_per_share": null,
            "book_valuer_per_share_4q_avg": 0,
            "equity": null,
            "current_ratio": null,
            "debt_ratio": null,
            "inventory_turnover_ratio": null,
            "account_receivable_turnover_ratio": null,
            "reinvestment_rate": null,
            "research_to_sale_ratio": null,
            "price_fair": 0,
            "eps_avg_yearly": 0,
            "eps_latest_yearly": 0,
            "eps_growth_yearly": 0
        },
        "20043": {
            "year_quarter": 20043,
            "year": 2004,
            "quarter": 3,
            "eps": null,
            "eps_growth_year": null,
            "eps_4q": null,
            "eps_4q_growth_year": null,
            "roe": null,
            "roe_4q": 0,
            "gross_profit": null,
            "gross_margin": null,
            "gross_margin_4q_avg": 0,
            "net_income": null,
            "revenue": null,
            "common_shares": null,
            "book_valuer_per_share": null,
            "book_valuer_per_share_4q_avg": 0,
            "equity": null,
            "current_ratio": null,
            "debt_ratio": null,
            "inventory_turnover_ratio": null,
            "account_receivable_turnover_ratio": null,
            "reinvestment_rate": null,
            "research_to_sale_ratio": null,
            "price_fair": 0,
            "eps_avg_yearly": 0,
            "eps_latest_yearly": 0,
            "eps_growth_yearly": 0
        },
        "20044": {
            "year_quarter": 20044,
            "year": 2004,
            "quarter": 4,
            "eps": null,
            "eps_growth_year": null,
            "eps_4q": null,
            "eps_4q_growth_year": null,
            "roe": null,
            "roe_4q": 0,
            "gross_profit": null,
            "gross_margin": null,
            "gross_margin_4q_avg": 0,
            "net_income": null,
            "revenue": null,
            "common_shares": null,
            "book_valuer_per_share": null,
            "book_valuer_per_share_4q_avg": 0,
            "equity": null,
            "current_ratio": null,
            "debt_ratio": null,
            "inventory_turnover_ratio": null,
            "account_receivable_turnover_ratio": null,
            "reinvestment_rate": null,
            "research_to_sale_ratio": null,
            "price_fair": 0,
            "eps_avg_yearly": 0,
            "eps_latest_yearly": 0,
            "eps_growth_yearly": 0
        },
        "20051": {
            "year_quarter": 20051,
            "year": 2005,
            "quarter": 1,
            "eps": null,
            "eps_growth_year": null,
            "eps_4q": null,
            "eps_4q_growth_year": null,
            "roe": null,
            "roe_4q": 0,
            "gross_profit": null,
            "gross_margin": null,
            "gross_margin_4q_avg": 0,
            "net_income": null,
            "revenue": null,
            "common_shares": null,
            "book_valuer_per_share": null,
            "book_valuer_per_share_4q_avg": 0,
            "equity": null,
            "current_ratio": null,
            "debt_ratio": null,
            "inventory_turnover_ratio": null,
            "account_receivable_turnover_ratio": null,
            "reinvestment_rate": null,
            "research_to_sale_ratio": null,
            "price_fair": 0,
            "eps_avg_yearly": 0,
            "eps_latest_yearly": 0,
            "eps_growth_yearly": 0
        },
        "20052": {
            "year_quarter": 20052,
            "year": 2005,
            "quarter": 2,
            "eps": null,
            "eps_growth_year": null,
            "eps_4q": null,
            "eps_4q_growth_year": null,
            "roe": null,
            "roe_4q": 0,
            "gross_profit": null,
            "gross_margin": null,
            "gross_margin_4q_avg": 0,
            "net_income": null,
            "revenue": null,
            "common_shares": null,
            "book_valuer_per_share": null,
            "book_valuer_per_share_4q_avg": 0,
            "equity": null,
            "current_ratio": null,
            "debt_ratio": null,
            "inventory_turnover_ratio": null,
            "account_receivable_turnover_ratio": null,
            "reinvestment_rate": null,
            "research_to_sale_ratio": null,
            "price_fair": 0,
            "eps_avg_yearly": 0,
            "eps_latest_yearly": 0,
            "eps_growth_yearly": 0
        },
        "20053": {
            "year_quarter": 20053,
            "year": 2005,
            "quarter": 3,
            "eps": null,
            "eps_growth_year": null,
            "eps_4q": null,
            "eps_4q_growth_year": null,
            "roe": null,
            "roe_4q": 0,
            "gross_profit": null,
            "gross_margin": null,
            "gross_margin_4q_avg": 0,
            "net_income": null,
            "revenue": null,
            "common_shares": null,
            "book_valuer_per_share": null,
            "book_valuer_per_share_4q_avg": 0,
            "equity": null,
            "current_ratio": null,
            "debt_ratio": null,
            "inventory_turnover_ratio": null,
            "account_receivable_turnover_ratio": null,
            "reinvestment_rate": null,
            "research_to_sale_ratio": null,
            "price_fair": 0,
            "eps_avg_yearly": 0,
            "eps_latest_yearly": 0,
            "eps_growth_yearly": 0
        },
        "20054": {
            "year_quarter": 20054,
            "year": 2005,
            "quarter": 4,
            "eps": null,
            "eps_growth_year": null,
            "eps_4q": null,
            "eps_4q_growth_year": null,
            "roe": null,
            "roe_4q": 0,
            "gross_profit": null,
            "gross_margin": null,
            "gross_margin_4q_avg": 0,
            "net_income": null,
            "revenue": null,
            "common_shares": null,
            "book_valuer_per_share": null,
            "book_valuer_per_share_4q_avg": 0,
            "equity": null,
            "current_ratio": null,
            "debt_ratio": null,
            "inventory_turnover_ratio": null,
            "account_receivable_turnover_ratio": null,
            "reinvestment_rate": null,
            "research_to_sale_ratio": null,
            "price_fair": 0,
            "eps_avg_yearly": 0,
            "eps_latest_yearly": 0,
            "eps_growth_yearly": 0
        },
        "20061": {
            "year_quarter": 20061,
            "year": 2006,
            "quarter": 1,
            "eps": null,
            "eps_growth_year": null,
            "eps_4q": null,
            "eps_4q_growth_year": null,
            "roe": null,
            "roe_4q": 0,
            "gross_profit": null,
            "gross_margin": null,
            "gross_margin_4q_avg": 0,
            "net_income": null,
            "revenue": null,
            "common_shares": null,
            "book_valuer_per_share": null,
            "book_valuer_per_share_4q_avg": 0,
            "equity": null,
            "current_ratio": null,
            "debt_ratio": null,
            "inventory_turnover_ratio": null,
            "account_receivable_turnover_ratio": null,
            "reinvestment_rate": null,
            "research_to_sale_ratio": null,
            "price_fair": 0,
            "eps_avg_yearly": 0,
            "eps_latest_yearly": 0,
            "eps_growth_yearly": 0
        },
        "20062": {
            "year_quarter": 20062,
            "year": 2006,
            "quarter": 2,
            "eps": null,
            "eps_growth_year": null,
            "eps_4q": null,
            "eps_4q_growth_year": null,
            "roe": null,
            "roe_4q": 0,
            "gross_profit": null,
            "gross_margin": null,
            "gross_margin_4q_avg": 0,
            "net_income": null,
            "revenue": null,
            "common_shares": null,
            "book_valuer_per_share": null,
            "book_valuer_per_share_4q_avg": 0,
            "equity": null,
            "current_ratio": null,
            "debt_ratio": null,
            "inventory_turnover_ratio": null,
            "account_receivable_turnover_ratio": null,
            "reinvestment_rate": null,
            "research_to_sale_ratio": null,
            "price_fair": 0,
            "eps_avg_yearly": 0,
            "eps_latest_yearly": 0,
            "eps_growth_yearly": 0
        },
        "20063": {
            "year_quarter": 20063,
            "year": 2006,
            "quarter": 3,
            "eps": null,
            "eps_growth_year": null,
            "eps_4q": null,
            "eps_4q_growth_year": null,
            "roe": null,
            "roe_4q": 0,
            "gross_profit": null,
            "gross_margin": null,
            "gross_margin_4q_avg": 0,
            "net_income": null,
            "revenue": null,
            "common_shares": null,
            "book_valuer_per_share": null,
            "book_valuer_per_share_4q_avg": 0,
            "equity": null,
            "current_ratio": null,
            "debt_ratio": null,
            "inventory_turnover_ratio": null,
            "account_receivable_turnover_ratio": null,
            "reinvestment_rate": null,
            "research_to_sale_ratio": null,
            "price_fair": 0,
            "eps_avg_yearly": 0,
            "eps_latest_yearly": 0,
            "eps_growth_yearly": 0
        },
        "20064": {
            "year_quarter": 20064,
            "year": 2006,
            "quarter": 4,
            "eps": null,
            "eps_growth_year": null,
            "eps_4q": null,
            "eps_4q_growth_year": null,
            "roe": null,
            "roe_4q": 0,
            "gross_profit": null,
            "gross_margin": null,
            "gross_margin_4q_avg": 0,
            "net_income": null,
            "revenue": null,
            "common_shares": null,
            "book_valuer_per_share": null,
            "book_valuer_per_share_4q_avg": 0,
            "equity": null,
            "current_ratio": null,
            "debt_ratio": null,
            "inventory_turnover_ratio": null,
            "account_receivable_turnover_ratio": null,
            "reinvestment_rate": null,
            "research_to_sale_ratio": null,
            "price_fair": 0,
            "eps_avg_yearly": 0,
            "eps_latest_yearly": 0,
            "eps_growth_yearly": 0
        },
        "20071": {
            "year_quarter": 20071,
            "year": 2007,
            "quarter": 1,
            "eps": null,
            "eps_growth_year": null,
            "eps_4q": null,
            "eps_4q_growth_year": null,
            "roe": null,
            "roe_4q": 0,
            "gross_profit": null,
            "gross_margin": null,
            "gross_margin_4q_avg": 0,
            "net_income": null,
            "revenue": null,
            "common_shares": null,
            "book_valuer_per_share": null,
            "book_valuer_per_share_4q_avg": 0,
            "equity": null,
            "current_ratio": null,
            "debt_ratio": null,
            "inventory_turnover_ratio": null,
            "account_receivable_turnover_ratio": null,
            "reinvestment_rate": null,
            "research_to_sale_ratio": null,
            "price_fair": 0,
            "eps_avg_yearly": 0,
            "eps_latest_yearly": 0,
            "eps_growth_yearly": 0
        },
        "20072": {
            "year_quarter": 20072,
            "year": 2007,
            "quarter": 2,
            "eps": null,
            "eps_growth_year": null,
            "eps_4q": null,
            "eps_4q_growth_year": null,
            "roe": null,
            "roe_4q": 0,
            "gross_profit": null,
            "gross_margin": null,
            "gross_margin_4q_avg": 0,
            "net_income": null,
            "revenue": null,
            "common_shares": null,
            "book_valuer_per_share": null,
            "book_valuer_per_share_4q_avg": 0,
            "equity": null,
            "current_ratio": null,
            "debt_ratio": null,
            "inventory_turnover_ratio": null,
            "account_receivable_turnover_ratio": null,
            "reinvestment_rate": null,
            "research_to_sale_ratio": null,
            "price_fair": 0,
            "eps_avg_yearly": 0,
            "eps_latest_yearly": 0,
            "eps_growth_yearly": 0
        },
        "20073": {
            "year_quarter": 20073,
            "year": 2007,
            "quarter": 3,
            "eps": null,
            "eps_growth_year": null,
            "eps_4q": null,
            "eps_4q_growth_year": null,
            "roe": null,
            "roe_4q": 0,
            "gross_profit": null,
            "gross_margin": null,
            "gross_margin_4q_avg": 0,
            "net_income": null,
            "revenue": null,
            "common_shares": null,
            "book_valuer_per_share": null,
            "book_valuer_per_share_4q_avg": 0,
            "equity": null,
            "current_ratio": null,
            "debt_ratio": null,
            "inventory_turnover_ratio": null,
            "account_receivable_turnover_ratio": null,
            "reinvestment_rate": null,
            "research_to_sale_ratio": null,
            "price_fair": 0,
            "eps_avg_yearly": 0,
            "eps_latest_yearly": 0,
            "eps_growth_yearly": 0
        },
        "20074": {
            "year_quarter": 20074,
            "year": 2007,
            "quarter": 4,
            "eps": null,
            "eps_growth_year": null,
            "eps_4q": null,
            "eps_4q_growth_year": null,
            "roe": null,
            "roe_4q": 0,
            "gross_profit": null,
            "gross_margin": null,
            "gross_margin_4q_avg": 0,
            "net_income": null,
            "revenue": null,
            "common_shares": null,
            "book_valuer_per_share": null,
            "book_valuer_per_share_4q_avg": 0,
            "equity": null,
            "current_ratio": null,
            "debt_ratio": null,
            "inventory_turnover_ratio": null,
            "account_receivable_turnover_ratio": null,
            "reinvestment_rate": null,
            "research_to_sale_ratio": null,
            "price_fair": 0,
            "eps_avg_yearly": 0,
            "eps_latest_yearly": 0,
            "eps_growth_yearly": 0
        },
        "20081": {
            "year_quarter": 20081,
            "year": 2008,
            "quarter": 1,
            "eps": null,
            "eps_growth_year": null,
            "eps_4q": null,
            "eps_4q_growth_year": null,
            "roe": null,
            "roe_4q": 0,
            "gross_profit": null,
            "gross_margin": null,
            "gross_margin_4q_avg": 0,
            "net_income": null,
            "revenue": null,
            "common_shares": null,
            "book_valuer_per_share": null,
            "book_valuer_per_share_4q_avg": 0,
            "equity": null,
            "current_ratio": null,
            "debt_ratio": null,
            "inventory_turnover_ratio": null,
            "account_receivable_turnover_ratio": null,
            "reinvestment_rate": null,
            "research_to_sale_ratio": null,
            "price_fair": 0,
            "eps_avg_yearly": 0,
            "eps_latest_yearly": 0,
            "eps_growth_yearly": 0
        },
        "20082": {
            "year_quarter": 20082,
            "year": 2008,
            "quarter": 2,
            "eps": null,
            "eps_growth_year": null,
            "eps_4q": null,
            "eps_4q_growth_year": null,
            "roe": null,
            "roe_4q": 0,
            "gross_profit": null,
            "gross_margin": null,
            "gross_margin_4q_avg": 0,
            "net_income": null,
            "revenue": null,
            "common_shares": null,
            "book_valuer_per_share": null,
            "book_valuer_per_share_4q_avg": 0,
            "equity": null,
            "current_ratio": null,
            "debt_ratio": null,
            "inventory_turnover_ratio": null,
            "account_receivable_turnover_ratio": null,
            "reinvestment_rate": null,
            "research_to_sale_ratio": null,
            "price_fair": 0,
            "eps_avg_yearly": 0,
            "eps_latest_yearly": 0,
            "eps_growth_yearly": 0
        },
        "20083": {
            "year_quarter": 20083,
            "year": 2008,
            "quarter": 3,
            "eps": null,
            "eps_growth_year": null,
            "eps_4q": null,
            "eps_4q_growth_year": null,
            "roe": null,
            "roe_4q": 0,
            "gross_profit": null,
            "gross_margin": null,
            "gross_margin_4q_avg": 0,
            "net_income": null,
            "revenue": null,
            "common_shares": null,
            "book_valuer_per_share": null,
            "book_valuer_per_share_4q_avg": 0,
            "equity": null,
            "current_ratio": null,
            "debt_ratio": null,
            "inventory_turnover_ratio": null,
            "account_receivable_turnover_ratio": null,
            "reinvestment_rate": null,
            "research_to_sale_ratio": null,
            "price_fair": 0,
            "eps_avg_yearly": 0,
            "eps_latest_yearly": 0,
            "eps_growth_yearly": 0
        },
        "20084": {
            "year_quarter": 20084,
            "year": 2008,
            "quarter": 4,
            "eps": null,
            "eps_growth_year": null,
            "eps_4q": null,
            "eps_4q_growth_year": null,
            "roe": null,
            "roe_4q": 0,
            "gross_profit": null,
            "gross_margin": null,
            "gross_margin_4q_avg": 0,
            "net_income": null,
            "revenue": null,
            "common_shares": null,
            "book_valuer_per_share": null,
            "book_valuer_per_share_4q_avg": 0,
            "equity": null,
            "current_ratio": null,
            "debt_ratio": null,
            "inventory_turnover_ratio": null,
            "account_receivable_turnover_ratio": null,
            "reinvestment_rate": null,
            "research_to_sale_ratio": null,
            "price_fair": 0,
            "eps_avg_yearly": 0,
            "eps_latest_yearly": 0,
            "eps_growth_yearly": 0
        },
        "20091": {
            "year_quarter": 20091,
            "year": 2009,
            "quarter": 1,
            "eps": null,
            "eps_growth_year": null,
            "eps_4q": null,
            "eps_4q_growth_year": null,
            "roe": null,
            "roe_4q": 0,
            "gross_profit": null,
            "gross_margin": null,
            "gross_margin_4q_avg": 0,
            "net_income": null,
            "revenue": null,
            "common_shares": null,
            "book_valuer_per_share": null,
            "book_valuer_per_share_4q_avg": 0,
            "equity": null,
            "current_ratio": null,
            "debt_ratio": null,
            "inventory_turnover_ratio": null,
            "account_receivable_turnover_ratio": null,
            "reinvestment_rate": null,
            "research_to_sale_ratio": null,
            "price_fair": 0,
            "eps_avg_yearly": 0,
            "eps_latest_yearly": 0,
            "eps_growth_yearly": 0
        },
        "20092": {
            "year_quarter": 20092,
            "year": 2009,
            "quarter": 2,
            "eps": null,
            "eps_growth_year": null,
            "eps_4q": null,
            "eps_4q_growth_year": null,
            "roe": null,
            "roe_4q": 0,
            "gross_profit": null,
            "gross_margin": null,
            "gross_margin_4q_avg": 0,
            "net_income": null,
            "revenue": null,
            "common_shares": null,
            "book_valuer_per_share": null,
            "book_valuer_per_share_4q_avg": 0,
            "equity": null,
            "current_ratio": null,
            "debt_ratio": null,
            "inventory_turnover_ratio": null,
            "account_receivable_turnover_ratio": null,
            "reinvestment_rate": null,
            "research_to_sale_ratio": null,
            "price_fair": 0,
            "eps_avg_yearly": 0,
            "eps_latest_yearly": 0,
            "eps_growth_yearly": 0
        },
        "20093": {
            "year_quarter": 20093,
            "year": 2009,
            "quarter": 3,
            "eps": null,
            "eps_growth_year": null,
            "eps_4q": null,
            "eps_4q_growth_year": null,
            "roe": null,
            "roe_4q": 0,
            "gross_profit": null,
            "gross_margin": null,
            "gross_margin_4q_avg": 0,
            "net_income": null,
            "revenue": null,
            "common_shares": 0,
            "book_valuer_per_share": null,
            "book_valuer_per_share_4q_avg": 0,
            "equity": 0,
            "current_ratio": null,
            "debt_ratio": null,
            "inventory_turnover_ratio": null,
            "account_receivable_turnover_ratio": null,
            "reinvestment_rate": null,
            "research_to_sale_ratio": null,
            "price_fair": 0,
            "eps_avg_yearly": 0,
            "eps_latest_yearly": 0,
            "eps_growth_yearly": 0
        },
        "20094": {
            "year_quarter": 20094,
            "year": 2009,
            "quarter": 4,
            "eps": null,
            "eps_growth_year": null,
            "eps_4q": null,
            "eps_4q_growth_year": null,
            "roe": null,
            "roe_4q": 0,
            "gross_profit": 0,
            "gross_margin": null,
            "gross_margin_4q_avg": 0,
            "net_income": 0,
            "revenue": 0,
            "common_shares": 0,
            "book_valuer_per_share": null,
            "book_valuer_per_share_4q_avg": 0,
            "equity": 0,
            "current_ratio": null,
            "debt_ratio": null,
            "inventory_turnover_ratio": null,
            "account_receivable_turnover_ratio": null,
            "reinvestment_rate": null,
            "research_to_sale_ratio": null,
            "price_fair": 0,
            "eps_avg_yearly": 0,
            "eps_latest_yearly": 0,
            "eps_growth_yearly": 0
        },
        "20101": {
            "year_quarter": 20101,
            "year": 2010,
            "quarter": 1,
            "eps": null,
            "eps_growth_year": null,
            "eps_4q": null,
            "eps_4q_growth_year": null,
            "roe": null,
            "roe_4q": 0,
            "gross_profit": 0,
            "gross_margin": null,
            "gross_margin_4q_avg": 0,
            "net_income": 0,
            "revenue": 0,
            "common_shares": 0,
            "book_valuer_per_share": null,
            "book_valuer_per_share_4q_avg": 0,
            "equity": 0,
            "current_ratio": null,
            "debt_ratio": null,
            "inventory_turnover_ratio": null,
            "account_receivable_turnover_ratio": null,
            "reinvestment_rate": null,
            "research_to_sale_ratio": null,
            "price_fair": 0,
            "eps_avg_yearly": 0,
            "eps_latest_yearly": 0,
            "eps_growth_yearly": 0
        },
        "20102": {
            "year_quarter": 20102,
            "year": 2010,
            "quarter": 2,
            "eps": null,
            "eps_growth_year": null,
            "eps_4q": null,
            "eps_4q_growth_year": null,
            "roe": null,
            "roe_4q": 0,
            "gross_profit": 0,
            "gross_margin": null,
            "gross_margin_4q_avg": 0,
            "net_income": 0,
            "revenue": 0,
            "common_shares": 0,
            "book_valuer_per_share": null,
            "book_valuer_per_share_4q_avg": 0,
            "equity": 0,
            "current_ratio": null,
            "debt_ratio": null,
            "inventory_turnover_ratio": null,
            "account_receivable_turnover_ratio": null,
            "reinvestment_rate": null,
            "research_to_sale_ratio": null,
            "price_fair": 0,
            "eps_avg_yearly": 0,
            "eps_latest_yearly": 0,
            "eps_growth_yearly": 0
        },
        "20103": {
            "year_quarter": 20103,
            "year": 2010,
            "quarter": 3,
            "eps": null,
            "eps_growth_year": null,
            "eps_4q": null,
            "eps_4q_growth_year": null,
            "roe": null,
            "roe_4q": 0,
            "gross_profit": 611408,
            "gross_margin": null,
            "gross_margin_4q_avg": 0,
            "net_income": 180598,
            "revenue": 1939008,
            "common_shares": 5170483,
            "book_valuer_per_share": 18.35,
            "book_valuer_per_share_4q_avg": 4.59,
            "equity": 8747752,
            "current_ratio": 210.04,
            "debt_ratio": 37.92,
            "inventory_turnover_ratio": null,
            "account_receivable_turnover_ratio": null,
            "reinvestment_rate": null,
            "research_to_sale_ratio": null,
            "price_fair": 0,
            "eps_avg_yearly": 0,
            "eps_latest_yearly": 0,
            "eps_growth_yearly": 0
        },
        "20104": {
            "year_quarter": 20104,
            "year": 2010,
            "quarter": 4,
            "eps": 1.17,
            "eps_growth_year": null,
            "eps_4q": 1.17,
            "eps_4q_growth_year": null,
            "roe": 6.25,
            "roe_4q": 6.25,
            "gross_profit": 1926316,
            "gross_margin": 33.97,
            "gross_margin_4q_avg": 8.49,
            "net_income": 565895,
            "revenue": 5670407,
            "common_shares": 5170483,
            "book_valuer_per_share": 19.32,
            "book_valuer_per_share_4q_avg": 9.42,
            "equity": 9348641,
            "current_ratio": 250.96,
            "debt_ratio": 31.89,
            "inventory_turnover_ratio": 0.85,
            "account_receivable_turnover_ratio": 1.83,
            "reinvestment_rate": null,
            "research_to_sale_ratio": 7.9,
            "price_fair": 0,
            "eps_avg_yearly": 0,
            "eps_latest_yearly": 0,
            "eps_growth_yearly": 0
        },
        "20111": {
            "year_quarter": 20111,
            "year": 2011,
            "quarter": 1,
            "eps": 1.28,
            "eps_growth_year": null,
            "eps_4q": 2.44,
            "eps_4q_growth_year": null,
            "roe": 6.35,
            "roe_4q": 12.6,
            "gross_profit": 1521276,
            "gross_margin": 36.14,
            "gross_margin_4q_avg": 17.53,
            "net_income": 614293,
            "revenue": 4209592,
            "common_shares": 5170483,
            "book_valuer_per_share": 20.61,
            "book_valuer_per_share_4q_avg": 14.57,
            "equity": 9997498,
            "current_ratio": 286.31,
            "debt_ratio": 28.37,
            "inventory_turnover_ratio": 0.64,
            "account_receivable_turnover_ratio": 1.26,
            "reinvestment_rate": null,
            "research_to_sale_ratio": 8.68,
            "price_fair": 179.2,
            "eps_avg_yearly": 5.12,
            "eps_latest_yearly": 5.12,
            "eps_growth_yearly": 37.61
        },
        "20112": {
            "year_quarter": 20112,
            "year": 2011,
            "quarter": 2,
            "eps": 0.84,
            "eps_growth_year": null,
            "eps_4q": 3.28,
            "eps_4q_growth_year": null,
            "roe": 4.05,
            "roe_4q": 16.65,
            "gross_profit": 1419638,
            "gross_margin": 32.68,
            "gross_margin_4q_avg": 25.7,
            "net_income": 405744,
            "revenue": 4344489,
            "common_shares": 5024353,
            "book_valuer_per_share": 20.75,
            "book_valuer_per_share_4q_avg": 19.76,
            "equity": 10061864,
            "current_ratio": 292.87,
            "debt_ratio": 27.95,
            "inventory_turnover_ratio": 0.7,
            "account_receivable_turnover_ratio": 1.26,
            "reinvestment_rate": null,
            "research_to_sale_ratio": 8.38,
            "price_fair": 12.72,
            "eps_avg_yearly": 4.24,
            "eps_latest_yearly": 3.36,
            "eps_growth_yearly": -49.95
        },
        "20113": {
            "year_quarter": 20113,
            "year": 2011,
            "quarter": 3,
            "eps": 0.13,
            "eps_growth_year": null,
            "eps_4q": 3.42,
            "eps_4q_growth_year": null,
            "roe": 0.61,
            "roe_4q": 17.259999999999998,
            "gross_profit": 1119107,
            "gross_margin": 28.64,
            "gross_margin_4q_avg": 32.86,
            "net_income": 61633,
            "revenue": 3907679,
            "common_shares": 5024353,
            "book_valuer_per_share": 21.13,
            "book_valuer_per_share_4q_avg": 20.45,
            "equity": 10218049,
            "current_ratio": 302.81,
            "debt_ratio": 26.99,
            "inventory_turnover_ratio": 0.68,
            "account_receivable_turnover_ratio": 1.04,
            "reinvestment_rate": null,
            "research_to_sale_ratio": 11.07,
            "price_fair": 9,
            "eps_avg_yearly": 3,
            "eps_latest_yearly": 0.52,
            "eps_growth_yearly": -146
        },
        "20114": {
            "year_quarter": 20114,
            "year": 2011,
            "quarter": 4,
            "eps": 0.37,
            "eps_growth_year": -68.55,
            "eps_4q": 2.63,
            "eps_4q_growth_year": 123.93,
            "roe": 1.72,
            "roe_4q": 12.73,
            "gross_profit": 1358077,
            "gross_margin": 29.67,
            "gross_margin_4q_avg": 31.78,
            "net_income": 176304,
            "revenue": 4576630,
            "common_shares": 5024353,
            "book_valuer_per_share": 21.43,
            "book_valuer_per_share_4q_avg": 20.98,
            "equity": 10297984,
            "current_ratio": 304.37,
            "debt_ratio": 26.88,
            "inventory_turnover_ratio": 0.82,
            "account_receivable_turnover_ratio": 1.33,
            "reinvestment_rate": null,
            "research_to_sale_ratio": 9.7,
            "price_fair": 91.7,
            "eps_avg_yearly": 2.62,
            "eps_latest_yearly": 1.48,
            "eps_growth_yearly": 75.12
        },
        "20121": {
            "year_quarter": 20121,
            "year": 2012,
            "quarter": 1,
            "eps": -0.25,
            "eps_growth_year": -119.53,
            "eps_4q": 1.09,
            "eps_4q_growth_year": -55.48,
            "roe": -1.2,
            "roe_4q": 5.18,
            "gross_profit": 678714,
            "gross_margin": 20.54,
            "gross_margin_4q_avg": 27.88,
            "net_income": -121927,
            "revenue": 3304796,
            "common_shares": 5024353,
            "book_valuer_per_share": 20.87,
            "book_valuer_per_share_4q_avg": 21.05,
            "equity": 10026643,
            "current_ratio": 314.27,
            "debt_ratio": 26.02,
            "inventory_turnover_ratio": 0.71,
            "account_receivable_turnover_ratio": 1.07,
            "reinvestment_rate": null,
            "research_to_sale_ratio": 10.26,
            "price_fair": 91.7,
            "eps_avg_yearly": 2.62,
            "eps_latest_yearly": 1.48,
            "eps_growth_yearly": 75.12
        },
        "20122": {
            "year_quarter": 20122,
            "year": 2012,
            "quarter": 2,
            "eps": -0.12,
            "eps_growth_year": -114.15,
            "eps_4q": 0.12,
            "eps_4q_growth_year": -96.25,
            "roe": -0.57,
            "roe_4q": 0.5599999999999999,
            "gross_profit": 896109,
            "gross_margin": 24.08,
            "gross_margin_4q_avg": 25.73,
            "net_income": -55606,
            "revenue": 3720989,
            "common_shares": 5024353,
            "book_valuer_per_share": 19.62,
            "book_valuer_per_share_4q_avg": 20.76,
            "equity": 9427764,
            "current_ratio": 257.62,
            "debt_ratio": 31.85,
            "inventory_turnover_ratio": 0.74,
            "account_receivable_turnover_ratio": 1.21,
            "reinvestment_rate": null,
            "research_to_sale_ratio": 9.44,
            "price_fair": 91.7,
            "eps_avg_yearly": 2.62,
            "eps_latest_yearly": 1.48,
            "eps_growth_yearly": 75.12
        },
        "20123": {
            "year_quarter": 20123,
            "year": 2012,
            "quarter": 3,
            "eps": 0.04,
            "eps_growth_year": -70.1,
            "eps_4q": 0.03,
            "eps_4q_growth_year": -99,
            "roe": 0.21,
            "roe_4q": 0.15999999999999992,
            "gross_profit": 855186,
            "gross_margin": 22.87,
            "gross_margin_4q_avg": 24.29,
            "net_income": 19809,
            "revenue": 3738720,
            "common_shares": 5024353,
            "book_valuer_per_share": 19.56,
            "book_valuer_per_share_4q_avg": 20.37,
            "equity": 9403731,
            "current_ratio": 250.34,
            "debt_ratio": 32.75,
            "inventory_turnover_ratio": 0.66,
            "account_receivable_turnover_ratio": 1.2,
            "reinvestment_rate": null,
            "research_to_sale_ratio": 8.19,
            "price_fair": 91.7,
            "eps_avg_yearly": 2.62,
            "eps_latest_yearly": 1.48,
            "eps_growth_yearly": 75.12
        },
        "20124": {
            "year_quarter": 20124,
            "year": 2012,
            "quarter": 4,
            "eps": 0.27,
            "eps_growth_year": -26.47,
            "eps_4q": -0.06,
            "eps_4q_growth_year": -102.42,
            "roe": 1.38,
            "roe_4q": -0.17999999999999994,
            "gross_profit": 955214,
            "gross_margin": 22.14,
            "gross_margin_4q_avg": 22.41,
            "net_income": 130297,
            "revenue": 4314545,
            "common_shares": 4913203,
            "book_valuer_per_share": 19.84,
            "book_valuer_per_share_4q_avg": 19.97,
            "equity": 9542285,
            "current_ratio": 257.9,
            "debt_ratio": 31.44,
            "inventory_turnover_ratio": 0.72,
            "account_receivable_turnover_ratio": 1.31,
            "reinvestment_rate": null,
            "research_to_sale_ratio": 8.56,
            "price_fair": 80.92,
            "eps_avg_yearly": 2.31,
            "eps_latest_yearly": 1.08,
            "eps_growth_yearly": 520.09
        },
        "20131": {
            "year_quarter": 20131,
            "year": 2013,
            "quarter": 1,
            "eps": -0.22,
            "eps_growth_year": null,
            "eps_4q": -0.03,
            "eps_4q_growth_year": -103.1,
            "roe": -1.1,
            "roe_4q": -0.08000000000000018,
            "gross_profit": 725446,
            "gross_margin": 21.84,
            "gross_margin_4q_avg": 22.73,
            "net_income": -103945,
            "revenue": 3322349,
            "common_shares": 4913203,
            "book_valuer_per_share": 19.63,
            "book_valuer_per_share_4q_avg": 19.66,
            "equity": 9429790,
            "current_ratio": 260.34,
            "debt_ratio": 32.34,
            "inventory_turnover_ratio": 0.6,
            "account_receivable_turnover_ratio": 0.96,
            "reinvestment_rate": null,
            "research_to_sale_ratio": 10.6,
            "price_fair": 80.92,
            "eps_avg_yearly": 2.31,
            "eps_latest_yearly": 1.08,
            "eps_growth_yearly": 520.09
        },
        "20132": {
            "year_quarter": 20132,
            "year": 2013,
            "quarter": 2,
            "eps": -0.01,
            "eps_growth_year": null,
            "eps_4q": 0.07,
            "eps_4q_growth_year": -42.2,
            "roe": -0.11,
            "roe_4q": 0.37999999999999967,
            "gross_profit": 886610,
            "gross_margin": 21.07,
            "gross_margin_4q_avg": 21.98,
            "net_income": -10281,
            "revenue": 4206945,
            "common_shares": 4913203,
            "book_valuer_per_share": 19.67,
            "book_valuer_per_share_4q_avg": 19.68,
            "equity": 9443533,
            "current_ratio": 242.53,
            "debt_ratio": 34.2,
            "inventory_turnover_ratio": 0.83,
            "account_receivable_turnover_ratio": 1.14,
            "reinvestment_rate": null,
            "research_to_sale_ratio": 9.41,
            "price_fair": 80.92,
            "eps_avg_yearly": 2.31,
            "eps_latest_yearly": 1.08,
            "eps_growth_yearly": 520.09
        },
        "20133": {
            "year_quarter": 20133,
            "year": 2013,
            "quarter": 3,
            "eps": 0.41,
            "eps_growth_year": 992.87,
            "eps_4q": 0.44,
            "eps_4q_growth_year": 1187.49,
            "roe": 2.06,
            "roe_4q": 2.2299999999999995,
            "gross_profit": 1242474,
            "gross_margin": 27.49,
            "gross_margin_4q_avg": 23.14,
            "net_income": 196118,
            "revenue": 4520035,
            "common_shares": 4913203,
            "book_valuer_per_share": 20.06,
            "book_valuer_per_share_4q_avg": 19.8,
            "equity": 9629395,
            "current_ratio": 225.25,
            "debt_ratio": 36.5,
            "inventory_turnover_ratio": 0.84,
            "account_receivable_turnover_ratio": 1.07,
            "reinvestment_rate": 104.43,
            "research_to_sale_ratio": 8.68,
            "price_fair": 80.92,
            "eps_avg_yearly": 2.31,
            "eps_latest_yearly": 1.08,
            "eps_growth_yearly": 520.09
        },
        "20134": {
            "year_quarter": 20134,
            "year": 2013,
            "quarter": 4,
            "eps": 0.55,
            "eps_growth_year": 103.45,
            "eps_4q": 0.72,
            "eps_4q_growth_year": null,
            "roe": 2.71,
            "roe_4q": 3.559999999999999,
            "gross_profit": 1193891,
            "gross_margin": 22.17,
            "gross_margin_4q_avg": 23.14,
            "net_income": 265350,
            "revenue": 5384787,
            "common_shares": 4913203,
            "book_valuer_per_share": 20.69,
            "book_valuer_per_share_4q_avg": 20.01,
            "equity": 9926898,
            "current_ratio": 227.82,
            "debt_ratio": 36.14,
            "inventory_turnover_ratio": 1.09,
            "account_receivable_turnover_ratio": 1.18,
            "reinvestment_rate": 93.9,
            "research_to_sale_ratio": 8.13,
            "price_fair": 80.27,
            "eps_avg_yearly": 2.29,
            "eps_latest_yearly": 2.2,
            "eps_growth_yearly": 456.18
        },
        "20141": {
            "year_quarter": 20141,
            "year": 2014,
            "quarter": 1,
            "eps": 0.11,
            "eps_growth_year": null,
            "eps_4q": 1.05,
            "eps_4q_growth_year": null,
            "roe": 0.51,
            "roe_4q": 5.169999999999999,
            "gross_profit": 1058587,
            "gross_margin": 27.35,
            "gross_margin_4q_avg": 24.52,
            "net_income": 51141,
            "revenue": 3870297,
            "common_shares": 4913203,
            "book_valuer_per_share": 20.81,
            "book_valuer_per_share_4q_avg": 20.31,
            "equity": 9988678,
            "current_ratio": 230.19,
            "debt_ratio": 35.82,
            "inventory_turnover_ratio": 0.72,
            "account_receivable_turnover_ratio": 0.87,
            "reinvestment_rate": 91.59,
            "research_to_sale_ratio": 10.62,
            "price_fair": 71,
            "eps_avg_yearly": 2.03,
            "eps_latest_yearly": 0.44,
            "eps_growth_yearly": 345.29
        },
        "20142": {
            "year_quarter": 20142,
            "year": 2014,
            "quarter": 2,
            "eps": 0.44,
            "eps_growth_year": null,
            "eps_4q": 1.51,
            "eps_4q_growth_year": 2022.02,
            "roe": 2.1,
            "roe_4q": 7.380000000000001,
            "gross_profit": 1523017,
            "gross_margin": 27.43,
            "gross_margin_4q_avg": 26.11,
            "net_income": 210276,
            "revenue": 5553021,
            "common_shares": 4913203,
            "book_valuer_per_share": 20.85,
            "book_valuer_per_share_4q_avg": 20.6,
            "equity": 10002349,
            "current_ratio": 220.14,
            "debt_ratio": 38.49,
            "inventory_turnover_ratio": 0.93,
            "account_receivable_turnover_ratio": 1.15,
            "reinvestment_rate": 86.67,
            "research_to_sale_ratio": 8.16,
            "price_fair": 69.83,
            "eps_avg_yearly": 2,
            "eps_latest_yearly": 1.76,
            "eps_growth_yearly": 452.13
        },
        "20143": {
            "year_quarter": 20143,
            "year": 2014,
            "quarter": 3,
            "eps": 0.05,
            "eps_growth_year": -87.8,
            "eps_4q": 1.15,
            "eps_4q_growth_year": 161.48,
            "roe": 0.28,
            "roe_4q": 5.6,
            "gross_profit": 1419000,
            "gross_margin": 23.32,
            "gross_margin_4q_avg": 25.07,
            "net_income": 27600,
            "revenue": 6084781,
            "common_shares": 4913203,
            "book_valuer_per_share": 20.91,
            "book_valuer_per_share_4q_avg": 20.82,
            "equity": 10040175,
            "current_ratio": 203.01,
            "debt_ratio": 41.88,
            "inventory_turnover_ratio": 1.02,
            "account_receivable_turnover_ratio": 1.04,
            "reinvestment_rate": 11.2,
            "research_to_sale_ratio": 8.3,
            "price_fair": 62.84,
            "eps_avg_yearly": 1.8,
            "eps_latest_yearly": 0.2,
            "eps_growth_yearly": 362.5
        },
        "20144": {
            "year_quarter": 20144,
            "year": 2014,
            "quarter": 4,
            "eps": -0.23,
            "eps_growth_year": -142.47,
            "eps_4q": 0.37,
            "eps_4q_growth_year": -49.33,
            "roe": -1.11,
            "roe_4q": 1.78,
            "gross_profit": 1295853,
            "gross_margin": 22.53,
            "gross_margin_4q_avg": 25.16,
            "net_income": -110760,
            "revenue": 5752673,
            "common_shares": 4887613,
            "book_valuer_per_share": 20.84,
            "book_valuer_per_share_4q_avg": 20.85,
            "equity": 10005170,
            "current_ratio": 204.45,
            "debt_ratio": 41.74,
            "inventory_turnover_ratio": 0.93,
            "account_receivable_turnover_ratio": 0.96,
            "reinvestment_rate": 22.11,
            "research_to_sale_ratio": 8.7,
            "price_fair": 62.84,
            "eps_avg_yearly": 1.8,
            "eps_latest_yearly": 0.2,
            "eps_growth_yearly": 362.5
        },
        "20151": {
            "year_quarter": 20151,
            "year": 2015,
            "quarter": 1,
            "eps": -0.93,
            "eps_growth_year": -945.45,
            "eps_4q": -0.67,
            "eps_4q_growth_year": -163.45,
            "roe": -4.58,
            "roe_4q": -3.31,
            "gross_profit": 1023995,
            "gross_margin": 21.02,
            "gross_margin_4q_avg": 23.58,
            "net_income": -445459,
            "revenue": 4872159,
            "common_shares": 4866603,
            "book_valuer_per_share": 19.63,
            "book_valuer_per_share_4q_avg": 20.56,
            "equity": 9427166,
            "current_ratio": 190.94,
            "debt_ratio": 44.59,
            "inventory_turnover_ratio": 0.77,
            "account_receivable_turnover_ratio": 0.92,
            "reinvestment_rate": 53.02,
            "research_to_sale_ratio": 9.2,
            "price_fair": 48.3,
            "eps_avg_yearly": 1.38,
            "eps_latest_yearly": 0.2,
            "eps_growth_yearly": 403.11
        },
        "20152": {
            "year_quarter": 20152,
            "year": 2015,
            "quarter": 2,
            "eps": -0.41,
            "eps_growth_year": -193.18,
            "eps_4q": -1.56,
            "eps_4q_growth_year": -203.44,
            "roe": -2.16,
            "roe_4q": -7.57,
            "gross_profit": 924347,
            "gross_margin": 17.35,
            "gross_margin_4q_avg": 21.06,
            "net_income": -198706,
            "revenue": 5328947,
            "common_shares": 4866603,
            "book_valuer_per_share": 19.18,
            "book_valuer_per_share_4q_avg": 20.14,
            "equity": 8963315,
            "current_ratio": 184.3,
            "debt_ratio": 46,
            "inventory_turnover_ratio": 0.87,
            "account_receivable_turnover_ratio": 1.01,
            "reinvestment_rate": 414.28,
            "research_to_sale_ratio": 8.68,
            "price_fair": 38.4,
            "eps_avg_yearly": 1.1,
            "eps_latest_yearly": 0.2,
            "eps_growth_yearly": 480.34
        },
        "20153": {
            "year_quarter": 20153,
            "year": 2015,
            "quarter": 3,
            "eps": 0.23,
            "eps_growth_year": 360,
            "eps_4q": -1.42,
            "eps_4q_growth_year": -223.22,
            "roe": 1.04,
            "roe_4q": -6.8100000000000005,
            "gross_profit": 1131509,
            "gross_margin": 20.9,
            "gross_margin_4q_avg": 20.45,
            "net_income": 93589,
            "revenue": 5413395,
            "common_shares": 4710233,
            "book_valuer_per_share": 19.92,
            "book_valuer_per_share_4q_avg": 19.89,
            "equity": 9063129,
            "current_ratio": 179.67,
            "debt_ratio": 47.17,
            "inventory_turnover_ratio": 0.86,
            "account_receivable_turnover_ratio": 0.95,
            "reinvestment_rate": 340.55,
            "research_to_sale_ratio": 9.35,
            "price_fair": 41.77,
            "eps_avg_yearly": 1.19,
            "eps_latest_yearly": 0.2,
            "eps_growth_yearly": 616.75
        },
        "20154": {
            "year_quarter": 20154,
            "year": 2015,
            "quarter": 4,
            "eps": -0.21,
            "eps_growth_year": null,
            "eps_4q": -1.41,
            "eps_4q_growth_year": -485.56,
            "roe": -1.07,
            "roe_4q": -6.7700000000000005,
            "gross_profit": 1591379,
            "gross_margin": 27.55,
            "gross_margin_4q_avg": 21.71,
            "net_income": -95429,
            "revenue": 5775742,
            "common_shares": 4611773,
            "book_valuer_per_share": 19.65,
            "book_valuer_per_share_4q_avg": 19.6,
            "equity": 8755455,
            "current_ratio": 177.07,
            "debt_ratio": 47.54,
            "inventory_turnover_ratio": 0.89,
            "account_receivable_turnover_ratio": 1.02,
            "reinvestment_rate": null,
            "research_to_sale_ratio": 9.76,
            "price_fair": 39.76,
            "eps_avg_yearly": 1.14,
            "eps_latest_yearly": 0.2,
            "eps_growth_yearly": 592.41
        },
        "20161": {
            "year_quarter": 20161,
            "year": 2016,
            "quarter": 1,
            "eps": 0.37,
            "eps_growth_year": null,
            "eps_4q": -0.05,
            "eps_4q_growth_year": null,
            "roe": 1.91,
            "roe_4q": -0.28000000000000025,
            "gross_profit": 1431060,
            "gross_margin": 23.82,
            "gross_margin_4q_avg": 22.41,
            "net_income": 167758,
            "revenue": 6007497,
            "common_shares": 4511773,
            "book_valuer_per_share": 20.06,
            "book_valuer_per_share_4q_avg": 19.7,
            "equity": 8855999,
            "current_ratio": 176.89,
            "debt_ratio": 47.95,
            "inventory_turnover_ratio": 1.05,
            "account_receivable_turnover_ratio": 1,
            "reinvestment_rate": 304.87,
            "research_to_sale_ratio": 7.67,
            "price_fair": 39.76,
            "eps_avg_yearly": 1.14,
            "eps_latest_yearly": 0.2,
            "eps_growth_yearly": 592.41
        },
        "20162": {
            "year_quarter": 20162,
            "year": 2016,
            "quarter": 2,
            "eps": 0.07,
            "eps_growth_year": null,
            "eps_4q": 0.47,
            "eps_4q_growth_year": null,
            "roe": 0.35,
            "roe_4q": 2.2299999999999995,
            "gross_profit": 1458446,
            "gross_margin": 24.6,
            "gross_margin_4q_avg": 24.22,
            "net_income": 31011,
            "revenue": 5929221,
            "common_shares": 4411773,
            "book_valuer_per_share": 20.06,
            "book_valuer_per_share_4q_avg": 19.92,
            "equity": 8707225,
            "current_ratio": 181.9,
            "debt_ratio": 46.59,
            "inventory_turnover_ratio": 1.11,
            "account_receivable_turnover_ratio": 0.91,
            "reinvestment_rate": 145.66,
            "research_to_sale_ratio": 8.64,
            "price_fair": 34.77,
            "eps_avg_yearly": 0.99,
            "eps_latest_yearly": 0.28,
            "eps_growth_yearly": 439.62
        },
        "20163": {
            "year_quarter": 20163,
            "year": 2016,
            "quarter": 3,
            "eps": -0.14,
            "eps_growth_year": -160.87,
            "eps_4q": 0.09,
            "eps_4q_growth_year": null,
            "roe": -0.71,
            "roe_4q": 0.47999999999999976,
            "gross_profit": 1182251,
            "gross_margin": 22.52,
            "gross_margin_4q_avg": 24.62,
            "net_income": -61417,
            "revenue": 5249411,
            "common_shares": 4411773,
            "book_valuer_per_share": 19.72,
            "book_valuer_per_share_4q_avg": 19.87,
            "equity": 8558453,
            "current_ratio": 187.26,
            "debt_ratio": 45.16,
            "inventory_turnover_ratio": 1.06,
            "account_receivable_turnover_ratio": 0.85,
            "reinvestment_rate": 101.74,
            "research_to_sale_ratio": 8.9,
            "price_fair": 34.77,
            "eps_avg_yearly": 0.99,
            "eps_latest_yearly": 0.28,
            "eps_growth_yearly": 439.62
        },
        "20164": {
            "year_quarter": 20164,
            "year": 2016,
            "quarter": 4,
            "eps": 0.35,
            "eps_growth_year": null,
            "eps_4q": 0.65,
            "eps_4q_growth_year": null,
            "roe": 1.74,
            "roe_4q": 3.29,
            "gross_profit": 1433473,
            "gross_margin": 27.25,
            "gross_margin_4q_avg": 24.55,
            "net_income": 149131,
            "revenue": 5259962,
            "common_shares": 4411773,
            "book_valuer_per_share": 19.87,
            "book_valuer_per_share_4q_avg": 19.93,
            "equity": 8626889,
            "current_ratio": 202.09,
            "debt_ratio": 42.05,
            "inventory_turnover_ratio": 1.04,
            "account_receivable_turnover_ratio": 0.94,
            "reinvestment_rate": 39.68,
            "research_to_sale_ratio": 8.52,
            "price_fair": 34.16,
            "eps_avg_yearly": 0.98,
            "eps_latest_yearly": 0.28,
            "eps_growth_yearly": 67.54
        },
        "20171": {
            "year_quarter": 20171,
            "year": 2017,
            "quarter": 1,
            "eps": -0.67,
            "eps_growth_year": -281.08,
            "eps_4q": -0.39,
            "eps_4q_growth_year": null,
            "roe": -3.45,
            "roe_4q": -2.07,
            "gross_profit": 977256,
            "gross_margin": 21.92,
            "gross_margin_4q_avg": 24.07,
            "net_income": -290657,
            "revenue": 4457942,
            "common_shares": 4411773,
            "book_valuer_per_share": 18.89,
            "book_valuer_per_share_4q_avg": 19.64,
            "equity": 8200496,
            "current_ratio": 201.92,
            "debt_ratio": 42.03,
            "inventory_turnover_ratio": 1.01,
            "account_receivable_turnover_ratio": 0.95,
            "reinvestment_rate": null,
            "research_to_sale_ratio": 9.99,
            "price_fair": 34.16,
            "eps_avg_yearly": 0.98,
            "eps_latest_yearly": 0.28,
            "eps_growth_yearly": 67.54
        },
        "20172": {
            "year_quarter": 20172,
            "year": 2017,
            "quarter": 2,
            "eps": -0.24,
            "eps_growth_year": -442.86,
            "eps_4q": -0.7,
            "eps_4q_growth_year": -247.89,
            "roe": -1.28,
            "roe_4q": -3.7,
            "gross_profit": 949770,
            "gross_margin": 20.16,
            "gross_margin_4q_avg": 22.96,
            "net_income": -103982,
            "revenue": 4711449,
            "common_shares": 4411773,
            "book_valuer_per_share": 18.65,
            "book_valuer_per_share_4q_avg": 19.28,
            "equity": 8095402,
            "current_ratio": 198.9,
            "debt_ratio": 42.54,
            "inventory_turnover_ratio": 1.13,
            "account_receivable_turnover_ratio": 1.14,
            "reinvestment_rate": null,
            "research_to_sale_ratio": 9.48,
            "price_fair": 34.16,
            "eps_avg_yearly": 0.98,
            "eps_latest_yearly": 0.28,
            "eps_growth_yearly": 67.54
        },
        "20173": {
            "year_quarter": 20173,
            "year": 2017,
            "quarter": 3,
            "eps": 0.06,
            "eps_growth_year": null,
            "eps_4q": -0.5,
            "eps_4q_growth_year": -667.48,
            "roe": 0.34,
            "roe_4q": -2.6500000000000004,
            "gross_profit": 1248630,
            "gross_margin": 24.89,
            "gross_margin_4q_avg": 23.56,
            "net_income": 27839,
            "revenue": 5015749,
            "common_shares": 4411773,
            "book_valuer_per_share": 18.84,
            "book_valuer_per_share_4q_avg": 19.06,
            "equity": 8178142,
            "current_ratio": 186.56,
            "debt_ratio": 45.84,
            "inventory_turnover_ratio": 1.08,
            "account_receivable_turnover_ratio": 1.09,
            "reinvestment_rate": null,
            "research_to_sale_ratio": 9.78,
            "price_fair": 34.16,
            "eps_avg_yearly": 0.98,
            "eps_latest_yearly": 0.28,
            "eps_growth_yearly": 67.54
        },
        "20174": {
            "year_quarter": 20174,
            "year": 2017,
            "quarter": 4,
            "eps": -0.47,
            "eps_growth_year": -235.05,
            "eps_4q": -1.32,
            "eps_4q_growth_year": -301.47,
            "roe": -2.53,
            "roe_4q": -6.92,
            "gross_profit": 1101012,
            "gross_margin": 22.21,
            "gross_margin_4q_avg": 22.3,
            "net_income": -204523,
            "revenue": 4956304,
            "common_shares": 4411773,
            "book_valuer_per_share": 18.33,
            "book_valuer_per_share_4q_avg": 18.68,
            "equity": 7983367,
            "current_ratio": 187.69,
            "debt_ratio": 44.6,
            "inventory_turnover_ratio": 1.12,
            "account_receivable_turnover_ratio": 1.04,
            "reinvestment_rate": null,
            "research_to_sale_ratio": 10.13,
            "price_fair": 23.45,
            "eps_avg_yearly": 0.67,
            "eps_latest_yearly": 0.28,
            "eps_growth_yearly": 50.28
        },
        "20181": {
            "year_quarter": 20181,
            "year": 2018,
            "quarter": 1,
            "eps": -0.17,
            "eps_growth_year": null,
            "eps_4q": -0.83,
            "eps_4q_growth_year": null,
            "roe": -0.99,
            "roe_4q": -4.46,
            "gross_profit": 1092501,
            "gross_margin": 27.55,
            "gross_margin_4q_avg": 23.7,
            "net_income": -78325,
            "revenue": 3965817,
            "common_shares": 4411773,
            "book_valuer_per_share": 18.17,
            "book_valuer_per_share_4q_avg": 18.5,
            "equity": 7908632,
            "current_ratio": 191.99,
            "debt_ratio": 43.71,
            "inventory_turnover_ratio": 0.84,
            "account_receivable_turnover_ratio": 0.89,
            "reinvestment_rate": null,
            "research_to_sale_ratio": 10.83,
            "price_fair": 26.13,
            "eps_avg_yearly": 0.75,
            "eps_latest_yearly": 0.28,
            "eps_growth_yearly": 173.71
        },
        "20182": {
            "year_quarter": 20182,
            "year": 2018,
            "quarter": 2,
            "eps": -0.69,
            "eps_growth_year": null,
            "eps_4q": -1.28,
            "eps_4q_growth_year": null,
            "roe": -3.84,
            "roe_4q": -7.02,
            "gross_profit": 844149,
            "gross_margin": 17.58,
            "gross_margin_4q_avg": 23.06,
            "net_income": -297432,
            "revenue": 4800432,
            "common_shares": 4411773,
            "book_valuer_per_share": 17.4,
            "book_valuer_per_share_4q_avg": 18.19,
            "equity": 7575014,
            "current_ratio": 169.02,
            "debt_ratio": 50.22,
            "inventory_turnover_ratio": 1.06,
            "account_receivable_turnover_ratio": 1.06,
            "reinvestment_rate": null,
            "research_to_sale_ratio": 7.77,
            "price_fair": 0.72,
            "eps_avg_yearly": 0.24,
            "eps_latest_yearly": 0.28,
            "eps_growth_yearly": -339.43
        },
        "20183": {
            "year_quarter": 20183,
            "year": 2018,
            "quarter": 3,
            "eps": -0.38,
            "eps_growth_year": -733.33,
            "eps_4q": -1.72,
            "eps_4q_growth_year": null,
            "roe": -2.19,
            "roe_4q": -9.549999999999999,
            "gross_profit": 1005592,
            "gross_margin": 15.97,
            "gross_margin_4q_avg": 20.83,
            "net_income": -162944,
            "revenue": 6296750,
            "common_shares": 4411773,
            "book_valuer_per_share": 16.8,
            "book_valuer_per_share_4q_avg": 17.68,
            "equity": 7319709,
            "current_ratio": 150.31,
            "debt_ratio": 57.68,
            "inventory_turnover_ratio": 1.2,
            "account_receivable_turnover_ratio": 1.16,
            "reinvestment_rate": null,
            "research_to_sale_ratio": 7.18,
            "price_fair": 0.84,
            "eps_avg_yearly": 0.28,
            "eps_latest_yearly": 0.28,
            "eps_growth_yearly": -324.32
        },
        "20184": {
            "year_quarter": 20184,
            "year": 2018,
            "quarter": 4,
            "eps": -0.13,
            "eps_growth_year": null,
            "eps_4q": -1.38,
            "eps_4q_growth_year": null,
            "roe": -0.86,
            "roe_4q": -7.88,
            "gross_profit": 1227536,
            "gross_margin": 17.14,
            "gross_margin_4q_avg": 19.56,
            "net_income": -62682,
            "revenue": 7159728,
            "common_shares": 4411773,
            "book_valuer_per_share": 16.77,
            "book_valuer_per_share_4q_avg": 17.29,
            "equity": 7306334,
            "current_ratio": 150.13,
            "debt_ratio": 57.32,
            "inventory_turnover_ratio": 1.22,
            "account_receivable_turnover_ratio": 1.1,
            "reinvestment_rate": null,
            "research_to_sale_ratio": 6.98,
            "price_fair": 0.84,
            "eps_avg_yearly": 0.28,
            "eps_latest_yearly": 0.28,
            "eps_growth_yearly": -324.32
        },
        "20191": {
            "year_quarter": 20191,
            "year": 2019,
            "quarter": 1,
            "eps": 0.86,
            "eps_growth_year": null,
            "eps_4q": -0.35,
            "eps_4q_growth_year": null,
            "roe": 4.86,
            "roe_4q": -2.03,
            "gross_profit": 1585308,
            "gross_margin": 19.98,
            "gross_margin_4q_avg": 17.67,
            "net_income": 363420,
            "revenue": 7933979,
            "common_shares": 4411773,
            "book_valuer_per_share": 17.58,
            "book_valuer_per_share_4q_avg": 17.14,
            "equity": 7646718,
            "current_ratio": 149.77,
            "debt_ratio": 59.17,
            "inventory_turnover_ratio": 1.36,
            "account_receivable_turnover_ratio": 1.07,
            "reinvestment_rate": null,
            "research_to_sale_ratio": 6.4,
            "price_fair": 0.84,
            "eps_avg_yearly": 0.28,
            "eps_latest_yearly": 0.28,
            "eps_growth_yearly": -324.32
        },
        "20192": {
            "year_quarter": 20192,
            "year": 2019,
            "quarter": 2,
            "eps": 0.09,
            "eps_growth_year": null,
            "eps_4q": 0.43,
            "eps_4q_growth_year": null,
            "roe": 0.59,
            "roe_4q": 2.4,
            "gross_profit": 1302476,
            "gross_margin": 22.6,
            "gross_margin_4q_avg": 18.92,
            "net_income": 45222,
            "revenue": 5763760,
            "common_shares": 4411773,
            "book_valuer_per_share": 17.64,
            "book_valuer_per_share_4q_avg": 17.2,
            "equity": 7688101,
            "current_ratio": 169.09,
            "debt_ratio": 52.62,
            "inventory_turnover_ratio": 1.02,
            "account_receivable_turnover_ratio": 0.85,
            "reinvestment_rate": null,
            "research_to_sale_ratio": 7.97,
            "price_fair": 0.96,
            "eps_avg_yearly": 0.32,
            "eps_latest_yearly": 0.36,
            "eps_growth_yearly": -341.23
        },
        "20193": {
            "year_quarter": 20193,
            "year": 2019,
            "quarter": 3,
            "eps": -0.25,
            "eps_growth_year": null,
            "eps_4q": 0.56,
            "eps_4q_growth_year": null,
            "roe": -1.46,
            "roe_4q": 3.1300000000000003,
            "gross_profit": 1342105,
            "gross_margin": 25.35,
            "gross_margin_4q_avg": 21.27,
            "net_income": -110977,
            "revenue": 5294323,
            "common_shares": 4411773,
            "book_valuer_per_share": 17.24,
            "book_valuer_per_share_4q_avg": 17.31,
            "equity": 7465030,
            "current_ratio": 180.13,
            "debt_ratio": 49.25,
            "inventory_turnover_ratio": 0.97,
            "account_receivable_turnover_ratio": 1.03,
            "reinvestment_rate": null,
            "research_to_sale_ratio": 9.76,
            "price_fair": 0.96,
            "eps_avg_yearly": 0.32,
            "eps_latest_yearly": 0.36,
            "eps_growth_yearly": -341.23
        },
        "20194": {
            "year_quarter": 20194,
            "year": 2019,
            "quarter": 4,
            "eps": -0.45,
            "eps_growth_year": null,
            "eps_4q": 0.25,
            "eps_4q_growth_year": null,
            "roe": -2.66,
            "roe_4q": 1.33,
            "gross_profit": 860637,
            "gross_margin": 17.1,
            "gross_margin_4q_avg": 21.26,
            "net_income": -195687,
            "revenue": 5034284,
            "common_shares": 4411773,
            "book_valuer_per_share": 16.72,
            "book_valuer_per_share_4q_avg": 17.3,
            "equity": 7241968,
            "current_ratio": 161.11,
            "debt_ratio": 53.23,
            "inventory_turnover_ratio": 1.13,
            "account_receivable_turnover_ratio": 1.07,
            "reinvestment_rate": null,
            "research_to_sale_ratio": 7.08,
            "price_fair": 0.96,
            "eps_avg_yearly": 0.32,
            "eps_latest_yearly": 0.36,
            "eps_growth_yearly": -341.23
        },
        "20201": {
            "year_quarter": 20201,
            "year": 2020,
            "quarter": 1,
            "eps": -0.33,
            "eps_growth_year": -138.37,
            "eps_4q": -0.94,
            "eps_4q_growth_year": null,
            "roe": -1.96,
            "roe_4q": -5.49,
            "gross_profit": 1095669,
            "gross_margin": 26.23,
            "gross_margin_4q_avg": 22.82,
            "net_income": -140622,
            "revenue": 4177299,
            "common_shares": 4411773,
            "book_valuer_per_share": 16.48,
            "book_valuer_per_share_4q_avg": 17.02,
            "equity": 7133853,
            "current_ratio": 166.83,
            "debt_ratio": 50.75,
            "inventory_turnover_ratio": 0.91,
            "account_receivable_turnover_ratio": 0.97,
            "reinvestment_rate": null,
            "research_to_sale_ratio": 9.08,
            "price_fair": 0.96,
            "eps_avg_yearly": 0.32,
            "eps_latest_yearly": 0.36,
            "eps_growth_yearly": -341.23
        },
        "20202": {
            "year_quarter": 20202,
            "year": 2020,
            "quarter": 2,
            "eps": 0.38,
            "eps_growth_year": 322.22,
            "eps_4q": -0.65,
            "eps_4q_growth_year": -250.06,
            "roe": 2.28,
            "roe_4q": -3.8000000000000003,
            "gross_profit": 1199599,
            "gross_margin": 24.47,
            "gross_margin_4q_avg": 23.29,
            "net_income": 164486,
            "revenue": 4903109,
            "common_shares": 4411773,
            "book_valuer_per_share": 16.88,
            "book_valuer_per_share_4q_avg": 16.83,
            "equity": 7322421,
            "current_ratio": 164.64,
            "debt_ratio": 52.15,
            "inventory_turnover_ratio": 1.09,
            "account_receivable_turnover_ratio": 1.22,
            "reinvestment_rate": null,
            "research_to_sale_ratio": 7.34,
            "price_fair": 1.08,
            "eps_avg_yearly": 0.36,
            "eps_latest_yearly": 0.36,
            "eps_growth_yearly": -358.14
        },
        "20203": {
            "year_quarter": 20203,
            "year": 2020,
            "quarter": 3,
            "eps": 0.87,
            "eps_growth_year": null,
            "eps_4q": 0.48,
            "eps_4q_growth_year": -15.04,
            "roe": 5,
            "roe_4q": 2.6599999999999993,
            "gross_profit": 1574327,
            "gross_margin": 26.15,
            "gross_margin_4q_avg": 23.49,
            "net_income": 376445,
            "revenue": 6021051,
            "common_shares": 4411773,
            "book_valuer_per_share": 17.87,
            "book_valuer_per_share_4q_avg": 16.99,
            "equity": 7737988,
            "current_ratio": 153.39,
            "debt_ratio": 56.75,
            "inventory_turnover_ratio": 1.08,
            "account_receivable_turnover_ratio": 1.29,
            "reinvestment_rate": null,
            "research_to_sale_ratio": 6.79,
            "price_fair": 67.2,
            "eps_avg_yearly": 1.92,
            "eps_latest_yearly": 3.48,
            "eps_growth_yearly": 78.82
        },
        "20204": {
            "year_quarter": 20204,
            "year": 2020,
            "quarter": 4,
            "eps": 0.98,
            "eps_growth_year": null,
            "eps_4q": 1.89,
            "eps_4q_growth_year": 664.13,
            "roe": 5.37,
            "roe_4q": 10.690000000000001,
            "gross_profit": 1910504,
            "gross_margin": 26.72,
            "gross_margin_4q_avg": 25.89,
            "net_income": 430692,
            "revenue": 7149171,
            "common_shares": 4411773,
            "book_valuer_per_share": 18.89,
            "book_valuer_per_share_4q_avg": 17.53,
            "equity": 8306231,
            "current_ratio": 155.07,
            "debt_ratio": 57.6,
            "inventory_turnover_ratio": 1.09,
            "account_receivable_turnover_ratio": 1.31,
            "reinvestment_rate": null,
            "research_to_sale_ratio": 6.31,
            "price_fair": 90.53,
            "eps_avg_yearly": 2.59,
            "eps_latest_yearly": 3.92,
            "eps_growth_yearly": 69.41
        },
        "20211": {
            "year_quarter": 20211,
            "year": 2021,
            "quarter": 1,
            "eps": 0.29,
            "eps_growth_year": null,
            "eps_4q": 2.5,
            "eps_4q_growth_year": null,
            "roe": 1.51,
            "roe_4q": 14.159999999999998,
            "gross_profit": 1331026,
            "gross_margin": 19.36,
            "gross_margin_4q_avg": 24.18,
            "net_income": 125944,
            "revenue": 6876872,
            "common_shares": 4476438,
            "book_valuer_per_share": 19.1,
            "book_valuer_per_share_4q_avg": 18.19,
            "equity": 8410009,
            "current_ratio": 161.53,
            "debt_ratio": 54.9,
            "inventory_turnover_ratio": 1.17,
            "account_receivable_turnover_ratio": 1.14,
            "reinvestment_rate": -209.71,
            "research_to_sale_ratio": 5.79,
            "price_fair": 6.69,
            "eps_avg_yearly": 2.23,
            "eps_latest_yearly": 1.16,
            "eps_growth_yearly": -18.35
        },
        "20212": {
            "year_quarter": 20212,
            "year": 2021,
            "quarter": 2,
            "eps": 0.84,
            "eps_growth_year": 121.05,
            "eps_4q": 2.95,
            "eps_4q_growth_year": null,
            "roe": 4.33,
            "roe_4q": 16.21,
            "gross_profit": 1425340,
            "gross_margin": 23.43,
            "gross_margin_4q_avg": 23.92,
            "net_income": 367192,
            "revenue": 6084387,
            "common_shares": 4483478,
            "book_valuer_per_share": 19.33,
            "book_valuer_per_share_4q_avg": 18.8,
            "equity": 8535205,
            "current_ratio": 164,
            "debt_ratio": 53.89,
            "inventory_turnover_ratio": 0.99,
            "account_receivable_turnover_ratio": 1,
            "reinvestment_rate": -53.86,
            "research_to_sale_ratio": 6.49,
            "price_fair": 85.96,
            "eps_avg_yearly": 2.46,
            "eps_latest_yearly": 3.36,
            "eps_growth_yearly": 137.04
        },
        "20213": {
            "year_quarter": 20213,
            "year": 2021,
            "quarter": 3,
            "eps": 0.97,
            "eps_growth_year": 11.49,
            "eps_4q": 3.06,
            "eps_4q_growth_year": 541.53,
            "roe": 4.87,
            "roe_4q": 16.08,
            "gross_profit": 1802844,
            "gross_margin": 28.51,
            "gross_margin_4q_avg": 24.51,
            "net_income": 426652,
            "revenue": 6324503,
            "common_shares": 4485239,
            "book_valuer_per_share": 20.33,
            "book_valuer_per_share_4q_avg": 19.41,
            "equity": 8985202,
            "current_ratio": 196.28,
            "debt_ratio": 55.18,
            "inventory_turnover_ratio": 0.85,
            "account_receivable_turnover_ratio": 1.09,
            "reinvestment_rate": -27.21,
            "research_to_sale_ratio": 7.15,
            "price_fair": 94.27,
            "eps_avg_yearly": 2.69,
            "eps_latest_yearly": 3.88,
            "eps_growth_yearly": 124.52
        },
        "20214": {
            "year_quarter": 20214,
            "year": 2021,
            "quarter": 4,
            "eps": 0.39,
            "eps_growth_year": -59.56,
            "eps_4q": 2.48,
            "eps_4q_growth_year": 31.18,
            "roe": 1.93,
            "roe_4q": 12.639999999999999,
            "gross_profit": 1501308,
            "gross_margin": 23.47,
            "gross_margin_4q_avg": 23.69,
            "net_income": 175671,
            "revenue": 6396208,
            "common_shares": 4490008,
            "book_valuer_per_share": 20.5,
            "book_valuer_per_share_4q_avg": 19.82,
            "equity": 9219609,
            "current_ratio": 189.04,
            "debt_ratio": 56.9,
            "inventory_turnover_ratio": 0.82,
            "account_receivable_turnover_ratio": 1.14,
            "reinvestment_rate": -22.16,
            "research_to_sale_ratio": 7.4,
            "price_fair": 88.6,
            "eps_avg_yearly": 2.53,
            "eps_latest_yearly": 1.56,
            "eps_growth_yearly": 72.56
        },
        "20221": {
            "year_quarter": 20221,
            "year": 2022,
            "quarter": 1,
            "eps": 0.74,
            "eps_growth_year": 155.17,
            "eps_4q": 2.97,
            "eps_4q_growth_year": 18.95,
            "roe": 3.51,
            "roe_4q": 14.639999999999999,
            "gross_profit": 1364213,
            "gross_margin": 19.41,
            "gross_margin_4q_avg": 23.71,
            "net_income": 325233,
            "revenue": 7029179,
            "common_shares": 4506788,
            "book_valuer_per_share": 21.03,
            "book_valuer_per_share_4q_avg": 20.3,
            "equity": 9334317,
            "current_ratio": 173.97,
            "debt_ratio": 60.3,
            "inventory_turnover_ratio": 0.88,
            "account_receivable_turnover_ratio": 1.24,
            "reinvestment_rate": -8.71,
            "research_to_sale_ratio": 6.05,
            "price_fair": 90.48,
            "eps_avg_yearly": 2.59,
            "eps_latest_yearly": 2.96,
            "eps_growth_yearly": 108.36
        },
        "20222": {
            "year_quarter": 20222,
            "year": 2022,
            "quarter": 2,
            "eps": 0.17,
            "eps_growth_year": -79.76,
            "eps_4q": 2.31,
            "eps_4q_growth_year": -21.76,
            "roe": 0.87,
            "roe_4q": 11.18,
            "gross_profit": 1461580,
            "gross_margin": 23.47,
            "gross_margin_4q_avg": 23.72,
            "net_income": 79569,
            "revenue": 6228595,
            "common_shares": 4423968,
            "book_valuer_per_share": 20.5,
            "book_valuer_per_share_4q_avg": 20.59,
            "equity": 9061494,
            "current_ratio": 187.97,
            "debt_ratio": 56.88,
            "inventory_turnover_ratio": 0.67,
            "account_receivable_turnover_ratio": 1.07,
            "reinvestment_rate": -3.52,
            "research_to_sale_ratio": 6.82,
            "price_fair": 83.07,
            "eps_avg_yearly": 2.37,
            "eps_latest_yearly": 0.68,
            "eps_growth_yearly": 62.09
        },
        "20223": {
            "year_quarter": 20223,
            "year": 2022,
            "quarter": 3,
            "eps": 1.88,
            "eps_growth_year": 93.81,
            "eps_4q": 3.43,
            "eps_4q_growth_year": 12.02,
            "roe": 8.28,
            "roe_4q": 14.589999999999998,
            "gross_profit": 1992285,
            "gross_margin": 23,
            "gross_margin_4q_avg": 22.34,
            "net_income": 765781,
            "revenue": 8660990,
            "common_shares": 3978690,
            "book_valuer_per_share": 23.81,
            "book_valuer_per_share_4q_avg": 21.46,
            "equity": 9438019,
            "current_ratio": 159.82,
            "debt_ratio": 64.04,
            "inventory_turnover_ratio": 0.89,
            "account_receivable_turnover_ratio": 1.29,
            "reinvestment_rate": 1.61,
            "research_to_sale_ratio": 5.75,
            "price_fair": 101.08,
            "eps_avg_yearly": 2.89,
            "eps_latest_yearly": 7.52,
            "eps_growth_yearly": 458.23
        },
        "20224": {
            "year_quarter": 20224,
            "year": 2022,
            "quarter": 4,
            "eps": 1.16,
            "eps_growth_year": 194.16,
            "eps_4q": 4.12,
            "eps_4q_growth_year": 66.24,
            "roe": 4.69,
            "roe_4q": 17.349999999999998,
            "gross_profit": 2169876,
            "gross_margin": 25.24,
            "gross_margin_4q_avg": 22.78,
            "net_income": 456348,
            "revenue": 8597039,
            "common_shares": 4001720,
            "book_valuer_per_share": 24.93,
            "book_valuer_per_share_4q_avg": 22.57,
            "equity": 10014255,
            "current_ratio": 162.11,
            "debt_ratio": 63,
            "inventory_turnover_ratio": 0.82,
            "account_receivable_turnover_ratio": 1.08,
            "reinvestment_rate": 3.28,
            "research_to_sale_ratio": 6.1,
            "price_fair": 106.65,
            "eps_avg_yearly": 3.05,
            "eps_latest_yearly": 4.64,
            "eps_growth_yearly": 402.65
        },
        "20231": {
            "year_quarter": 20231,
            "year": 2023,
            "quarter": 1,
            "eps": 1.17,
            "eps_growth_year": 58.11,
            "eps_4q": 4.44,
            "eps_4q_growth_year": 49.51,
            "roe": 4.52,
            "roe_4q": 18.360000000000003,
            "gross_profit": 1908712,
            "gross_margin": 21.56,
            "gross_margin_4q_avg": 23.32,
            "net_income": 465834,
            "revenue": 8853491,
            "common_shares": 4001720,
            "book_valuer_per_share": 26.25,
            "book_valuer_per_share_4q_avg": 23.87,
            "equity": 10586422,
            "current_ratio": 183.68,
            "debt_ratio": 56.83,
            "inventory_turnover_ratio": 0.9,
            "account_receivable_turnover_ratio": 1.08,
            "reinvestment_rate": 2.93,
            "research_to_sale_ratio": 5.56,
            "price_fair": 111.42,
            "eps_avg_yearly": 3.18,
            "eps_latest_yearly": 4.68,
            "eps_growth_yearly": 369.38
        },
        "20232": {
            "year_quarter": 20232,
            "year": 2023,
            "quarter": 2,
            "eps": 0.77,
            "eps_growth_year": 352.94,
            "eps_4q": 5.01,
            "eps_4q_growth_year": 117.36,
            "roe": 2.89,
            "roe_4q": 20.380000000000003,
            "gross_profit": 1507902,
            "gross_margin": 21.17,
            "gross_margin_4q_avg": 22.74,
            "net_income": 302070,
            "revenue": 7123776,
            "common_shares": 4026205,
            "book_valuer_per_share": 25.55,
            "book_valuer_per_share_4q_avg": 25.14,
            "equity": 10305281,
            "current_ratio": 197.27,
            "debt_ratio": 54.03,
            "inventory_turnover_ratio": 0.84,
            "account_receivable_turnover_ratio": 0.96,
            "reinvestment_rate": 1.81,
            "research_to_sale_ratio": 6.52,
            "price_fair": 119.35,
            "eps_avg_yearly": 3.41,
            "eps_latest_yearly": 3.08,
            "eps_growth_yearly": 387.83
        }
    },
    "months": {
        "2010-08": {
            "month": "2010-08",
            "price": "18.98",
            "revenue": 946212
        },
        "2010-09": {
            "month": "2010-09",
            "price": "18.69",
            "revenue": 992796
        },
        "2010-10": {
            "month": "2010-10",
            "price": "20.32",
            "revenue": 1119710
        },
        "2010-11": {
            "month": "2010-11",
            "price": "25.59",
            "revenue": 2023744
        },
        "2010-12": {
            "month": "2010-12",
            "price": "29.31",
            "revenue": 2526953
        },
        "2011-01": {
            "month": "2011-01",
            "price": "26.78",
            "revenue": 1284069
        },
        "2011-02": {
            "month": "2011-02",
            "price": "22.80",
            "revenue": 1331275
        },
        "2011-03": {
            "month": "2011-03",
            "price": "24.60",
            "revenue": 1594248
        },
        "2011-04": {
            "month": "2011-04",
            "price": "25.60",
            "revenue": 1394605
        },
        "2011-05": {
            "month": "2011-05",
            "price": "26.15",
            "revenue": 1304686
        },
        "2011-06": {
            "month": "2011-06",
            "price": "24.57",
            "revenue": 1645198
        },
        "2011-07": {
            "month": "2011-07",
            "price": "22.50",
            "revenue": 1400147
        },
        "2011-08": {
            "month": "2011-08",
            "price": "19.04",
            "revenue": 1067256
        },
        "2011-09": {
            "month": "2011-09",
            "price": "18.87",
            "revenue": 1438045
        },
        "2011-10": {
            "month": "2011-10",
            "price": "19.02",
            "revenue": 1609271
        },
        "2011-11": {
            "month": "2011-11",
            "price": "18.41",
            "revenue": 1704346
        },
        "2011-12": {
            "month": "2011-12",
            "price": "15.95",
            "revenue": 1263013
        },
        "2012-01": {
            "month": "2012-01",
            "price": "15.88",
            "revenue": 969815
        },
        "2012-02": {
            "month": "2012-02",
            "price": "18.10",
            "revenue": 1076186
        },
        "2012-03": {
            "month": "2012-03",
            "price": "19.42",
            "revenue": 1258794
        },
        "2012-04": {
            "month": "2012-04",
            "price": "17.57",
            "revenue": 1054480
        },
        "2012-05": {
            "month": "2012-05",
            "price": "15.97",
            "revenue": 1148148
        },
        "2012-06": {
            "month": "2012-06",
            "price": "15.04",
            "revenue": 1518360
        },
        "2012-07": {
            "month": "2012-07",
            "price": "14.77",
            "revenue": 1166048
        },
        "2012-08": {
            "month": "2012-08",
            "price": "15.07",
            "revenue": 1198793
        },
        "2012-09": {
            "month": "2012-09",
            "price": "14.60",
            "revenue": 1373880
        },
        "2012-10": {
            "month": "2012-10",
            "price": "13.70",
            "revenue": 1267294
        },
        "2012-11": {
            "month": "2012-11",
            "price": "12.30",
            "revenue": 1240615
        },
        "2012-12": {
            "month": "2012-12",
            "price": "13.47",
            "revenue": 1806635
        },
        "2013-01": {
            "month": "2013-01",
            "price": "14.92",
            "revenue": 1101944
        },
        "2013-02": {
            "month": "2013-02",
            "price": "15.97",
            "revenue": 997709
        },
        "2013-03": {
            "month": "2013-03",
            "price": "15.01",
            "revenue": 1222696
        },
        "2013-04": {
            "month": "2013-04",
            "price": "13.63",
            "revenue": 1229545
        },
        "2013-05": {
            "month": "2013-05",
            "price": "14.29",
            "revenue": 1507819
        },
        "2013-06": {
            "month": "2013-06",
            "price": "13.68",
            "revenue": 1640511
        },
        "2013-07": {
            "month": "2013-07",
            "price": "13.70",
            "revenue": 1325445
        },
        "2013-08": {
            "month": "2013-08",
            "price": "13.17",
            "revenue": 1550390
        },
        "2013-09": {
            "month": "2013-09",
            "price": "13.56",
            "revenue": 1644200
        },
        "2013-10": {
            "month": "2013-10",
            "price": "14.59",
            "revenue": 1597786
        },
        "2013-11": {
            "month": "2013-11",
            "price": "16.63",
            "revenue": 1872103
        },
        "2013-12": {
            "month": "2013-12",
            "price": "18.23",
            "revenue": 1910849
        },
        "2014-01": {
            "month": "2014-01",
            "price": "19.31",
            "revenue": 1132509
        },
        "2014-02": {
            "month": "2014-02",
            "price": "18.63",
            "revenue": 1107286
        },
        "2014-03": {
            "month": "2014-03",
            "price": "18.28",
            "revenue": 1630502
        },
        "2014-04": {
            "month": "2014-04",
            "price": "17.61",
            "revenue": 1553946
        },
        "2014-05": {
            "month": "2014-05",
            "price": "17.55",
            "revenue": 1893165
        },
        "2014-06": {
            "month": "2014-06",
            "price": "20.40",
            "revenue": 2105910
        },
        "2014-07": {
            "month": "2014-07",
            "price": "24.17",
            "revenue": 2136041
        },
        "2014-08": {
            "month": "2014-08",
            "price": "23.28",
            "revenue": 2024724
        },
        "2014-09": {
            "month": "2014-09",
            "price": "21.72",
            "revenue": 1924016
        },
        "2014-10": {
            "month": "2014-10",
            "price": "17.88",
            "revenue": 2193709
        },
        "2014-11": {
            "month": "2014-11",
            "price": "16.93",
            "revenue": 1641409
        },
        "2014-12": {
            "month": "2014-12",
            "price": "17.05",
            "revenue": 1901962
        },
        "2015-01": {
            "month": "2015-01",
            "price": "17.66",
            "revenue": 1600955
        },
        "2015-02": {
            "month": "2015-02",
            "price": "16.99",
            "revenue": 1556254
        },
        "2015-03": {
            "month": "2015-03",
            "price": "17.25",
            "revenue": 1712240
        },
        "2015-04": {
            "month": "2015-04",
            "price": "16.42",
            "revenue": 1578566
        },
        "2015-05": {
            "month": "2015-05",
            "price": "15.05",
            "revenue": 1567518
        },
        "2015-06": {
            "month": "2015-06",
            "price": "13.11",
            "revenue": 2174861
        },
        "2015-07": {
            "month": "2015-07",
            "price": "12.79",
            "revenue": 1639051
        },
        "2015-08": {
            "month": "2015-08",
            "price": "10.91",
            "revenue": 1836553
        },
        "2015-09": {
            "month": "2015-09",
            "price": "12.16",
            "revenue": 1945594
        },
        "2015-10": {
            "month": "2015-10",
            "price": "12.85",
            "revenue": 1529580
        },
        "2015-11": {
            "month": "2015-11",
            "price": "12.50",
            "revenue": 1668688
        },
        "2015-12": {
            "month": "2015-12",
            "price": "12.53",
            "revenue": 2489485
        },
        "2016-01": {
            "month": "2016-01",
            "price": "12.90",
            "revenue": 2195748
        },
        "2016-02": {
            "month": "2016-02",
            "price": "14.20",
            "revenue": 1718629
        },
        "2016-03": {
            "month": "2016-03",
            "price": "16.08",
            "revenue": 2089789
        },
        "2016-04": {
            "month": "2016-04",
            "price": "15.89",
            "revenue": 1917772
        },
        "2016-05": {
            "month": "2016-05",
            "price": "16.75",
            "revenue": 2017650
        },
        "2016-06": {
            "month": "2016-06",
            "price": "16.89",
            "revenue": 1971906
        },
        "2016-07": {
            "month": "2016-07",
            "price": "16.12",
            "revenue": 1985229
        },
        "2016-08": {
            "month": "2016-08",
            "price": "15.55",
            "revenue": 1521290
        },
        "2016-09": {
            "month": "2016-09",
            "price": "15.41",
            "revenue": 1765303
        },
        "2016-10": {
            "month": "2016-10",
            "price": "14.42",
            "revenue": 1501457
        },
        "2016-11": {
            "month": "2016-11",
            "price": "14.36",
            "revenue": 1618284
        },
        "2016-12": {
            "month": "2016-12",
            "price": "14.60",
            "revenue": 2310334
        },
        "2017-01": {
            "month": "2017-01",
            "price": "14.37",
            "revenue": 1494716
        },
        "2017-02": {
            "month": "2017-02",
            "price": "16.15",
            "revenue": 1415222
        },
        "2017-03": {
            "month": "2017-03",
            "price": "16.58",
            "revenue": 1548004
        },
        "2017-04": {
            "month": "2017-04",
            "price": "15.76",
            "revenue": 1238153
        },
        "2017-05": {
            "month": "2017-05",
            "price": "15.38",
            "revenue": 1727190
        },
        "2017-06": {
            "month": "2017-06",
            "price": "15.11",
            "revenue": 1746106
        },
        "2017-07": {
            "month": "2017-07",
            "price": "14.63",
            "revenue": 1108947
        },
        "2017-08": {
            "month": "2017-08",
            "price": "13.71",
            "revenue": 2114383
        },
        "2017-09": {
            "month": "2017-09",
            "price": "14.52",
            "revenue": 1792419
        },
        "2017-10": {
            "month": "2017-10",
            "price": "14.70",
            "revenue": 1435521
        },
        "2017-11": {
            "month": "2017-11",
            "price": "14.10",
            "revenue": 1705206
        },
        "2017-12": {
            "month": "2017-12",
            "price": "15.01",
            "revenue": 1815521
        },
        "2018-01": {
            "month": "2018-01",
            "price": "15.49",
            "revenue": 1113797
        },
        "2018-02": {
            "month": "2018-02",
            "price": "14.85",
            "revenue": 1318378
        },
        "2018-03": {
            "month": "2018-03",
            "price": "14.72",
            "revenue": 1531771
        },
        "2018-04": {
            "month": "2018-04",
            "price": "13.61",
            "revenue": 1233856
        },
        "2018-05": {
            "month": "2018-05",
            "price": "13.36",
            "revenue": 1543593
        },
        "2018-06": {
            "month": "2018-06",
            "price": "14.05",
            "revenue": 2021188
        },
        "2018-07": {
            "month": "2018-07",
            "price": "13.39",
            "revenue": 1756409
        },
        "2018-08": {
            "month": "2018-08",
            "price": "12.40",
            "revenue": 2191355
        },
        "2018-09": {
            "month": "2018-09",
            "price": "11.32",
            "revenue": 2351887
        },
        "2018-10": {
            "month": "2018-10",
            "price": "10.61",
            "revenue": 2000047
        },
        "2018-11": {
            "month": "2018-11",
            "price": "11.78",
            "revenue": 2206008
        },
        "2018-12": {
            "month": "2018-12",
            "price": "12.40",
            "revenue": 2804279
        },
        "2019-01": {
            "month": "2019-01",
            "price": "13.59",
            "revenue": 2406406
        },
        "2019-02": {
            "month": "2019-02",
            "price": "13.91",
            "revenue": 2119135
        },
        "2019-03": {
            "month": "2019-03",
            "price": "14.10",
            "revenue": 3408438
        },
        "2019-04": {
            "month": "2019-04",
            "price": "21.16",
            "revenue": 1712192
        },
        "2019-05": {
            "month": "2019-05",
            "price": "22.26",
            "revenue": 1941085
        },
        "2019-06": {
            "month": "2019-06",
            "price": "22.40",
            "revenue": 2116761
        },
        "2019-07": {
            "month": "2019-07",
            "price": "23.53",
            "revenue": 1481033
        },
        "2019-08": {
            "month": "2019-08",
            "price": "23.60",
            "revenue": 1939306
        },
        "2019-09": {
            "month": "2019-09",
            "price": "21.86",
            "revenue": 1867706
        },
        "2019-10": {
            "month": "2019-10",
            "price": "20.68",
            "revenue": 1411531
        },
        "2019-11": {
            "month": "2019-11",
            "price": "19.82",
            "revenue": 1727191
        },
        "2019-12": {
            "month": "2019-12",
            "price": "19.70",
            "revenue": 1903589
        },
        "2020-01": {
            "month": "2020-01",
            "price": "19.13",
            "revenue": 1460795
        },
        "2020-02": {
            "month": "2020-02",
            "price": "16.40",
            "revenue": 1057066
        },
        "2020-03": {
            "month": "2020-03",
            "price": "13.50",
            "revenue": 1659451
        },
        "2020-04": {
            "month": "2020-04",
            "price": "13.90",
            "revenue": 1316786
        },
        "2020-05": {
            "month": "2020-05",
            "price": "15.74",
            "revenue": 1667721
        },
        "2020-06": {
            "month": "2020-06",
            "price": "16.66",
            "revenue": 1918589
        },
        "2020-07": {
            "month": "2020-07",
            "price": "17.80",
            "revenue": 1731667
        },
        "2020-08": {
            "month": "2020-08",
            "price": "19.30",
            "revenue": 2087851
        },
        "2020-09": {
            "month": "2020-09",
            "price": "25.25",
            "revenue": 2201533
        },
        "2020-10": {
            "month": "2020-10",
            "price": "24.29",
            "revenue": 1737907
        },
        "2020-11": {
            "month": "2020-11",
            "price": "24.10",
            "revenue": 2013509
        },
        "2020-12": {
            "month": "2020-12",
            "price": "30.72",
            "revenue": 3399773
        },
        "2021-01": {
            "month": "2021-01",
            "price": "39.01",
            "revenue": 2224607
        },
        "2021-02": {
            "month": "2021-02",
            "price": "36.73",
            "revenue": 2096957
        },
        "2021-03": {
            "month": "2021-03",
            "price": "36.41",
            "revenue": 2555308
        },
        "2021-04": {
            "month": "2021-04",
            "price": "39.18",
            "revenue": 1803690
        },
        "2021-05": {
            "month": "2021-05",
            "price": "30.18",
            "revenue": 1995135
        },
        "2021-06": {
            "month": "2021-06",
            "price": "30.12",
            "revenue": 2285562
        },
        "2021-07": {
            "month": "2021-07",
            "price": "28.40",
            "revenue": 1881295
        },
        "2021-08": {
            "month": "2021-08",
            "price": "25.68",
            "revenue": 2175800
        },
        "2021-09": {
            "month": "2021-09",
            "price": "24.24",
            "revenue": 2267408
        },
        "2021-10": {
            "month": "2021-10",
            "price": "25.33",
            "revenue": 1958974
        },
        "2021-11": {
            "month": "2021-11",
            "price": "32.79",
            "revenue": 1954269
        },
        "2021-12": {
            "month": "2021-12",
            "price": "34.31",
            "revenue": 2483071
        },
        "2022-01": {
            "month": "2022-01",
            "price": "31.99",
            "revenue": 2399957
        },
        "2022-02": {
            "month": "2022-02",
            "price": "32.93",
            "revenue": 2038870
        },
        "2022-03": {
            "month": "2022-03",
            "price": "30.22",
            "revenue": 2590352
        },
        "2022-04": {
            "month": "2022-04",
            "price": "29.39",
            "revenue": 1315648
        },
        "2022-05": {
            "month": "2022-05",
            "price": "27.54",
            "revenue": 2062501
        },
        "2022-06": {
            "month": "2022-06",
            "price": "27.65",
            "revenue": 2850446
        },
        "2022-07": {
            "month": "2022-07",
            "price": "27.52",
            "revenue": 2668282
        },
        "2022-08": {
            "month": "2022-08",
            "price": "29.28",
            "revenue": 2991409
        },
        "2022-09": {
            "month": "2022-09",
            "price": "28.47",
            "revenue": 3001299
        },
        "2022-10": {
            "month": "2022-10",
            "price": "26.36",
            "revenue": 2716663
        },
        "2022-11": {
            "month": "2022-11",
            "price": "30.93",
            "revenue": 3067289
        },
        "2022-12": {
            "month": "2022-12",
            "price": "33.26",
            "revenue": 2845402
        },
        "2023-01": {
            "month": "2023-01",
            "price": "36.57",
            "revenue": 2974731
        },
        "2023-02": {
            "month": "2023-02",
            "price": "39.02",
            "revenue": 2920631
        },
        "2023-03": {
            "month": "2023-03",
            "price": "38.63",
            "revenue": 2958129
        },
        "2023-04": {
            "month": "2023-04",
            "price": "39.93",
            "revenue": 2459011
        },
        "2023-05": {
            "month": "2023-05",
            "price": "41.98",
            "revenue": 2222723
        },
        "2023-06": {
            "month": "2023-06",
            "price": "42.39",
            "revenue": 2442042
        },
        "2023-07": {
            "month": "2023-07",
            "price": "56.46",
            "revenue": 1966629
        },
        "2023-08": {
            "month": "2023-08",
            "price": "49.21",
            "revenue": 2620970
        }
    }
}
