{
    "summary": {
        "stock_name": "永信",
        "stock_id": "3705",
        "category": "生技醫療",
        "main_business": "一般投資業",
        "website_url": "http://www.yungshingroup.com",
        "ceo": "李芳信",
        "pe_ratio": 16,
        "report_year_from": 2010,
        "report_year_to": 2023,
        "age": 13,
        "eps_negative_percentage": 0,
        "eps_growth_avg": {
            "last_all": 5.66,
            "last_2y": 4.27,
            "last_4y": 11.18,
            "last_8y": 4.71,
            "last_12y": null,
            "last_16y": null,
            "last_20y": null,
            "at_2006_last_3y": null,
            "at_2007_last_3y": null,
            "at_2008_last_3y": null,
            "at_2009_last_3y": null,
            "at_2010_last_3y": null,
            "at_2011_last_3y": null,
            "at_2012_last_3y": null,
            "at_2013_last_3y": null,
            "at_2014_last_3y": null,
            "at_2015_last_3y": 13.89,
            "at_2016_last_3y": 11.8,
            "at_2017_last_3y": -3.39,
            "at_2018_last_3y": 1.7,
            "at_2019_last_3y": -1.52,
            "at_2020_last_3y": 6.9,
            "at_2021_last_3y": 10.45,
            "at_2022_last_3y": 4.91,
            "at_2023_last_3y": 4.91,
            "at_2006_last_all": null,
            "at_2007_last_all": null,
            "at_2008_last_all": null,
            "at_2009_last_all": null,
            "at_2010_last_all": null,
            "at_2011_last_all": null,
            "at_2012_last_all": null,
            "at_2013_last_all": 9.97,
            "at_2014_last_all": 11.95,
            "at_2015_last_all": 13.89,
            "at_2016_last_all": 5.59,
            "at_2017_last_all": 1.06,
            "at_2018_last_all": 6.09,
            "at_2019_last_all": 6.19,
            "at_2020_last_all": 6.17,
            "at_2021_last_all": 4.82,
            "at_2022_last_all": 5.66,
            "at_2023_last_all": 5.66
        },
        "latest_eps": 2.95,
        "latest_price": 46.2,
        "latest_roe": 11.08,
        "latest_gross_margin": 42.13,
        "latest_equity": 7287811,
        "latest_revenue": 1671259,
        "latest_gross_profit": 704036,
        "latest_net_income": 179699,
        "latest_debt_ratio": 36.39,
        "latest_current_ratio": 213.99,
        "latest_account_receivable_turnover_ratio": 1.04,
        "latest_inventory_turnover_ratio": 0.36,
        "latest_reinvestment_rate": -25.69,
        "latest_research_to_sale_ratio": 6.07
    },
    "eps_dividends": {
        "2001": {
            "cash": 0,
            "stock": 0,
            "eps": 0
        },
        "2002": {
            "cash": 0,
            "stock": 0,
            "eps": 0
        },
        "2003": {
            "cash": 0,
            "stock": 0,
            "eps": 0
        },
        "2004": {
            "cash": 0,
            "stock": 0,
            "eps": 0
        },
        "2005": {
            "cash": 0,
            "stock": 0,
            "eps": 0
        },
        "2006": {
            "cash": 0,
            "stock": 0,
            "eps": 0
        },
        "2007": {
            "cash": 0,
            "stock": 0,
            "eps": 0
        },
        "2008": {
            "cash": 0,
            "stock": 0,
            "eps": 0
        },
        "2009": {
            "cash": 0,
            "stock": 0,
            "eps": 0
        },
        "2010": {
            "cash": 0,
            "stock": 0,
            "eps": 0
        },
        "2011": {
            "cash": 4,
            "stock": 0,
            "eps": 2.18
        },
        "2012": {
            "cash": 0,
            "stock": 0,
            "eps": 1.76
        },
        "2013": {
            "cash": 2,
            "stock": 0,
            "eps": 2.45
        },
        "2014": {
            "cash": 2,
            "stock": 0,
            "eps": 2.84
        },
        "2015": {
            "cash": 2,
            "stock": 1,
            "eps": 3.4
        },
        "2016": {
            "cash": 3,
            "stock": 0,
            "eps": 2.46
        },
        "2017": {
            "cash": 2,
            "stock": 0,
            "eps": 1.93
        },
        "2018": {
            "cash": 2,
            "stock": 0,
            "eps": 2.63
        },
        "2019": {
            "cash": 2,
            "stock": 0,
            "eps": 2.81
        },
        "2020": {
            "cash": 2,
            "stock": 0,
            "eps": 2.98
        },
        "2021": {
            "cash": 2,
            "stock": 0,
            "eps": 2.76
        },
        "2022": {
            "cash": 2,
            "stock": 0,
            "eps": 3.15
        },
        "2023": {
            "cash": 2,
            "stock": 0,
            "eps": 0.65
        }
    },
    "dividends": {
        "2011-01-01": {
            "cash": 2,
            "stock": 0
        },
        "2011-04-20": {
            "cash": 1.8,
            "stock": 0
        },
        "2013-03-22": {
            "cash": 1.8,
            "stock": 0
        },
        "2014-06-20": {
            "cash": 2,
            "stock": 0
        },
        "2015-08-07": {
            "cash": 2,
            "stock": 0.5
        },
        "2016-08-08": {
            "cash": 2.5,
            "stock": 0
        },
        "2017-08-07": {
            "cash": 1.5,
            "stock": 0
        },
        "2018-08-07": {
            "cash": 2,
            "stock": 0
        },
        "2019-08-07": {
            "cash": 2.2,
            "stock": 0
        },
        "2020-08-07": {
            "cash": 2.2,
            "stock": 0
        },
        "2021-09-10": {
            "cash": 2,
            "stock": 0
        },
        "2022-07-13": {
            "cash": 1.7,
            "stock": 0
        },
        "2023-07-13": {
            "cash": 2.3,
            "stock": 0
        }
    },
    "prices": {
        "200101": "無",
        "200102": "無",
        "200103": "無",
        "200104": "無",
        "200105": "無",
        "200106": "無",
        "200107": "無",
        "200108": "無",
        "200109": "無",
        "200110": "無",
        "200111": "無",
        "200112": "無",
        "200201": "無",
        "200202": "無",
        "200203": "無",
        "200204": "無",
        "200205": "無",
        "200206": "無",
        "200207": "無",
        "200208": "無",
        "200209": "無",
        "200210": "無",
        "200211": "無",
        "200212": "無",
        "200301": "無",
        "200302": "無",
        "200303": "無",
        "200304": "無",
        "200305": "無",
        "200306": "無",
        "200307": "無",
        "200308": "無",
        "200309": "無",
        "200310": "無",
        "200311": "無",
        "200312": "無",
        "200401": "無",
        "200402": "無",
        "200403": "無",
        "200404": "無",
        "200405": "無",
        "200406": "無",
        "200407": "無",
        "200408": "無",
        "200409": "無",
        "200410": "無",
        "200411": "無",
        "200412": "無",
        "200501": "無",
        "200502": "無",
        "200503": "無",
        "200504": "無",
        "200505": "無",
        "200506": "無",
        "200507": "無",
        "200508": "無",
        "200509": "無",
        "200510": "無",
        "200511": "無",
        "200512": "無",
        "200601": "無",
        "200602": "無",
        "200603": "無",
        "200604": "無",
        "200605": "無",
        "200606": "無",
        "200607": "無",
        "200608": "無",
        "200609": "無",
        "200610": "無",
        "200611": "無",
        "200612": "無",
        "200701": "無",
        "200702": "無",
        "200703": "無",
        "200704": "無",
        "200705": "無",
        "200706": "無",
        "200707": "無",
        "200708": "無",
        "200709": "無",
        "200710": "無",
        "200711": "無",
        "200712": "無",
        "200801": "無",
        "200802": "無",
        "200803": "無",
        "200804": "無",
        "200805": "無",
        "200806": "無",
        "200807": "無",
        "200808": "無",
        "200809": "無",
        "200810": "無",
        "200811": "無",
        "200812": "無",
        "200901": "無",
        "200902": "無",
        "200903": "無",
        "200904": "無",
        "200905": "無",
        "200906": "無",
        "200907": "無",
        "200908": "無",
        "200909": "無",
        "200910": "無",
        "200911": "無",
        "200912": "無",
        "201001": "無",
        "201002": "無",
        "201003": "無",
        "201004": "無",
        "201005": "無",
        "201006": "無",
        "201007": "無",
        "201008": "無",
        "201009": "無",
        "201010": "無",
        "201011": "無",
        "201012": "無",
        "201101": "40.51",
        "201102": "40.49",
        "201103": "40.06",
        "201104": "42.87",
        "201105": "55.09",
        "201106": "49.63",
        "201107": "53.08",
        "201108": "44.43",
        "201109": "39.69",
        "201110": "40.84",
        "201111": "43.26",
        "201112": "40.74",
        "201201": "40.63",
        "201202": "43.30",
        "201203": "42.61",
        "201204": "41.43",
        "201205": "40.90",
        "201206": "40.08",
        "201207": "39.54",
        "201208": "39.91",
        "201209": "40.52",
        "201210": "40.97",
        "201211": "40.15",
        "201212": "40.86",
        "201301": "40.89",
        "201302": "41.47",
        "201303": "41.41",
        "201304": "41.16",
        "201305": "41.46",
        "201306": "42.13",
        "201307": "43.22",
        "201308": "47.51",
        "201309": "51.62",
        "201310": "57.16",
        "201311": "55.25",
        "201312": "54.49",
        "201401": "56.41",
        "201402": "56.13",
        "201403": "55.25",
        "201404": "54.49",
        "201405": "64.14",
        "201406": "67.45",
        "201407": "61.46",
        "201408": "56.51",
        "201409": "57.95",
        "201410": "57.02",
        "201411": "54.46",
        "201412": "55.10",
        "201501": "54.34",
        "201502": "54.13",
        "201503": "54.57",
        "201504": "55.58",
        "201505": "55.12",
        "201506": "52.58",
        "201507": "51.08",
        "201508": "46.15",
        "201509": "44.97",
        "201510": "46.46",
        "201511": "48.07",
        "201512": "49.04",
        "201601": "46.53",
        "201602": "47.89",
        "201603": "48.93",
        "201604": "49.06",
        "201605": "47.05",
        "201606": "46.81",
        "201607": "47.28",
        "201608": "46.92",
        "201609": "47.59",
        "201610": "47.17",
        "201611": "45.93",
        "201612": "45.77",
        "201701": "45.51",
        "201702": "46.34",
        "201703": "46.00",
        "201704": "44.60",
        "201705": "43.94",
        "201706": "43.14",
        "201707": "42.32",
        "201708": "40.29",
        "201709": "40.09",
        "201710": "40.47",
        "201711": "40.12",
        "201712": "40.00",
        "201801": "40.35",
        "201802": "40.28",
        "201803": "40.81",
        "201804": "41.19",
        "201805": "41.27",
        "201806": "41.11",
        "201807": "40.20",
        "201808": "40.03",
        "201809": "40.48",
        "201810": "39.99",
        "201811": "39.80",
        "201812": "39.48",
        "201901": "40.00",
        "201902": "40.91",
        "201903": "41.35",
        "201904": "42.00",
        "201905": "42.10",
        "201906": "42.75",
        "201907": "42.52",
        "201908": "40.99",
        "201909": "41.70",
        "201910": "42.81",
        "201911": "42.89",
        "201912": "42.53",
        "202001": "43.15",
        "202002": "43.72",
        "202003": "42.55",
        "202004": "44.42",
        "202005": "47.36",
        "202006": "48.40",
        "202007": "47.56",
        "202008": "44.80",
        "202009": "43.99",
        "202010": "43.55",
        "202011": "43.72",
        "202012": "44.61",
        "202101": "43.65",
        "202102": "43.48",
        "202103": "44.14",
        "202104": "44.33",
        "202105": "43.41",
        "202106": "43.78",
        "202107": "44.06",
        "202108": "42.63",
        "202109": "42.76",
        "202110": "43.15",
        "202111": "43.53",
        "202112": "43.03",
        "202201": "42.80",
        "202202": "42.69",
        "202203": "42.74",
        "202204": "42.84",
        "202205": "42.49",
        "202206": "41.85",
        "202207": "40.58",
        "202208": "41.12",
        "202209": "40.52",
        "202210": "38.88",
        "202211": "39.81",
        "202212": "44.15",
        "202301": "43.29",
        "202302": "43.12",
        "202303": "43.18",
        "202304": "44.68",
        "202305": "45.71"
    },
    "quarters": {
        "20011": {
            "year_quarter": 20011,
            "year": 2001,
            "quarter": 1,
            "eps": null,
            "eps_growth_year": null,
            "eps_4q": null,
            "eps_4q_growth_year": null,
            "roe": null,
            "roe_4q": 0,
            "gross_profit": null,
            "gross_margin": null,
            "gross_margin_4q_avg": 0,
            "net_income": null,
            "revenue": null,
            "common_shares": null,
            "book_valuer_per_share": null,
            "book_valuer_per_share_4q_avg": 0,
            "equity": null,
            "current_ratio": null,
            "debt_ratio": null,
            "inventory_turnover_ratio": null,
            "account_receivable_turnover_ratio": null,
            "reinvestment_rate": null,
            "research_to_sale_ratio": null,
            "price_fair": 0,
            "eps_avg_yearly": 0,
            "eps_latest_yearly": 0,
            "eps_growth_yearly": 0
        },
        "20012": {
            "year_quarter": 20012,
            "year": 2001,
            "quarter": 2,
            "eps": null,
            "eps_growth_year": null,
            "eps_4q": null,
            "eps_4q_growth_year": null,
            "roe": null,
            "roe_4q": 0,
            "gross_profit": null,
            "gross_margin": null,
            "gross_margin_4q_avg": 0,
            "net_income": null,
            "revenue": null,
            "common_shares": null,
            "book_valuer_per_share": null,
            "book_valuer_per_share_4q_avg": 0,
            "equity": null,
            "current_ratio": null,
            "debt_ratio": null,
            "inventory_turnover_ratio": null,
            "account_receivable_turnover_ratio": null,
            "reinvestment_rate": null,
            "research_to_sale_ratio": null,
            "price_fair": 0,
            "eps_avg_yearly": 0,
            "eps_latest_yearly": 0,
            "eps_growth_yearly": 0
        },
        "20013": {
            "year_quarter": 20013,
            "year": 2001,
            "quarter": 3,
            "eps": null,
            "eps_growth_year": null,
            "eps_4q": null,
            "eps_4q_growth_year": null,
            "roe": null,
            "roe_4q": 0,
            "gross_profit": null,
            "gross_margin": null,
            "gross_margin_4q_avg": 0,
            "net_income": null,
            "revenue": null,
            "common_shares": null,
            "book_valuer_per_share": null,
            "book_valuer_per_share_4q_avg": 0,
            "equity": null,
            "current_ratio": null,
            "debt_ratio": null,
            "inventory_turnover_ratio": null,
            "account_receivable_turnover_ratio": null,
            "reinvestment_rate": null,
            "research_to_sale_ratio": null,
            "price_fair": 0,
            "eps_avg_yearly": 0,
            "eps_latest_yearly": 0,
            "eps_growth_yearly": 0
        },
        "20014": {
            "year_quarter": 20014,
            "year": 2001,
            "quarter": 4,
            "eps": null,
            "eps_growth_year": null,
            "eps_4q": null,
            "eps_4q_growth_year": null,
            "roe": null,
            "roe_4q": 0,
            "gross_profit": null,
            "gross_margin": null,
            "gross_margin_4q_avg": 0,
            "net_income": null,
            "revenue": null,
            "common_shares": null,
            "book_valuer_per_share": null,
            "book_valuer_per_share_4q_avg": 0,
            "equity": null,
            "current_ratio": null,
            "debt_ratio": null,
            "inventory_turnover_ratio": null,
            "account_receivable_turnover_ratio": null,
            "reinvestment_rate": null,
            "research_to_sale_ratio": null,
            "price_fair": 0,
            "eps_avg_yearly": 0,
            "eps_latest_yearly": 0,
            "eps_growth_yearly": 0
        },
        "20021": {
            "year_quarter": 20021,
            "year": 2002,
            "quarter": 1,
            "eps": null,
            "eps_growth_year": null,
            "eps_4q": null,
            "eps_4q_growth_year": null,
            "roe": null,
            "roe_4q": 0,
            "gross_profit": null,
            "gross_margin": null,
            "gross_margin_4q_avg": 0,
            "net_income": null,
            "revenue": null,
            "common_shares": null,
            "book_valuer_per_share": null,
            "book_valuer_per_share_4q_avg": 0,
            "equity": null,
            "current_ratio": null,
            "debt_ratio": null,
            "inventory_turnover_ratio": null,
            "account_receivable_turnover_ratio": null,
            "reinvestment_rate": null,
            "research_to_sale_ratio": null,
            "price_fair": 0,
            "eps_avg_yearly": 0,
            "eps_latest_yearly": 0,
            "eps_growth_yearly": 0
        },
        "20022": {
            "year_quarter": 20022,
            "year": 2002,
            "quarter": 2,
            "eps": null,
            "eps_growth_year": null,
            "eps_4q": null,
            "eps_4q_growth_year": null,
            "roe": null,
            "roe_4q": 0,
            "gross_profit": null,
            "gross_margin": null,
            "gross_margin_4q_avg": 0,
            "net_income": null,
            "revenue": null,
            "common_shares": null,
            "book_valuer_per_share": null,
            "book_valuer_per_share_4q_avg": 0,
            "equity": null,
            "current_ratio": null,
            "debt_ratio": null,
            "inventory_turnover_ratio": null,
            "account_receivable_turnover_ratio": null,
            "reinvestment_rate": null,
            "research_to_sale_ratio": null,
            "price_fair": 0,
            "eps_avg_yearly": 0,
            "eps_latest_yearly": 0,
            "eps_growth_yearly": 0
        },
        "20023": {
            "year_quarter": 20023,
            "year": 2002,
            "quarter": 3,
            "eps": null,
            "eps_growth_year": null,
            "eps_4q": null,
            "eps_4q_growth_year": null,
            "roe": null,
            "roe_4q": 0,
            "gross_profit": null,
            "gross_margin": null,
            "gross_margin_4q_avg": 0,
            "net_income": null,
            "revenue": null,
            "common_shares": null,
            "book_valuer_per_share": null,
            "book_valuer_per_share_4q_avg": 0,
            "equity": null,
            "current_ratio": null,
            "debt_ratio": null,
            "inventory_turnover_ratio": null,
            "account_receivable_turnover_ratio": null,
            "reinvestment_rate": null,
            "research_to_sale_ratio": null,
            "price_fair": 0,
            "eps_avg_yearly": 0,
            "eps_latest_yearly": 0,
            "eps_growth_yearly": 0
        },
        "20024": {
            "year_quarter": 20024,
            "year": 2002,
            "quarter": 4,
            "eps": null,
            "eps_growth_year": null,
            "eps_4q": null,
            "eps_4q_growth_year": null,
            "roe": null,
            "roe_4q": 0,
            "gross_profit": null,
            "gross_margin": null,
            "gross_margin_4q_avg": 0,
            "net_income": null,
            "revenue": null,
            "common_shares": null,
            "book_valuer_per_share": null,
            "book_valuer_per_share_4q_avg": 0,
            "equity": null,
            "current_ratio": null,
            "debt_ratio": null,
            "inventory_turnover_ratio": null,
            "account_receivable_turnover_ratio": null,
            "reinvestment_rate": null,
            "research_to_sale_ratio": null,
            "price_fair": 0,
            "eps_avg_yearly": 0,
            "eps_latest_yearly": 0,
            "eps_growth_yearly": 0
        },
        "20031": {
            "year_quarter": 20031,
            "year": 2003,
            "quarter": 1,
            "eps": null,
            "eps_growth_year": null,
            "eps_4q": null,
            "eps_4q_growth_year": null,
            "roe": null,
            "roe_4q": 0,
            "gross_profit": null,
            "gross_margin": null,
            "gross_margin_4q_avg": 0,
            "net_income": null,
            "revenue": null,
            "common_shares": null,
            "book_valuer_per_share": null,
            "book_valuer_per_share_4q_avg": 0,
            "equity": null,
            "current_ratio": null,
            "debt_ratio": null,
            "inventory_turnover_ratio": null,
            "account_receivable_turnover_ratio": null,
            "reinvestment_rate": null,
            "research_to_sale_ratio": null,
            "price_fair": 0,
            "eps_avg_yearly": 0,
            "eps_latest_yearly": 0,
            "eps_growth_yearly": 0
        },
        "20032": {
            "year_quarter": 20032,
            "year": 2003,
            "quarter": 2,
            "eps": null,
            "eps_growth_year": null,
            "eps_4q": null,
            "eps_4q_growth_year": null,
            "roe": null,
            "roe_4q": 0,
            "gross_profit": null,
            "gross_margin": null,
            "gross_margin_4q_avg": 0,
            "net_income": null,
            "revenue": null,
            "common_shares": null,
            "book_valuer_per_share": null,
            "book_valuer_per_share_4q_avg": 0,
            "equity": null,
            "current_ratio": null,
            "debt_ratio": null,
            "inventory_turnover_ratio": null,
            "account_receivable_turnover_ratio": null,
            "reinvestment_rate": null,
            "research_to_sale_ratio": null,
            "price_fair": 0,
            "eps_avg_yearly": 0,
            "eps_latest_yearly": 0,
            "eps_growth_yearly": 0
        },
        "20033": {
            "year_quarter": 20033,
            "year": 2003,
            "quarter": 3,
            "eps": null,
            "eps_growth_year": null,
            "eps_4q": null,
            "eps_4q_growth_year": null,
            "roe": null,
            "roe_4q": 0,
            "gross_profit": null,
            "gross_margin": null,
            "gross_margin_4q_avg": 0,
            "net_income": null,
            "revenue": null,
            "common_shares": null,
            "book_valuer_per_share": null,
            "book_valuer_per_share_4q_avg": 0,
            "equity": null,
            "current_ratio": null,
            "debt_ratio": null,
            "inventory_turnover_ratio": null,
            "account_receivable_turnover_ratio": null,
            "reinvestment_rate": null,
            "research_to_sale_ratio": null,
            "price_fair": 0,
            "eps_avg_yearly": 0,
            "eps_latest_yearly": 0,
            "eps_growth_yearly": 0
        },
        "20034": {
            "year_quarter": 20034,
            "year": 2003,
            "quarter": 4,
            "eps": null,
            "eps_growth_year": null,
            "eps_4q": null,
            "eps_4q_growth_year": null,
            "roe": null,
            "roe_4q": 0,
            "gross_profit": null,
            "gross_margin": null,
            "gross_margin_4q_avg": 0,
            "net_income": null,
            "revenue": null,
            "common_shares": null,
            "book_valuer_per_share": null,
            "book_valuer_per_share_4q_avg": 0,
            "equity": null,
            "current_ratio": null,
            "debt_ratio": null,
            "inventory_turnover_ratio": null,
            "account_receivable_turnover_ratio": null,
            "reinvestment_rate": null,
            "research_to_sale_ratio": null,
            "price_fair": 0,
            "eps_avg_yearly": 0,
            "eps_latest_yearly": 0,
            "eps_growth_yearly": 0
        },
        "20041": {
            "year_quarter": 20041,
            "year": 2004,
            "quarter": 1,
            "eps": null,
            "eps_growth_year": null,
            "eps_4q": null,
            "eps_4q_growth_year": null,
            "roe": null,
            "roe_4q": 0,
            "gross_profit": null,
            "gross_margin": null,
            "gross_margin_4q_avg": 0,
            "net_income": null,
            "revenue": null,
            "common_shares": null,
            "book_valuer_per_share": null,
            "book_valuer_per_share_4q_avg": 0,
            "equity": null,
            "current_ratio": null,
            "debt_ratio": null,
            "inventory_turnover_ratio": null,
            "account_receivable_turnover_ratio": null,
            "reinvestment_rate": null,
            "research_to_sale_ratio": null,
            "price_fair": 0,
            "eps_avg_yearly": 0,
            "eps_latest_yearly": 0,
            "eps_growth_yearly": 0
        },
        "20042": {
            "year_quarter": 20042,
            "year": 2004,
            "quarter": 2,
            "eps": null,
            "eps_growth_year": null,
            "eps_4q": null,
            "eps_4q_growth_year": null,
            "roe": null,
            "roe_4q": 0,
            "gross_profit": null,
            "gross_margin": null,
            "gross_margin_4q_avg": 0,
            "net_income": null,
            "revenue": null,
            "common_shares": null,
            "book_valuer_per_share": null,
            "book_valuer_per_share_4q_avg": 0,
            "equity": null,
            "current_ratio": null,
            "debt_ratio": null,
            "inventory_turnover_ratio": null,
            "account_receivable_turnover_ratio": null,
            "reinvestment_rate": null,
            "research_to_sale_ratio": null,
            "price_fair": 0,
            "eps_avg_yearly": 0,
            "eps_latest_yearly": 0,
            "eps_growth_yearly": 0
        },
        "20043": {
            "year_quarter": 20043,
            "year": 2004,
            "quarter": 3,
            "eps": null,
            "eps_growth_year": null,
            "eps_4q": null,
            "eps_4q_growth_year": null,
            "roe": null,
            "roe_4q": 0,
            "gross_profit": null,
            "gross_margin": null,
            "gross_margin_4q_avg": 0,
            "net_income": null,
            "revenue": null,
            "common_shares": null,
            "book_valuer_per_share": null,
            "book_valuer_per_share_4q_avg": 0,
            "equity": null,
            "current_ratio": null,
            "debt_ratio": null,
            "inventory_turnover_ratio": null,
            "account_receivable_turnover_ratio": null,
            "reinvestment_rate": null,
            "research_to_sale_ratio": null,
            "price_fair": 0,
            "eps_avg_yearly": 0,
            "eps_latest_yearly": 0,
            "eps_growth_yearly": 0
        },
        "20044": {
            "year_quarter": 20044,
            "year": 2004,
            "quarter": 4,
            "eps": null,
            "eps_growth_year": null,
            "eps_4q": null,
            "eps_4q_growth_year": null,
            "roe": null,
            "roe_4q": 0,
            "gross_profit": null,
            "gross_margin": null,
            "gross_margin_4q_avg": 0,
            "net_income": null,
            "revenue": null,
            "common_shares": null,
            "book_valuer_per_share": null,
            "book_valuer_per_share_4q_avg": 0,
            "equity": null,
            "current_ratio": null,
            "debt_ratio": null,
            "inventory_turnover_ratio": null,
            "account_receivable_turnover_ratio": null,
            "reinvestment_rate": null,
            "research_to_sale_ratio": null,
            "price_fair": 0,
            "eps_avg_yearly": 0,
            "eps_latest_yearly": 0,
            "eps_growth_yearly": 0
        },
        "20051": {
            "year_quarter": 20051,
            "year": 2005,
            "quarter": 1,
            "eps": null,
            "eps_growth_year": null,
            "eps_4q": null,
            "eps_4q_growth_year": null,
            "roe": null,
            "roe_4q": 0,
            "gross_profit": null,
            "gross_margin": null,
            "gross_margin_4q_avg": 0,
            "net_income": null,
            "revenue": null,
            "common_shares": null,
            "book_valuer_per_share": null,
            "book_valuer_per_share_4q_avg": 0,
            "equity": null,
            "current_ratio": null,
            "debt_ratio": null,
            "inventory_turnover_ratio": null,
            "account_receivable_turnover_ratio": null,
            "reinvestment_rate": null,
            "research_to_sale_ratio": null,
            "price_fair": 0,
            "eps_avg_yearly": 0,
            "eps_latest_yearly": 0,
            "eps_growth_yearly": 0
        },
        "20052": {
            "year_quarter": 20052,
            "year": 2005,
            "quarter": 2,
            "eps": null,
            "eps_growth_year": null,
            "eps_4q": null,
            "eps_4q_growth_year": null,
            "roe": null,
            "roe_4q": 0,
            "gross_profit": null,
            "gross_margin": null,
            "gross_margin_4q_avg": 0,
            "net_income": null,
            "revenue": null,
            "common_shares": null,
            "book_valuer_per_share": null,
            "book_valuer_per_share_4q_avg": 0,
            "equity": null,
            "current_ratio": null,
            "debt_ratio": null,
            "inventory_turnover_ratio": null,
            "account_receivable_turnover_ratio": null,
            "reinvestment_rate": null,
            "research_to_sale_ratio": null,
            "price_fair": 0,
            "eps_avg_yearly": 0,
            "eps_latest_yearly": 0,
            "eps_growth_yearly": 0
        },
        "20053": {
            "year_quarter": 20053,
            "year": 2005,
            "quarter": 3,
            "eps": null,
            "eps_growth_year": null,
            "eps_4q": null,
            "eps_4q_growth_year": null,
            "roe": null,
            "roe_4q": 0,
            "gross_profit": null,
            "gross_margin": null,
            "gross_margin_4q_avg": 0,
            "net_income": null,
            "revenue": null,
            "common_shares": null,
            "book_valuer_per_share": null,
            "book_valuer_per_share_4q_avg": 0,
            "equity": null,
            "current_ratio": null,
            "debt_ratio": null,
            "inventory_turnover_ratio": null,
            "account_receivable_turnover_ratio": null,
            "reinvestment_rate": null,
            "research_to_sale_ratio": null,
            "price_fair": 0,
            "eps_avg_yearly": 0,
            "eps_latest_yearly": 0,
            "eps_growth_yearly": 0
        },
        "20054": {
            "year_quarter": 20054,
            "year": 2005,
            "quarter": 4,
            "eps": null,
            "eps_growth_year": null,
            "eps_4q": null,
            "eps_4q_growth_year": null,
            "roe": null,
            "roe_4q": 0,
            "gross_profit": null,
            "gross_margin": null,
            "gross_margin_4q_avg": 0,
            "net_income": null,
            "revenue": null,
            "common_shares": null,
            "book_valuer_per_share": null,
            "book_valuer_per_share_4q_avg": 0,
            "equity": null,
            "current_ratio": null,
            "debt_ratio": null,
            "inventory_turnover_ratio": null,
            "account_receivable_turnover_ratio": null,
            "reinvestment_rate": null,
            "research_to_sale_ratio": null,
            "price_fair": 0,
            "eps_avg_yearly": 0,
            "eps_latest_yearly": 0,
            "eps_growth_yearly": 0
        },
        "20061": {
            "year_quarter": 20061,
            "year": 2006,
            "quarter": 1,
            "eps": null,
            "eps_growth_year": null,
            "eps_4q": null,
            "eps_4q_growth_year": null,
            "roe": null,
            "roe_4q": 0,
            "gross_profit": null,
            "gross_margin": null,
            "gross_margin_4q_avg": 0,
            "net_income": null,
            "revenue": null,
            "common_shares": null,
            "book_valuer_per_share": null,
            "book_valuer_per_share_4q_avg": 0,
            "equity": null,
            "current_ratio": null,
            "debt_ratio": null,
            "inventory_turnover_ratio": null,
            "account_receivable_turnover_ratio": null,
            "reinvestment_rate": null,
            "research_to_sale_ratio": null,
            "price_fair": 0,
            "eps_avg_yearly": 0,
            "eps_latest_yearly": 0,
            "eps_growth_yearly": 0
        },
        "20062": {
            "year_quarter": 20062,
            "year": 2006,
            "quarter": 2,
            "eps": null,
            "eps_growth_year": null,
            "eps_4q": null,
            "eps_4q_growth_year": null,
            "roe": null,
            "roe_4q": 0,
            "gross_profit": null,
            "gross_margin": null,
            "gross_margin_4q_avg": 0,
            "net_income": null,
            "revenue": null,
            "common_shares": null,
            "book_valuer_per_share": null,
            "book_valuer_per_share_4q_avg": 0,
            "equity": null,
            "current_ratio": null,
            "debt_ratio": null,
            "inventory_turnover_ratio": null,
            "account_receivable_turnover_ratio": null,
            "reinvestment_rate": null,
            "research_to_sale_ratio": null,
            "price_fair": 0,
            "eps_avg_yearly": 0,
            "eps_latest_yearly": 0,
            "eps_growth_yearly": 0
        },
        "20063": {
            "year_quarter": 20063,
            "year": 2006,
            "quarter": 3,
            "eps": null,
            "eps_growth_year": null,
            "eps_4q": null,
            "eps_4q_growth_year": null,
            "roe": null,
            "roe_4q": 0,
            "gross_profit": null,
            "gross_margin": null,
            "gross_margin_4q_avg": 0,
            "net_income": null,
            "revenue": null,
            "common_shares": null,
            "book_valuer_per_share": null,
            "book_valuer_per_share_4q_avg": 0,
            "equity": null,
            "current_ratio": null,
            "debt_ratio": null,
            "inventory_turnover_ratio": null,
            "account_receivable_turnover_ratio": null,
            "reinvestment_rate": null,
            "research_to_sale_ratio": null,
            "price_fair": 0,
            "eps_avg_yearly": 0,
            "eps_latest_yearly": 0,
            "eps_growth_yearly": 0
        },
        "20064": {
            "year_quarter": 20064,
            "year": 2006,
            "quarter": 4,
            "eps": null,
            "eps_growth_year": null,
            "eps_4q": null,
            "eps_4q_growth_year": null,
            "roe": null,
            "roe_4q": 0,
            "gross_profit": null,
            "gross_margin": null,
            "gross_margin_4q_avg": 0,
            "net_income": null,
            "revenue": null,
            "common_shares": null,
            "book_valuer_per_share": null,
            "book_valuer_per_share_4q_avg": 0,
            "equity": null,
            "current_ratio": null,
            "debt_ratio": null,
            "inventory_turnover_ratio": null,
            "account_receivable_turnover_ratio": null,
            "reinvestment_rate": null,
            "research_to_sale_ratio": null,
            "price_fair": 0,
            "eps_avg_yearly": 0,
            "eps_latest_yearly": 0,
            "eps_growth_yearly": 0
        },
        "20071": {
            "year_quarter": 20071,
            "year": 2007,
            "quarter": 1,
            "eps": null,
            "eps_growth_year": null,
            "eps_4q": null,
            "eps_4q_growth_year": null,
            "roe": null,
            "roe_4q": 0,
            "gross_profit": null,
            "gross_margin": null,
            "gross_margin_4q_avg": 0,
            "net_income": null,
            "revenue": null,
            "common_shares": null,
            "book_valuer_per_share": null,
            "book_valuer_per_share_4q_avg": 0,
            "equity": null,
            "current_ratio": null,
            "debt_ratio": null,
            "inventory_turnover_ratio": null,
            "account_receivable_turnover_ratio": null,
            "reinvestment_rate": null,
            "research_to_sale_ratio": null,
            "price_fair": 0,
            "eps_avg_yearly": 0,
            "eps_latest_yearly": 0,
            "eps_growth_yearly": 0
        },
        "20072": {
            "year_quarter": 20072,
            "year": 2007,
            "quarter": 2,
            "eps": null,
            "eps_growth_year": null,
            "eps_4q": null,
            "eps_4q_growth_year": null,
            "roe": null,
            "roe_4q": 0,
            "gross_profit": null,
            "gross_margin": null,
            "gross_margin_4q_avg": 0,
            "net_income": null,
            "revenue": null,
            "common_shares": null,
            "book_valuer_per_share": null,
            "book_valuer_per_share_4q_avg": 0,
            "equity": null,
            "current_ratio": null,
            "debt_ratio": null,
            "inventory_turnover_ratio": null,
            "account_receivable_turnover_ratio": null,
            "reinvestment_rate": null,
            "research_to_sale_ratio": null,
            "price_fair": 0,
            "eps_avg_yearly": 0,
            "eps_latest_yearly": 0,
            "eps_growth_yearly": 0
        },
        "20073": {
            "year_quarter": 20073,
            "year": 2007,
            "quarter": 3,
            "eps": null,
            "eps_growth_year": null,
            "eps_4q": null,
            "eps_4q_growth_year": null,
            "roe": null,
            "roe_4q": 0,
            "gross_profit": null,
            "gross_margin": null,
            "gross_margin_4q_avg": 0,
            "net_income": null,
            "revenue": null,
            "common_shares": null,
            "book_valuer_per_share": null,
            "book_valuer_per_share_4q_avg": 0,
            "equity": null,
            "current_ratio": null,
            "debt_ratio": null,
            "inventory_turnover_ratio": null,
            "account_receivable_turnover_ratio": null,
            "reinvestment_rate": null,
            "research_to_sale_ratio": null,
            "price_fair": 0,
            "eps_avg_yearly": 0,
            "eps_latest_yearly": 0,
            "eps_growth_yearly": 0
        },
        "20074": {
            "year_quarter": 20074,
            "year": 2007,
            "quarter": 4,
            "eps": null,
            "eps_growth_year": null,
            "eps_4q": null,
            "eps_4q_growth_year": null,
            "roe": null,
            "roe_4q": 0,
            "gross_profit": null,
            "gross_margin": null,
            "gross_margin_4q_avg": 0,
            "net_income": null,
            "revenue": null,
            "common_shares": null,
            "book_valuer_per_share": null,
            "book_valuer_per_share_4q_avg": 0,
            "equity": null,
            "current_ratio": null,
            "debt_ratio": null,
            "inventory_turnover_ratio": null,
            "account_receivable_turnover_ratio": null,
            "reinvestment_rate": null,
            "research_to_sale_ratio": null,
            "price_fair": 0,
            "eps_avg_yearly": 0,
            "eps_latest_yearly": 0,
            "eps_growth_yearly": 0
        },
        "20081": {
            "year_quarter": 20081,
            "year": 2008,
            "quarter": 1,
            "eps": null,
            "eps_growth_year": null,
            "eps_4q": null,
            "eps_4q_growth_year": null,
            "roe": null,
            "roe_4q": 0,
            "gross_profit": null,
            "gross_margin": null,
            "gross_margin_4q_avg": 0,
            "net_income": null,
            "revenue": null,
            "common_shares": null,
            "book_valuer_per_share": null,
            "book_valuer_per_share_4q_avg": 0,
            "equity": null,
            "current_ratio": null,
            "debt_ratio": null,
            "inventory_turnover_ratio": null,
            "account_receivable_turnover_ratio": null,
            "reinvestment_rate": null,
            "research_to_sale_ratio": null,
            "price_fair": 0,
            "eps_avg_yearly": 0,
            "eps_latest_yearly": 0,
            "eps_growth_yearly": 0
        },
        "20082": {
            "year_quarter": 20082,
            "year": 2008,
            "quarter": 2,
            "eps": null,
            "eps_growth_year": null,
            "eps_4q": null,
            "eps_4q_growth_year": null,
            "roe": null,
            "roe_4q": 0,
            "gross_profit": null,
            "gross_margin": null,
            "gross_margin_4q_avg": 0,
            "net_income": null,
            "revenue": null,
            "common_shares": null,
            "book_valuer_per_share": null,
            "book_valuer_per_share_4q_avg": 0,
            "equity": null,
            "current_ratio": null,
            "debt_ratio": null,
            "inventory_turnover_ratio": null,
            "account_receivable_turnover_ratio": null,
            "reinvestment_rate": null,
            "research_to_sale_ratio": null,
            "price_fair": 0,
            "eps_avg_yearly": 0,
            "eps_latest_yearly": 0,
            "eps_growth_yearly": 0
        },
        "20083": {
            "year_quarter": 20083,
            "year": 2008,
            "quarter": 3,
            "eps": null,
            "eps_growth_year": null,
            "eps_4q": null,
            "eps_4q_growth_year": null,
            "roe": null,
            "roe_4q": 0,
            "gross_profit": null,
            "gross_margin": null,
            "gross_margin_4q_avg": 0,
            "net_income": null,
            "revenue": null,
            "common_shares": null,
            "book_valuer_per_share": null,
            "book_valuer_per_share_4q_avg": 0,
            "equity": null,
            "current_ratio": null,
            "debt_ratio": null,
            "inventory_turnover_ratio": null,
            "account_receivable_turnover_ratio": null,
            "reinvestment_rate": null,
            "research_to_sale_ratio": null,
            "price_fair": 0,
            "eps_avg_yearly": 0,
            "eps_latest_yearly": 0,
            "eps_growth_yearly": 0
        },
        "20084": {
            "year_quarter": 20084,
            "year": 2008,
            "quarter": 4,
            "eps": null,
            "eps_growth_year": null,
            "eps_4q": null,
            "eps_4q_growth_year": null,
            "roe": null,
            "roe_4q": 0,
            "gross_profit": null,
            "gross_margin": null,
            "gross_margin_4q_avg": 0,
            "net_income": null,
            "revenue": null,
            "common_shares": null,
            "book_valuer_per_share": null,
            "book_valuer_per_share_4q_avg": 0,
            "equity": null,
            "current_ratio": null,
            "debt_ratio": null,
            "inventory_turnover_ratio": null,
            "account_receivable_turnover_ratio": null,
            "reinvestment_rate": null,
            "research_to_sale_ratio": null,
            "price_fair": 0,
            "eps_avg_yearly": 0,
            "eps_latest_yearly": 0,
            "eps_growth_yearly": 0
        },
        "20091": {
            "year_quarter": 20091,
            "year": 2009,
            "quarter": 1,
            "eps": null,
            "eps_growth_year": null,
            "eps_4q": null,
            "eps_4q_growth_year": null,
            "roe": null,
            "roe_4q": 0,
            "gross_profit": null,
            "gross_margin": null,
            "gross_margin_4q_avg": 0,
            "net_income": null,
            "revenue": null,
            "common_shares": null,
            "book_valuer_per_share": null,
            "book_valuer_per_share_4q_avg": 0,
            "equity": null,
            "current_ratio": null,
            "debt_ratio": null,
            "inventory_turnover_ratio": null,
            "account_receivable_turnover_ratio": null,
            "reinvestment_rate": null,
            "research_to_sale_ratio": null,
            "price_fair": 0,
            "eps_avg_yearly": 0,
            "eps_latest_yearly": 0,
            "eps_growth_yearly": 0
        },
        "20092": {
            "year_quarter": 20092,
            "year": 2009,
            "quarter": 2,
            "eps": null,
            "eps_growth_year": null,
            "eps_4q": null,
            "eps_4q_growth_year": null,
            "roe": null,
            "roe_4q": 0,
            "gross_profit": null,
            "gross_margin": null,
            "gross_margin_4q_avg": 0,
            "net_income": null,
            "revenue": null,
            "common_shares": null,
            "book_valuer_per_share": null,
            "book_valuer_per_share_4q_avg": 0,
            "equity": null,
            "current_ratio": null,
            "debt_ratio": null,
            "inventory_turnover_ratio": null,
            "account_receivable_turnover_ratio": null,
            "reinvestment_rate": null,
            "research_to_sale_ratio": null,
            "price_fair": 0,
            "eps_avg_yearly": 0,
            "eps_latest_yearly": 0,
            "eps_growth_yearly": 0
        },
        "20093": {
            "year_quarter": 20093,
            "year": 2009,
            "quarter": 3,
            "eps": null,
            "eps_growth_year": null,
            "eps_4q": null,
            "eps_4q_growth_year": null,
            "roe": null,
            "roe_4q": 0,
            "gross_profit": null,
            "gross_margin": null,
            "gross_margin_4q_avg": 0,
            "net_income": null,
            "revenue": null,
            "common_shares": null,
            "book_valuer_per_share": null,
            "book_valuer_per_share_4q_avg": 0,
            "equity": null,
            "current_ratio": null,
            "debt_ratio": null,
            "inventory_turnover_ratio": null,
            "account_receivable_turnover_ratio": null,
            "reinvestment_rate": null,
            "research_to_sale_ratio": null,
            "price_fair": 0,
            "eps_avg_yearly": 0,
            "eps_latest_yearly": 0,
            "eps_growth_yearly": 0
        },
        "20094": {
            "year_quarter": 20094,
            "year": 2009,
            "quarter": 4,
            "eps": null,
            "eps_growth_year": null,
            "eps_4q": null,
            "eps_4q_growth_year": null,
            "roe": null,
            "roe_4q": 0,
            "gross_profit": null,
            "gross_margin": null,
            "gross_margin_4q_avg": 0,
            "net_income": null,
            "revenue": null,
            "common_shares": 2537362,
            "book_valuer_per_share": null,
            "book_valuer_per_share_4q_avg": 0,
            "equity": 5389006,
            "current_ratio": null,
            "debt_ratio": null,
            "inventory_turnover_ratio": null,
            "account_receivable_turnover_ratio": null,
            "reinvestment_rate": null,
            "research_to_sale_ratio": null,
            "price_fair": 0,
            "eps_avg_yearly": 0,
            "eps_latest_yearly": 0,
            "eps_growth_yearly": 0
        },
        "20101": {
            "year_quarter": 20101,
            "year": 2010,
            "quarter": 1,
            "eps": null,
            "eps_growth_year": null,
            "eps_4q": null,
            "eps_4q_growth_year": null,
            "roe": null,
            "roe_4q": 0,
            "gross_profit": 0,
            "gross_margin": null,
            "gross_margin_4q_avg": 0,
            "net_income": 0,
            "revenue": 0,
            "common_shares": 0,
            "book_valuer_per_share": null,
            "book_valuer_per_share_4q_avg": 0,
            "equity": 0,
            "current_ratio": null,
            "debt_ratio": null,
            "inventory_turnover_ratio": null,
            "account_receivable_turnover_ratio": null,
            "reinvestment_rate": null,
            "research_to_sale_ratio": null,
            "price_fair": 0,
            "eps_avg_yearly": 0,
            "eps_latest_yearly": 0,
            "eps_growth_yearly": 0
        },
        "20102": {
            "year_quarter": 20102,
            "year": 2010,
            "quarter": 2,
            "eps": null,
            "eps_growth_year": null,
            "eps_4q": null,
            "eps_4q_growth_year": null,
            "roe": null,
            "roe_4q": 0,
            "gross_profit": 0,
            "gross_margin": null,
            "gross_margin_4q_avg": 0,
            "net_income": 0,
            "revenue": 0,
            "common_shares": 0,
            "book_valuer_per_share": null,
            "book_valuer_per_share_4q_avg": 0,
            "equity": 0,
            "current_ratio": null,
            "debt_ratio": null,
            "inventory_turnover_ratio": null,
            "account_receivable_turnover_ratio": null,
            "reinvestment_rate": null,
            "research_to_sale_ratio": null,
            "price_fair": 0,
            "eps_avg_yearly": 0,
            "eps_latest_yearly": 0,
            "eps_growth_yearly": 0
        },
        "20103": {
            "year_quarter": 20103,
            "year": 2010,
            "quarter": 3,
            "eps": null,
            "eps_growth_year": null,
            "eps_4q": null,
            "eps_4q_growth_year": null,
            "roe": null,
            "roe_4q": 0,
            "gross_profit": 0,
            "gross_margin": null,
            "gross_margin_4q_avg": 0,
            "net_income": 0,
            "revenue": 0,
            "common_shares": 0,
            "book_valuer_per_share": null,
            "book_valuer_per_share_4q_avg": 0,
            "equity": 0,
            "current_ratio": null,
            "debt_ratio": null,
            "inventory_turnover_ratio": null,
            "account_receivable_turnover_ratio": null,
            "reinvestment_rate": null,
            "research_to_sale_ratio": null,
            "price_fair": 0,
            "eps_avg_yearly": 0,
            "eps_latest_yearly": 0,
            "eps_growth_yearly": 0
        },
        "20104": {
            "year_quarter": 20104,
            "year": 2010,
            "quarter": 4,
            "eps": null,
            "eps_growth_year": null,
            "eps_4q": null,
            "eps_4q_growth_year": null,
            "roe": null,
            "roe_4q": 0,
            "gross_profit": 2042886,
            "gross_margin": null,
            "gross_margin_4q_avg": 0,
            "net_income": 659614,
            "revenue": 4143011,
            "common_shares": 2537362,
            "book_valuer_per_share": 21.31,
            "book_valuer_per_share_4q_avg": 5.33,
            "equity": 5569098,
            "current_ratio": 346.09,
            "debt_ratio": 19.32,
            "inventory_turnover_ratio": null,
            "account_receivable_turnover_ratio": null,
            "reinvestment_rate": null,
            "research_to_sale_ratio": null,
            "price_fair": 0,
            "eps_avg_yearly": 0,
            "eps_latest_yearly": 0,
            "eps_growth_yearly": 0
        },
        "20111": {
            "year_quarter": 20111,
            "year": 2011,
            "quarter": 1,
            "eps": 0.6,
            "eps_growth_year": null,
            "eps_4q": 0.6,
            "eps_4q_growth_year": null,
            "roe": 2.74,
            "roe_4q": 2.74,
            "gross_profit": 506821,
            "gross_margin": 47.35,
            "gross_margin_4q_avg": 11.84,
            "net_income": 155118,
            "revenue": 1070358,
            "common_shares": 2537362,
            "book_valuer_per_share": 21.99,
            "book_valuer_per_share_4q_avg": 10.83,
            "equity": 5746564,
            "current_ratio": 374.98,
            "debt_ratio": 18.22,
            "inventory_turnover_ratio": 0.47,
            "account_receivable_turnover_ratio": 1.06,
            "reinvestment_rate": null,
            "research_to_sale_ratio": 8.06,
            "price_fair": 0,
            "eps_avg_yearly": 0,
            "eps_latest_yearly": 0,
            "eps_growth_yearly": 0
        },
        "20112": {
            "year_quarter": 20112,
            "year": 2011,
            "quarter": 2,
            "eps": 0.56,
            "eps_growth_year": null,
            "eps_4q": 1.16,
            "eps_4q_growth_year": null,
            "roe": 2.66,
            "roe_4q": 5.4,
            "gross_profit": 560136,
            "gross_margin": 49.24,
            "gross_margin_4q_avg": 24.15,
            "net_income": 148146,
            "revenue": 1137587,
            "common_shares": 2537362,
            "book_valuer_per_share": 20.62,
            "book_valuer_per_share_4q_avg": 15.98,
            "equity": 5389541,
            "current_ratio": 226.44,
            "debt_ratio": 27.51,
            "inventory_turnover_ratio": 0.46,
            "account_receivable_turnover_ratio": 1.1,
            "reinvestment_rate": null,
            "research_to_sale_ratio": 7.68,
            "price_fair": 6.72,
            "eps_avg_yearly": 2.24,
            "eps_latest_yearly": 2.24,
            "eps_growth_yearly": -26.67
        },
        "20113": {
            "year_quarter": 20113,
            "year": 2011,
            "quarter": 3,
            "eps": 0.39,
            "eps_growth_year": null,
            "eps_4q": 1.56,
            "eps_4q_growth_year": null,
            "roe": 1.9,
            "roe_4q": 7.300000000000001,
            "gross_profit": 515983,
            "gross_margin": 47.16,
            "gross_margin_4q_avg": 35.94,
            "net_income": 103981,
            "revenue": 1094101,
            "common_shares": 2537362,
            "book_valuer_per_share": 21.32,
            "book_valuer_per_share_4q_avg": 21.31,
            "equity": 5581257,
            "current_ratio": 289.17,
            "debt_ratio": 21.34,
            "inventory_turnover_ratio": 0.42,
            "account_receivable_turnover_ratio": 1,
            "reinvestment_rate": null,
            "research_to_sale_ratio": 7.41,
            "price_fair": 5.7,
            "eps_avg_yearly": 1.9,
            "eps_latest_yearly": 1.56,
            "eps_growth_yearly": -74.05
        },
        "20114": {
            "year_quarter": 20114,
            "year": 2011,
            "quarter": 4,
            "eps": 0.63,
            "eps_growth_year": null,
            "eps_4q": 2.18,
            "eps_4q_growth_year": null,
            "roe": 2.84,
            "roe_4q": 10.14,
            "gross_profit": 577404,
            "gross_margin": 48.13,
            "gross_margin_4q_avg": 47.97,
            "net_income": 160609,
            "revenue": 1199559,
            "common_shares": 2537362,
            "book_valuer_per_share": 21.86,
            "book_valuer_per_share_4q_avg": 21.45,
            "equity": 5718752,
            "current_ratio": 280.27,
            "debt_ratio": 21.84,
            "inventory_turnover_ratio": 0.41,
            "account_receivable_turnover_ratio": 1.01,
            "reinvestment_rate": null,
            "research_to_sale_ratio": 5.04,
            "price_fair": 73.73,
            "eps_avg_yearly": 2.11,
            "eps_latest_yearly": 2.52,
            "eps_growth_yearly": 32.69
        },
        "20121": {
            "year_quarter": 20121,
            "year": 2012,
            "quarter": 1,
            "eps": 0.46,
            "eps_growth_year": -23.33,
            "eps_4q": 2.04,
            "eps_4q_growth_year": 240.79,
            "roe": 2.05,
            "roe_4q": 9.45,
            "gross_profit": 493052,
            "gross_margin": 42.17,
            "gross_margin_4q_avg": 46.68,
            "net_income": 118548,
            "revenue": 1169106,
            "common_shares": 2537362,
            "book_valuer_per_share": 22.27,
            "book_valuer_per_share_4q_avg": 21.52,
            "equity": 5819842,
            "current_ratio": 309.24,
            "debt_ratio": 20.19,
            "inventory_turnover_ratio": 0.44,
            "account_receivable_turnover_ratio": 0.96,
            "reinvestment_rate": null,
            "research_to_sale_ratio": 6.47,
            "price_fair": 6.12,
            "eps_avg_yearly": 2.04,
            "eps_latest_yearly": 1.84,
            "eps_growth_yearly": -2.47
        },
        "20122": {
            "year_quarter": 20122,
            "year": 2012,
            "quarter": 2,
            "eps": 0.56,
            "eps_growth_year": -0.88,
            "eps_4q": 2.04,
            "eps_4q_growth_year": 75.29,
            "roe": 2.57,
            "roe_4q": 9.36,
            "gross_profit": 599048,
            "gross_margin": 48.53,
            "gross_margin_4q_avg": 46.5,
            "net_income": 144764,
            "revenue": 1234415,
            "common_shares": 2537362,
            "book_valuer_per_share": 20.81,
            "book_valuer_per_share_4q_avg": 21.57,
            "equity": 5454696,
            "current_ratio": 210.37,
            "debt_ratio": 28.9,
            "inventory_turnover_ratio": 0.43,
            "account_receivable_turnover_ratio": 0.97,
            "reinvestment_rate": null,
            "research_to_sale_ratio": 8.27,
            "price_fair": 52.86,
            "eps_avg_yearly": 2.08,
            "eps_latest_yearly": 2.24,
            "eps_growth_yearly": 15.42
        },
        "20123": {
            "year_quarter": 20123,
            "year": 2012,
            "quarter": 3,
            "eps": 0.31,
            "eps_growth_year": -21.63,
            "eps_4q": 1.95,
            "eps_4q_growth_year": 25.6,
            "roe": 1.44,
            "roe_4q": 8.899999999999999,
            "gross_profit": 509672,
            "gross_margin": 46.65,
            "gross_margin_4q_avg": 46.37,
            "net_income": 78832,
            "revenue": 1092456,
            "common_shares": 2537362,
            "book_valuer_per_share": 21.11,
            "book_valuer_per_share_4q_avg": 21.51,
            "equity": 5522747,
            "current_ratio": 251.73,
            "debt_ratio": 23.85,
            "inventory_turnover_ratio": 0.4,
            "account_receivable_turnover_ratio": 0.85,
            "reinvestment_rate": null,
            "research_to_sale_ratio": 9.06,
            "price_fair": 5.82,
            "eps_avg_yearly": 1.94,
            "eps_latest_yearly": 1.24,
            "eps_growth_yearly": -16.92
        },
        "20124": {
            "year_quarter": 20124,
            "year": 2012,
            "quarter": 4,
            "eps": 0.43,
            "eps_growth_year": -32.28,
            "eps_4q": 1.75,
            "eps_4q_growth_year": -19.78,
            "roe": 1.74,
            "roe_4q": 7.8,
            "gross_profit": 493794,
            "gross_margin": 40.92,
            "gross_margin_4q_avg": 44.57,
            "net_income": 96838,
            "revenue": 1206829,
            "common_shares": 2537362,
            "book_valuer_per_share": 21.47,
            "book_valuer_per_share_4q_avg": 21.42,
            "equity": 5600901,
            "current_ratio": 251.43,
            "debt_ratio": 24.28,
            "inventory_turnover_ratio": 0.51,
            "account_receivable_turnover_ratio": 0.98,
            "reinvestment_rate": null,
            "research_to_sale_ratio": 7.33,
            "price_fair": 33.63,
            "eps_avg_yearly": 1.91,
            "eps_latest_yearly": 1.72,
            "eps_growth_yearly": 7.62
        },
        "20131": {
            "year_quarter": 20131,
            "year": 2013,
            "quarter": 1,
            "eps": 0.56,
            "eps_growth_year": 21.74,
            "eps_4q": 1.85,
            "eps_4q_growth_year": -9.53,
            "roe": 2.51,
            "roe_4q": 8.26,
            "gross_profit": 547148,
            "gross_margin": 48.08,
            "gross_margin_4q_avg": 46.05,
            "net_income": 142827,
            "revenue": 1138007,
            "common_shares": 2537362,
            "book_valuer_per_share": 21.98,
            "book_valuer_per_share_4q_avg": 21.34,
            "equity": 5763594,
            "current_ratio": 264.27,
            "debt_ratio": 24.5,
            "inventory_turnover_ratio": 0.45,
            "account_receivable_turnover_ratio": 0.91,
            "reinvestment_rate": null,
            "research_to_sale_ratio": 7.75,
            "price_fair": 61.98,
            "eps_avg_yearly": 1.95,
            "eps_latest_yearly": 2.24,
            "eps_growth_yearly": 21.78
        },
        "20132": {
            "year_quarter": 20132,
            "year": 2013,
            "quarter": 2,
            "eps": 0.54,
            "eps_growth_year": -3.35,
            "eps_4q": 1.83,
            "eps_4q_growth_year": -10.38,
            "roe": 2.42,
            "roe_4q": 8.11,
            "gross_profit": 577499,
            "gross_margin": 47.6,
            "gross_margin_4q_avg": 45.81,
            "net_income": 135579,
            "revenue": 1213298,
            "common_shares": 2537362,
            "book_valuer_per_share": 20.71,
            "book_valuer_per_share_4q_avg": 21.32,
            "equity": 5444024,
            "current_ratio": 197.7,
            "debt_ratio": 31.38,
            "inventory_turnover_ratio": 0.48,
            "account_receivable_turnover_ratio": 0.95,
            "reinvestment_rate": null,
            "research_to_sale_ratio": 9.09,
            "price_fair": 54.81,
            "eps_avg_yearly": 1.97,
            "eps_latest_yearly": 2.16,
            "eps_growth_yearly": 17.78
        },
        "20133": {
            "year_quarter": 20133,
            "year": 2013,
            "quarter": 3,
            "eps": 0.55,
            "eps_growth_year": 78.66,
            "eps_4q": 2.07,
            "eps_4q_growth_year": 5.67,
            "roe": 2.5,
            "roe_4q": 9.17,
            "gross_profit": 548062,
            "gross_margin": 42.15,
            "gross_margin_4q_avg": 44.69,
            "net_income": 137036,
            "revenue": 1300137,
            "common_shares": 2537362,
            "book_valuer_per_share": 21.09,
            "book_valuer_per_share_4q_avg": 21.31,
            "equity": 5535245,
            "current_ratio": 213.54,
            "debt_ratio": 29.88,
            "inventory_turnover_ratio": 0.57,
            "account_receivable_turnover_ratio": 0.95,
            "reinvestment_rate": null,
            "research_to_sale_ratio": 7.06,
            "price_fair": 53.37,
            "eps_avg_yearly": 2,
            "eps_latest_yearly": 2.2,
            "eps_growth_yearly": 16.74
        },
        "20134": {
            "year_quarter": 20134,
            "year": 2013,
            "quarter": 4,
            "eps": 0.8,
            "eps_growth_year": 87.98,
            "eps_4q": 2.44,
            "eps_4q_growth_year": 39.24,
            "roe": 3.64,
            "roe_4q": 11.07,
            "gross_profit": 629377,
            "gross_margin": 44.63,
            "gross_margin_4q_avg": 45.62,
            "net_income": 203379,
            "revenue": 1410219,
            "common_shares": 2537362,
            "book_valuer_per_share": 21.5,
            "book_valuer_per_share_4q_avg": 21.32,
            "equity": 5642706,
            "current_ratio": 220.9,
            "debt_ratio": 31.43,
            "inventory_turnover_ratio": 0.59,
            "account_receivable_turnover_ratio": 0.99,
            "reinvestment_rate": 40.1,
            "research_to_sale_ratio": 4.13,
            "price_fair": 73.69,
            "eps_avg_yearly": 2.11,
            "eps_latest_yearly": 3.2,
            "eps_growth_yearly": 31.75
        },
        "20141": {
            "year_quarter": 20141,
            "year": 2014,
            "quarter": 1,
            "eps": 0.71,
            "eps_growth_year": 26.79,
            "eps_4q": 2.59,
            "eps_4q_growth_year": 40.18,
            "roe": 3.16,
            "roe_4q": 11.72,
            "gross_profit": 612465,
            "gross_margin": 45.58,
            "gross_margin_4q_avg": 44.99,
            "net_income": 182123,
            "revenue": 1343811,
            "common_shares": 2537362,
            "book_valuer_per_share": 22.38,
            "book_valuer_per_share_4q_avg": 21.42,
            "equity": 5869399,
            "current_ratio": 232.99,
            "debt_ratio": 30.63,
            "inventory_turnover_ratio": 0.56,
            "account_receivable_turnover_ratio": 0.94,
            "reinvestment_rate": 150.56,
            "research_to_sale_ratio": 6.03,
            "price_fair": 75.83,
            "eps_avg_yearly": 2.17,
            "eps_latest_yearly": 2.84,
            "eps_growth_yearly": 25.35
        },
        "20142": {
            "year_quarter": 20142,
            "year": 2014,
            "quarter": 2,
            "eps": 0.73,
            "eps_growth_year": 35.19,
            "eps_4q": 2.79,
            "eps_4q_growth_year": 52.52,
            "roe": 3.27,
            "roe_4q": 12.57,
            "gross_profit": 692251,
            "gross_margin": 46.14,
            "gross_margin_4q_avg": 44.63,
            "net_income": 185903,
            "revenue": 1500420,
            "common_shares": 2537362,
            "book_valuer_per_share": 21,
            "book_valuer_per_share_4q_avg": 21.49,
            "equity": 5515183,
            "current_ratio": 187.41,
            "debt_ratio": 35.97,
            "inventory_turnover_ratio": 0.63,
            "account_receivable_turnover_ratio": 1.02,
            "reinvestment_rate": 139.06,
            "research_to_sale_ratio": 5.85,
            "price_fair": 76.23,
            "eps_avg_yearly": 2.22,
            "eps_latest_yearly": 2.92,
            "eps_growth_yearly": 24.27
        },
        "20143": {
            "year_quarter": 20143,
            "year": 2014,
            "quarter": 3,
            "eps": 0.77,
            "eps_growth_year": 40,
            "eps_4q": 3.01,
            "eps_4q_growth_year": 45.63,
            "roe": 3.49,
            "roe_4q": 13.56,
            "gross_profit": 652659,
            "gross_margin": 44.97,
            "gross_margin_4q_avg": 45.33,
            "net_income": 196070,
            "revenue": 1451420,
            "common_shares": 2537362,
            "book_valuer_per_share": 21.82,
            "book_valuer_per_share_4q_avg": 21.68,
            "equity": 5730528,
            "current_ratio": 214.06,
            "debt_ratio": 30.9,
            "inventory_turnover_ratio": 0.61,
            "account_receivable_turnover_ratio": 0.96,
            "reinvestment_rate": 134.34,
            "research_to_sale_ratio": 5.37,
            "price_fair": 77.94,
            "eps_avg_yearly": 2.29,
            "eps_latest_yearly": 3.08,
            "eps_growth_yearly": 24.1
        },
        "20144": {
            "year_quarter": 20144,
            "year": 2014,
            "quarter": 4,
            "eps": 0.63,
            "eps_growth_year": -21.28,
            "eps_4q": 2.84,
            "eps_4q_growth_year": 16.33,
            "roe": 2.82,
            "roe_4q": 12.74,
            "gross_profit": 708124,
            "gross_margin": 46.26,
            "gross_margin_4q_avg": 45.74,
            "net_income": 164171,
            "revenue": 1530904,
            "common_shares": 2537362,
            "book_valuer_per_share": 22.43,
            "book_valuer_per_share_4q_avg": 21.91,
            "equity": 5895609,
            "current_ratio": 206.3,
            "debt_ratio": 32.17,
            "inventory_turnover_ratio": 0.6,
            "account_receivable_turnover_ratio": 1.03,
            "reinvestment_rate": 12.98,
            "research_to_sale_ratio": 8.63,
            "price_fair": 63.62,
            "eps_avg_yearly": 2.3,
            "eps_latest_yearly": 2.52,
            "eps_growth_yearly": 17.64
        },
        "20151": {
            "year_quarter": 20151,
            "year": 2015,
            "quarter": 1,
            "eps": 0.78,
            "eps_growth_year": 9.86,
            "eps_4q": 2.9,
            "eps_4q_growth_year": 11.94,
            "roe": 3.31,
            "roe_4q": 12.89,
            "gross_profit": 633734,
            "gross_margin": 43.9,
            "gross_margin_4q_avg": 45.32,
            "net_income": 197547,
            "revenue": 1443608,
            "common_shares": 2537362,
            "book_valuer_per_share": 22.99,
            "book_valuer_per_share_4q_avg": 22.06,
            "equity": 6035602,
            "current_ratio": 209.88,
            "debt_ratio": 32.47,
            "inventory_turnover_ratio": 0.57,
            "account_receivable_turnover_ratio": 0.96,
            "reinvestment_rate": 10.09,
            "research_to_sale_ratio": 6.62,
            "price_fair": 76.44,
            "eps_avg_yearly": 2.35,
            "eps_latest_yearly": 3.12,
            "eps_growth_yearly": 22.49
        },
        "20152": {
            "year_quarter": 20152,
            "year": 2015,
            "quarter": 2,
            "eps": 0.63,
            "eps_growth_year": -13.7,
            "eps_4q": 2.7,
            "eps_4q_growth_year": -3.22,
            "roe": 2.91,
            "roe_4q": 12.530000000000001,
            "gross_profit": 660207,
            "gross_margin": 42.82,
            "gross_margin_4q_avg": 44.49,
            "net_income": 169976,
            "revenue": 1541786,
            "common_shares": 2537362,
            "book_valuer_per_share": 21.42,
            "book_valuer_per_share_4q_avg": 22.17,
            "equity": 5636113,
            "current_ratio": 172.26,
            "debt_ratio": 38.96,
            "inventory_turnover_ratio": 0.61,
            "account_receivable_turnover_ratio": 1.01,
            "reinvestment_rate": 8.99,
            "research_to_sale_ratio": 4.2,
            "price_fair": 69.57,
            "eps_avg_yearly": 2.37,
            "eps_latest_yearly": 2.52,
            "eps_growth_yearly": 19.35
        },
        "20153": {
            "year_quarter": 20153,
            "year": 2015,
            "quarter": 3,
            "eps": 0.83,
            "eps_growth_year": 7.79,
            "eps_4q": 2.8,
            "eps_4q_growth_year": -7.01,
            "roe": 3.79,
            "roe_4q": 12.83,
            "gross_profit": 680560,
            "gross_margin": 46.47,
            "gross_margin_4q_avg": 44.86,
            "net_income": 218443,
            "revenue": 1464381,
            "common_shares": 2664230,
            "book_valuer_per_share": 21.28,
            "book_valuer_per_share_4q_avg": 22.03,
            "equity": 5888592,
            "current_ratio": 230.21,
            "debt_ratio": 34.01,
            "inventory_turnover_ratio": 0.5,
            "account_receivable_turnover_ratio": 0.93,
            "reinvestment_rate": 5.31,
            "research_to_sale_ratio": 5.67,
            "price_fair": 86.8,
            "eps_avg_yearly": 2.48,
            "eps_latest_yearly": 3.32,
            "eps_growth_yearly": 34.88
        },
        "20154": {
            "year_quarter": 20154,
            "year": 2015,
            "quarter": 4,
            "eps": 1.16,
            "eps_growth_year": 83.58,
            "eps_4q": 3.35,
            "eps_4q_growth_year": 18.15,
            "roe": 5.14,
            "roe_4q": 15.15,
            "gross_profit": 731139,
            "gross_margin": 46.15,
            "gross_margin_4q_avg": 44.84,
            "net_income": 309433,
            "revenue": 1584394,
            "common_shares": 2664230,
            "book_valuer_per_share": 22.3,
            "book_valuer_per_share_4q_avg": 22,
            "equity": 6159614,
            "current_ratio": 214.35,
            "debt_ratio": 33.52,
            "inventory_turnover_ratio": 0.5,
            "account_receivable_turnover_ratio": 0.98,
            "reinvestment_rate": 13.81,
            "research_to_sale_ratio": 3.6,
            "price_fair": 91.44,
            "eps_avg_yearly": 2.61,
            "eps_latest_yearly": 4.64,
            "eps_growth_yearly": 29.43
        },
        "20161": {
            "year_quarter": 20161,
            "year": 2016,
            "quarter": 1,
            "eps": 0.53,
            "eps_growth_year": -32.05,
            "eps_4q": 3.15,
            "eps_4q_growth_year": 8.45,
            "roe": 2.23,
            "roe_4q": 14.07,
            "gross_profit": 668824,
            "gross_margin": 46.42,
            "gross_margin_4q_avg": 45.47,
            "net_income": 139913,
            "revenue": 1440871,
            "common_shares": 2664230,
            "book_valuer_per_share": 23.08,
            "book_valuer_per_share_4q_avg": 22.02,
            "equity": 6379743,
            "current_ratio": 225.27,
            "debt_ratio": 32.44,
            "inventory_turnover_ratio": 0.43,
            "account_receivable_turnover_ratio": 0.92,
            "reinvestment_rate": 20.29,
            "research_to_sale_ratio": 6.67,
            "price_fair": 85.75,
            "eps_avg_yearly": 2.63,
            "eps_latest_yearly": 2.12,
            "eps_growth_yearly": 22.6
        },
        "20162": {
            "year_quarter": 20162,
            "year": 2016,
            "quarter": 2,
            "eps": 1.17,
            "eps_growth_year": 85.71,
            "eps_4q": 3.69,
            "eps_4q_growth_year": 36.75,
            "roe": 4.9,
            "roe_4q": 16.06,
            "gross_profit": 671475,
            "gross_margin": 42.34,
            "gross_margin_4q_avg": 45.35,
            "net_income": 302933,
            "revenue": 1585935,
            "common_shares": 2664230,
            "book_valuer_per_share": 21.68,
            "book_valuer_per_share_4q_avg": 22.09,
            "equity": 5995901,
            "current_ratio": 139.52,
            "debt_ratio": 43.22,
            "inventory_turnover_ratio": 0.46,
            "account_receivable_turnover_ratio": 1.02,
            "reinvestment_rate": 48.29,
            "research_to_sale_ratio": 5.94,
            "price_fair": 97.39,
            "eps_avg_yearly": 2.78,
            "eps_latest_yearly": 4.68,
            "eps_growth_yearly": 47.36
        },
        "20163": {
            "year_quarter": 20163,
            "year": 2016,
            "quarter": 3,
            "eps": 0.37,
            "eps_growth_year": -55.42,
            "eps_4q": 3.24,
            "eps_4q_growth_year": 15.71,
            "roe": 1.43,
            "roe_4q": 13.7,
            "gross_profit": 618953,
            "gross_margin": 39.6,
            "gross_margin_4q_avg": 43.63,
            "net_income": 86068,
            "revenue": 1562896,
            "common_shares": 2664230,
            "book_valuer_per_share": 21.83,
            "book_valuer_per_share_4q_avg": 22.22,
            "equity": 6034214,
            "current_ratio": 146.68,
            "debt_ratio": 40.22,
            "inventory_turnover_ratio": 0.44,
            "account_receivable_turnover_ratio": 1,
            "reinvestment_rate": 43.8,
            "research_to_sale_ratio": 5.24,
            "price_fair": 97.91,
            "eps_avg_yearly": 2.8,
            "eps_latest_yearly": 1.48,
            "eps_growth_yearly": 41.42
        },
        "20164": {
            "year_quarter": 20164,
            "year": 2016,
            "quarter": 4,
            "eps": 0.39,
            "eps_growth_year": -66.29,
            "eps_4q": 2.47,
            "eps_4q_growth_year": -26.31,
            "roe": 1.34,
            "roe_4q": 9.9,
            "gross_profit": 621947,
            "gross_margin": 38.84,
            "gross_margin_4q_avg": 41.8,
            "net_income": 80492,
            "revenue": 1601160,
            "common_shares": 2664230,
            "book_valuer_per_share": 21.85,
            "book_valuer_per_share_4q_avg": 22.11,
            "equity": 6016402,
            "current_ratio": 145.95,
            "debt_ratio": 40.96,
            "inventory_turnover_ratio": 0.48,
            "account_receivable_turnover_ratio": 1.03,
            "reinvestment_rate": 43.41,
            "research_to_sale_ratio": 3.11,
            "price_fair": 97.56,
            "eps_avg_yearly": 2.79,
            "eps_latest_yearly": 1.56,
            "eps_growth_yearly": 33.1
        },
        "20171": {
            "year_quarter": 20171,
            "year": 2017,
            "quarter": 1,
            "eps": 0.63,
            "eps_growth_year": 18.87,
            "eps_4q": 2.56,
            "eps_4q_growth_year": -18.55,
            "roe": 2.71,
            "roe_4q": 10.379999999999999,
            "gross_profit": 685477,
            "gross_margin": 44.29,
            "gross_margin_4q_avg": 41.27,
            "net_income": 163756,
            "revenue": 1547552,
            "common_shares": 2664230,
            "book_valuer_per_share": 22.17,
            "book_valuer_per_share_4q_avg": 21.88,
            "equity": 6088974,
            "current_ratio": 138,
            "debt_ratio": 41.38,
            "inventory_turnover_ratio": 0.44,
            "account_receivable_turnover_ratio": 1,
            "reinvestment_rate": 41.26,
            "research_to_sale_ratio": 5.55,
            "price_fair": 98.18,
            "eps_avg_yearly": 2.81,
            "eps_latest_yearly": 2.52,
            "eps_growth_yearly": 40.92
        },
        "20172": {
            "year_quarter": 20172,
            "year": 2017,
            "quarter": 2,
            "eps": 0.5,
            "eps_growth_year": -57.26,
            "eps_4q": 1.89,
            "eps_4q_growth_year": -48.67,
            "roe": 2.08,
            "roe_4q": 7.56,
            "gross_profit": 647772,
            "gross_margin": 41.53,
            "gross_margin_4q_avg": 41.07,
            "net_income": 124169,
            "revenue": 1559665,
            "common_shares": 2664230,
            "book_valuer_per_share": 21.24,
            "book_valuer_per_share_4q_avg": 21.77,
            "equity": 5823887,
            "current_ratio": 120.75,
            "debt_ratio": 45.82,
            "inventory_turnover_ratio": 0.46,
            "account_receivable_turnover_ratio": 1.01,
            "reinvestment_rate": 61.25,
            "research_to_sale_ratio": 7.04,
            "price_fair": 97.83,
            "eps_avg_yearly": 2.8,
            "eps_latest_yearly": 2,
            "eps_growth_yearly": 36.66
        },
        "20173": {
            "year_quarter": 20173,
            "year": 2017,
            "quarter": 3,
            "eps": 0.39,
            "eps_growth_year": 5.41,
            "eps_4q": 1.9,
            "eps_4q_growth_year": -41.16,
            "roe": 1.52,
            "roe_4q": 7.65,
            "gross_profit": 645547,
            "gross_margin": 37.75,
            "gross_margin_4q_avg": 40.6,
            "net_income": 89289,
            "revenue": 1710009,
            "common_shares": 2664230,
            "book_valuer_per_share": 21.7,
            "book_valuer_per_share_4q_avg": 21.74,
            "equity": 5936828,
            "current_ratio": 123.17,
            "debt_ratio": 45.15,
            "inventory_turnover_ratio": 0.53,
            "account_receivable_turnover_ratio": 1.09,
            "reinvestment_rate": 62.5,
            "research_to_sale_ratio": 4.39,
            "price_fair": 96.43,
            "eps_avg_yearly": 2.76,
            "eps_latest_yearly": 1.56,
            "eps_growth_yearly": 30.7
        },
        "20174": {
            "year_quarter": 20174,
            "year": 2017,
            "quarter": 4,
            "eps": 0.41,
            "eps_growth_year": 6.5,
            "eps_4q": 1.93,
            "eps_4q_growth_year": -21.91,
            "roe": 1.51,
            "roe_4q": 7.82,
            "gross_profit": 728468,
            "gross_margin": 40.35,
            "gross_margin_4q_avg": 40.98,
            "net_income": 90359,
            "revenue": 1805409,
            "common_shares": 2664230,
            "book_valuer_per_share": 22.08,
            "book_valuer_per_share_4q_avg": 21.8,
            "equity": 6022801,
            "current_ratio": 116.34,
            "debt_ratio": 45.34,
            "inventory_turnover_ratio": 0.53,
            "account_receivable_turnover_ratio": 1.07,
            "reinvestment_rate": 63.86,
            "research_to_sale_ratio": 4.5,
            "price_fair": 81.36,
            "eps_avg_yearly": 2.66,
            "eps_latest_yearly": 1.64,
            "eps_growth_yearly": 20.61
        },
        "20181": {
            "year_quarter": 20181,
            "year": 2018,
            "quarter": 1,
            "eps": 0.63,
            "eps_growth_year": 0,
            "eps_4q": 1.94,
            "eps_4q_growth_year": -24.42,
            "roe": 2.72,
            "roe_4q": 7.83,
            "gross_profit": 812495,
            "gross_margin": 46.48,
            "gross_margin_4q_avg": 41.53,
            "net_income": 167029,
            "revenue": 1747959,
            "common_shares": 2664230,
            "book_valuer_per_share": 22.91,
            "book_valuer_per_share_4q_avg": 21.98,
            "equity": 6240452,
            "current_ratio": 118.04,
            "debt_ratio": 44.54,
            "inventory_turnover_ratio": 0.45,
            "account_receivable_turnover_ratio": 1,
            "reinvestment_rate": 61.41,
            "research_to_sale_ratio": 4.48,
            "price_fair": 92.31,
            "eps_avg_yearly": 2.64,
            "eps_latest_yearly": 2.52,
            "eps_growth_yearly": 36.84
        },
        "20182": {
            "year_quarter": 20182,
            "year": 2018,
            "quarter": 2,
            "eps": 0.67,
            "eps_growth_year": 34,
            "eps_4q": 2.1,
            "eps_4q_growth_year": 11.12,
            "roe": 2.98,
            "roe_4q": 8.73,
            "gross_profit": 815100,
            "gross_margin": 45.36,
            "gross_margin_4q_avg": 42.49,
            "net_income": 181023,
            "revenue": 1797143,
            "common_shares": 2664230,
            "book_valuer_per_share": 21.6,
            "book_valuer_per_share_4q_avg": 22.07,
            "equity": 5891071,
            "current_ratio": 109.39,
            "debt_ratio": 48.95,
            "inventory_turnover_ratio": 0.46,
            "account_receivable_turnover_ratio": 0.99,
            "reinvestment_rate": 62.76,
            "research_to_sale_ratio": 4.14,
            "price_fair": 91.79,
            "eps_avg_yearly": 2.62,
            "eps_latest_yearly": 2.68,
            "eps_growth_yearly": 37.72
        },
        "20183": {
            "year_quarter": 20183,
            "year": 2018,
            "quarter": 3,
            "eps": 0.69,
            "eps_growth_year": 76.92,
            "eps_4q": 2.41,
            "eps_4q_growth_year": 26.59,
            "roe": 2.99,
            "roe_4q": 10.200000000000001,
            "gross_profit": 901212,
            "gross_margin": 48.14,
            "gross_margin_4q_avg": 45.08,
            "net_income": 177953,
            "revenue": 1872109,
            "common_shares": 2664230,
            "book_valuer_per_share": 22.11,
            "book_valuer_per_share_4q_avg": 22.18,
            "equity": 6019754,
            "current_ratio": 118.78,
            "debt_ratio": 48.07,
            "inventory_turnover_ratio": 0.43,
            "account_receivable_turnover_ratio": 0.98,
            "reinvestment_rate": 61.31,
            "research_to_sale_ratio": 5.33,
            "price_fair": 91.09,
            "eps_avg_yearly": 2.6,
            "eps_latest_yearly": 2.76,
            "eps_growth_yearly": 37.1
        },
        "20184": {
            "year_quarter": 20184,
            "year": 2018,
            "quarter": 4,
            "eps": 0.64,
            "eps_growth_year": 54.13,
            "eps_4q": 2.64,
            "eps_4q_growth_year": 36.56,
            "roe": 2.61,
            "roe_4q": 11.3,
            "gross_profit": 906156,
            "gross_margin": 43.22,
            "gross_margin_4q_avg": 45.8,
            "net_income": 159247,
            "revenue": 2096475,
            "common_shares": 2664230,
            "book_valuer_per_share": 22.84,
            "book_valuer_per_share_4q_avg": 22.37,
            "equity": 6199429,
            "current_ratio": 121.19,
            "debt_ratio": 47.31,
            "inventory_turnover_ratio": 0.52,
            "account_receivable_turnover_ratio": 1.08,
            "reinvestment_rate": 65.07,
            "research_to_sale_ratio": 5.64,
            "price_fair": 91.18,
            "eps_avg_yearly": 2.61,
            "eps_latest_yearly": 2.56,
            "eps_growth_yearly": 39.83
        },
        "20191": {
            "year_quarter": 20191,
            "year": 2019,
            "quarter": 1,
            "eps": 0.63,
            "eps_growth_year": 0,
            "eps_4q": 2.63,
            "eps_4q_growth_year": 35.69,
            "roe": 2.61,
            "roe_4q": 11.190000000000001,
            "gross_profit": 833231,
            "gross_margin": 46.47,
            "gross_margin_4q_avg": 45.8,
            "net_income": 164221,
            "revenue": 1793139,
            "common_shares": 2664230,
            "book_valuer_per_share": 23.55,
            "book_valuer_per_share_4q_avg": 22.53,
            "equity": 6387307,
            "current_ratio": 127.54,
            "debt_ratio": 46.35,
            "inventory_turnover_ratio": 0.4,
            "account_receivable_turnover_ratio": 0.95,
            "reinvestment_rate": 63.77,
            "research_to_sale_ratio": 4.9,
            "price_fair": 89.86,
            "eps_avg_yearly": 2.57,
            "eps_latest_yearly": 2.52,
            "eps_growth_yearly": 33.49
        },
        "20192": {
            "year_quarter": 20192,
            "year": 2019,
            "quarter": 2,
            "eps": 0.77,
            "eps_growth_year": 14.93,
            "eps_4q": 2.73,
            "eps_4q_growth_year": 29.67,
            "roe": 3.3,
            "roe_4q": 11.51,
            "gross_profit": 973219,
            "gross_margin": 47.14,
            "gross_margin_4q_avg": 46.24,
            "net_income": 204870,
            "revenue": 2064672,
            "common_shares": 2664230,
            "book_valuer_per_share": 22.12,
            "book_valuer_per_share_4q_avg": 22.66,
            "equity": 6035637,
            "current_ratio": 118.6,
            "debt_ratio": 50.61,
            "inventory_turnover_ratio": 0.44,
            "account_receivable_turnover_ratio": 1.08,
            "reinvestment_rate": 63.7,
            "research_to_sale_ratio": 4.6,
            "price_fair": 91.09,
            "eps_avg_yearly": 2.6,
            "eps_latest_yearly": 3.08,
            "eps_growth_yearly": 43.85
        },
        "20193": {
            "year_quarter": 20193,
            "year": 2019,
            "quarter": 3,
            "eps": 0.51,
            "eps_growth_year": -26.09,
            "eps_4q": 2.54,
            "eps_4q_growth_year": 5.56,
            "roe": 2.25,
            "roe_4q": 10.77,
            "gross_profit": 987807,
            "gross_margin": 48.02,
            "gross_margin_4q_avg": 46.21,
            "net_income": 137694,
            "revenue": 2057228,
            "common_shares": 2664230,
            "book_valuer_per_share": 22.65,
            "book_valuer_per_share_4q_avg": 22.79,
            "equity": 6182458,
            "current_ratio": 115.11,
            "debt_ratio": 49.64,
            "inventory_turnover_ratio": 0.42,
            "account_receivable_turnover_ratio": 1.06,
            "reinvestment_rate": 71.76,
            "research_to_sale_ratio": 5.6,
            "price_fair": 88.29,
            "eps_avg_yearly": 2.52,
            "eps_latest_yearly": 2.04,
            "eps_growth_yearly": 27.48
        },
        "20194": {
            "year_quarter": 20194,
            "year": 2019,
            "quarter": 4,
            "eps": 0.9,
            "eps_growth_year": 41.54,
            "eps_4q": 2.81,
            "eps_4q_growth_year": 6.64,
            "roe": 3.92,
            "roe_4q": 12.079999999999998,
            "gross_profit": 1013515,
            "gross_margin": 44.52,
            "gross_margin_4q_avg": 46.54,
            "net_income": 247226,
            "revenue": 2276492,
            "common_shares": 2664230,
            "book_valuer_per_share": 23.46,
            "book_valuer_per_share_4q_avg": 22.95,
            "equity": 6418825,
            "current_ratio": 119.8,
            "debt_ratio": 48.07,
            "inventory_turnover_ratio": 0.5,
            "account_receivable_turnover_ratio": 1.18,
            "reinvestment_rate": 66.7,
            "research_to_sale_ratio": 4.4,
            "price_fair": 86.01,
            "eps_avg_yearly": 2.46,
            "eps_latest_yearly": 3.6,
            "eps_growth_yearly": 36.65
        },
        "20201": {
            "year_quarter": 20201,
            "year": 2020,
            "quarter": 1,
            "eps": 0.96,
            "eps_growth_year": 52.38,
            "eps_4q": 3.14,
            "eps_4q_growth_year": 19.31,
            "roe": 3.94,
            "roe_4q": 13.41,
            "gross_profit": 915638,
            "gross_margin": 46.13,
            "gross_margin_4q_avg": 46.45,
            "net_income": 257217,
            "revenue": 1984858,
            "common_shares": 2664230,
            "book_valuer_per_share": 24.29,
            "book_valuer_per_share_4q_avg": 23.13,
            "equity": 6640544,
            "current_ratio": 125.96,
            "debt_ratio": 45.95,
            "inventory_turnover_ratio": 0.43,
            "account_receivable_turnover_ratio": 1.05,
            "reinvestment_rate": 58.5,
            "research_to_sale_ratio": 4.93,
            "price_fair": 89.78,
            "eps_avg_yearly": 2.57,
            "eps_latest_yearly": 3.84,
            "eps_growth_yearly": 51.9
        },
        "20202": {
            "year_quarter": 20202,
            "year": 2020,
            "quarter": 2,
            "eps": 0.64,
            "eps_growth_year": -16.88,
            "eps_4q": 3,
            "eps_4q_growth_year": 10.07,
            "roe": 2.67,
            "roe_4q": 12.78,
            "gross_profit": 902166,
            "gross_margin": 46.48,
            "gross_margin_4q_avg": 46.29,
            "net_income": 171733,
            "revenue": 1940854,
            "common_shares": 2664230,
            "book_valuer_per_share": 22.83,
            "book_valuer_per_share_4q_avg": 23.31,
            "equity": 6246231,
            "current_ratio": 127.4,
            "debt_ratio": 49.45,
            "inventory_turnover_ratio": 0.39,
            "account_receivable_turnover_ratio": 1.09,
            "reinvestment_rate": 25.48,
            "research_to_sale_ratio": 5.07,
            "price_fair": 56.86,
            "eps_avg_yearly": 2.43,
            "eps_latest_yearly": 2.56,
            "eps_growth_yearly": 13.38
        },
        "20203": {
            "year_quarter": 20203,
            "year": 2020,
            "quarter": 3,
            "eps": 0.65,
            "eps_growth_year": 27.45,
            "eps_4q": 3.15,
            "eps_4q_growth_year": 23.75,
            "roe": 2.72,
            "roe_4q": 13.25,
            "gross_profit": 921675,
            "gross_margin": 47.41,
            "gross_margin_4q_avg": 46.14,
            "net_income": 172857,
            "revenue": 1943971,
            "common_shares": 2664230,
            "book_valuer_per_share": 23.6,
            "book_valuer_per_share_4q_avg": 23.55,
            "equity": 6451964,
            "current_ratio": 136.09,
            "debt_ratio": 47.99,
            "inventory_turnover_ratio": 0.36,
            "account_receivable_turnover_ratio": 1.13,
            "reinvestment_rate": 27.03,
            "research_to_sale_ratio": 5.4,
            "price_fair": 87.59,
            "eps_avg_yearly": 2.5,
            "eps_latest_yearly": 2.6,
            "eps_growth_yearly": 30.86
        },
        "20204": {
            "year_quarter": 20204,
            "year": 2020,
            "quarter": 4,
            "eps": 0.73,
            "eps_growth_year": -19.59,
            "eps_4q": 2.97,
            "eps_4q_growth_year": 5.76,
            "roe": 2.75,
            "roe_4q": 12.08,
            "gross_profit": 942640,
            "gross_margin": 42.56,
            "gross_margin_4q_avg": 45.65,
            "net_income": 179327,
            "revenue": 2214981,
            "common_shares": 2664230,
            "book_valuer_per_share": 24.04,
            "book_valuer_per_share_4q_avg": 23.69,
            "equity": 6576262,
            "current_ratio": 149.93,
            "debt_ratio": 47.86,
            "inventory_turnover_ratio": 0.44,
            "account_receivable_turnover_ratio": 1.31,
            "reinvestment_rate": 29.04,
            "research_to_sale_ratio": 4.94,
            "price_fair": 90.56,
            "eps_avg_yearly": 2.59,
            "eps_latest_yearly": 2.92,
            "eps_growth_yearly": 32.59
        },
        "20211": {
            "year_quarter": 20211,
            "year": 2021,
            "quarter": 1,
            "eps": 0.62,
            "eps_growth_year": -35.42,
            "eps_4q": 2.64,
            "eps_4q_growth_year": -15.88,
            "roe": 2.53,
            "roe_4q": 10.67,
            "gross_profit": 850729,
            "gross_margin": 47.83,
            "gross_margin_4q_avg": 46.07,
            "net_income": 168631,
            "revenue": 1778832,
            "common_shares": 2664230,
            "book_valuer_per_share": 24.54,
            "book_valuer_per_share_4q_avg": 23.75,
            "equity": 6780131,
            "current_ratio": 173.29,
            "debt_ratio": 42.65,
            "inventory_turnover_ratio": 0.33,
            "account_receivable_turnover_ratio": 1.11,
            "reinvestment_rate": 29,
            "research_to_sale_ratio": 5.74,
            "price_fair": 60.58,
            "eps_avg_yearly": 2.59,
            "eps_latest_yearly": 2.48,
            "eps_growth_yearly": 13.43
        },
        "20212": {
            "year_quarter": 20212,
            "year": 2021,
            "quarter": 2,
            "eps": 0.7,
            "eps_growth_year": 9.38,
            "eps_4q": 2.71,
            "eps_4q_growth_year": -9.87,
            "roe": 2.8,
            "roe_4q": 10.8,
            "gross_profit": 941530,
            "gross_margin": 49.06,
            "gross_margin_4q_avg": 46.72,
            "net_income": 192081,
            "revenue": 1919083,
            "common_shares": 2664230,
            "book_valuer_per_share": 25.14,
            "book_valuer_per_share_4q_avg": 24.33,
            "equity": 6933333,
            "current_ratio": 171.12,
            "debt_ratio": 42.83,
            "inventory_turnover_ratio": 0.33,
            "account_receivable_turnover_ratio": 1.22,
            "reinvestment_rate": -2.99,
            "research_to_sale_ratio": 5.56,
            "price_fair": 83.84,
            "eps_avg_yearly": 2.64,
            "eps_latest_yearly": 2.8,
            "eps_growth_yearly": 21.82
        },
        "20213": {
            "year_quarter": 20213,
            "year": 2021,
            "quarter": 3,
            "eps": 0.65,
            "eps_growth_year": 0,
            "eps_4q": 2.71,
            "eps_4q_growth_year": -14.04,
            "roe": 2.68,
            "roe_4q": 10.76,
            "gross_profit": 959148,
            "gross_margin": 47.37,
            "gross_margin_4q_avg": 46.71,
            "net_income": 180922,
            "revenue": 2024783,
            "common_shares": 2664230,
            "book_valuer_per_share": 23.73,
            "book_valuer_per_share_4q_avg": 24.36,
            "equity": 6564562,
            "current_ratio": 162.7,
            "debt_ratio": 45.25,
            "inventory_turnover_ratio": 0.35,
            "account_receivable_turnover_ratio": 1.2,
            "reinvestment_rate": -5.16,
            "research_to_sale_ratio": 5.22,
            "price_fair": 94.5,
            "eps_avg_yearly": 2.7,
            "eps_latest_yearly": 2.6,
            "eps_growth_yearly": 25.53
        },
        "20214": {
            "year_quarter": 20214,
            "year": 2021,
            "quarter": 4,
            "eps": 0.79,
            "eps_growth_year": 7.99,
            "eps_4q": 2.77,
            "eps_4q_growth_year": -6.96,
            "roe": 3.22,
            "roe_4q": 11.229999999999999,
            "gross_profit": 971839,
            "gross_margin": 46.67,
            "gross_margin_4q_avg": 47.73,
            "net_income": 214659,
            "revenue": 2082357,
            "common_shares": 2664230,
            "book_valuer_per_share": 24.55,
            "book_valuer_per_share_4q_avg": 24.49,
            "equity": 6788099,
            "current_ratio": 174.76,
            "debt_ratio": 43.48,
            "inventory_turnover_ratio": 0.36,
            "account_receivable_turnover_ratio": 1.19,
            "reinvestment_rate": -8.59,
            "research_to_sale_ratio": 3.89,
            "price_fair": 97.83,
            "eps_avg_yearly": 2.8,
            "eps_latest_yearly": 3.16,
            "eps_growth_yearly": 29.64
        },
        "20221": {
            "year_quarter": 20221,
            "year": 2022,
            "quarter": 1,
            "eps": 0.84,
            "eps_growth_year": 35.48,
            "eps_4q": 2.99,
            "eps_4q_growth_year": 13.17,
            "roe": 3.42,
            "roe_4q": 12.120000000000001,
            "gross_profit": 924422,
            "gross_margin": 47.3,
            "gross_margin_4q_avg": 47.6,
            "net_income": 236610,
            "revenue": 1954422,
            "common_shares": 2664230,
            "book_valuer_per_share": 25.52,
            "book_valuer_per_share_4q_avg": 24.74,
            "equity": 7065777,
            "current_ratio": 201.06,
            "debt_ratio": 41.89,
            "inventory_turnover_ratio": 0.33,
            "account_receivable_turnover_ratio": 1.14,
            "reinvestment_rate": -7.1,
            "research_to_sale_ratio": 5.02,
            "price_fair": 79.17,
            "eps_avg_yearly": 2.85,
            "eps_latest_yearly": 3.36,
            "eps_growth_yearly": 17.8
        },
        "20222": {
            "year_quarter": 20222,
            "year": 2022,
            "quarter": 2,
            "eps": 1.03,
            "eps_growth_year": 47.14,
            "eps_4q": 3.31,
            "eps_4q_growth_year": 22.29,
            "roe": 3.95,
            "roe_4q": 13.27,
            "gross_profit": 924467,
            "gross_margin": 47.28,
            "gross_margin_4q_avg": 47.16,
            "net_income": 271346,
            "revenue": 1955411,
            "common_shares": 2664230,
            "book_valuer_per_share": 24.72,
            "book_valuer_per_share_4q_avg": 24.63,
            "equity": 6679155,
            "current_ratio": 192.71,
            "debt_ratio": 44.64,
            "inventory_turnover_ratio": 0.34,
            "account_receivable_turnover_ratio": 1.26,
            "reinvestment_rate": -20.79,
            "research_to_sale_ratio": 5.16,
            "price_fair": 93.62,
            "eps_avg_yearly": 2.94,
            "eps_latest_yearly": 4.12,
            "eps_growth_yearly": 21.87
        },
        "20223": {
            "year_quarter": 20223,
            "year": 2022,
            "quarter": 3,
            "eps": 0.96,
            "eps_growth_year": 47.69,
            "eps_4q": 3.62,
            "eps_4q_growth_year": 33.54,
            "roe": 3.7,
            "roe_4q": 14.290000000000001,
            "gross_profit": 665181,
            "gross_margin": 40.93,
            "gross_margin_4q_avg": 45.55,
            "net_income": 252425,
            "revenue": 1624979,
            "common_shares": 2664230,
            "book_valuer_per_share": 25.79,
            "book_valuer_per_share_4q_avg": 25.15,
            "equity": 6966186,
            "current_ratio": 186.95,
            "debt_ratio": 40.28,
            "inventory_turnover_ratio": 0.33,
            "account_receivable_turnover_ratio": 1.13,
            "reinvestment_rate": -22.22,
            "research_to_sale_ratio": 4.51,
            "price_fair": 88.42,
            "eps_avg_yearly": 3.01,
            "eps_latest_yearly": 3.84,
            "eps_growth_yearly": 19.43
        },
        "20224": {
            "year_quarter": 20224,
            "year": 2022,
            "quarter": 4,
            "eps": 0.32,
            "eps_growth_year": -59.26,
            "eps_4q": 3.15,
            "eps_4q_growth_year": 13.9,
            "roe": 1.25,
            "roe_4q": 12.32,
            "gross_profit": 627266,
            "gross_margin": 35.3,
            "gross_margin_4q_avg": 42.7,
            "net_income": 91712,
            "revenue": 1776957,
            "common_shares": 2664230,
            "book_valuer_per_share": 26.88,
            "book_valuer_per_share_4q_avg": 25.73,
            "equity": 7703151,
            "current_ratio": 221.5,
            "debt_ratio": 35.01,
            "inventory_turnover_ratio": 0.41,
            "account_receivable_turnover_ratio": 1.12,
            "reinvestment_rate": -26.02,
            "research_to_sale_ratio": 4.2,
            "price_fair": 42.62,
            "eps_avg_yearly": 2.93,
            "eps_latest_yearly": 1.28,
            "eps_growth_yearly": 4.57
        },
        "20231": {
            "year_quarter": 20231,
            "year": 2023,
            "quarter": 1,
            "eps": 0.65,
            "eps_growth_year": -22.62,
            "eps_4q": 2.95,
            "eps_4q_growth_year": -1.11,
            "roe": 2.4,
            "roe_4q": 11.3,
            "gross_profit": 704036,
            "gross_margin": 42.13,
            "gross_margin_4q_avg": 41.41,
            "net_income": 179699,
            "revenue": 1671259,
            "common_shares": 2664230,
            "book_valuer_per_share": 25.21,
            "book_valuer_per_share_4q_avg": 25.65,
            "equity": 7287811,
            "current_ratio": 213.99,
            "debt_ratio": 36.39,
            "inventory_turnover_ratio": 0.36,
            "account_receivable_turnover_ratio": 1.04,
            "reinvestment_rate": -25.69,
            "research_to_sale_ratio": 6.07,
            "price_fair": 102.55,
            "eps_avg_yearly": 2.93,
            "eps_latest_yearly": 2.6,
            "eps_growth_yearly": 30.74
        }
    },
    "months": {
        "2011-01": {
            "month": "2011-01",
            "price": "40.51",
            "revenue": 423860
        },
        "2011-02": {
            "month": "2011-02",
            "price": "40.49",
            "revenue": 282522
        },
        "2011-03": {
            "month": "2011-03",
            "price": "40.06",
            "revenue": 364021
        },
        "2011-04": {
            "month": "2011-04",
            "price": "42.87",
            "revenue": 369112
        },
        "2011-05": {
            "month": "2011-05",
            "price": "55.09",
            "revenue": 457023
        },
        "2011-06": {
            "month": "2011-06",
            "price": "49.63",
            "revenue": 312141
        },
        "2011-07": {
            "month": "2011-07",
            "price": "53.08",
            "revenue": 334557
        },
        "2011-08": {
            "month": "2011-08",
            "price": "44.43",
            "revenue": 387707
        },
        "2011-09": {
            "month": "2011-09",
            "price": "39.69",
            "revenue": 371786
        },
        "2011-10": {
            "month": "2011-10",
            "price": "40.84",
            "revenue": 410491
        },
        "2011-11": {
            "month": "2011-11",
            "price": "43.26",
            "revenue": 414699
        },
        "2011-12": {
            "month": "2011-12",
            "price": "40.74",
            "revenue": 394948
        },
        "2012-01": {
            "month": "2012-01",
            "price": "40.63",
            "revenue": 407068
        },
        "2012-02": {
            "month": "2012-02",
            "price": "43.30",
            "revenue": 357115
        },
        "2012-03": {
            "month": "2012-03",
            "price": "42.61",
            "revenue": 409930
        },
        "2012-04": {
            "month": "2012-04",
            "price": "41.43",
            "revenue": 368794
        },
        "2012-05": {
            "month": "2012-05",
            "price": "40.90",
            "revenue": 476176
        },
        "2012-06": {
            "month": "2012-06",
            "price": "40.08",
            "revenue": 384437
        },
        "2012-07": {
            "month": "2012-07",
            "price": "39.54",
            "revenue": 362606
        },
        "2012-08": {
            "month": "2012-08",
            "price": "39.91",
            "revenue": 390094
        },
        "2012-09": {
            "month": "2012-09",
            "price": "40.52",
            "revenue": 339757
        },
        "2012-10": {
            "month": "2012-10",
            "price": "40.97",
            "revenue": 412483
        },
        "2012-11": {
            "month": "2012-11",
            "price": "40.15",
            "revenue": 411911
        },
        "2012-12": {
            "month": "2012-12",
            "price": "40.86",
            "revenue": 387362
        },
        "2013-01": {
            "month": "2013-01",
            "price": "40.89",
            "revenue": 478288
        },
        "2013-02": {
            "month": "2013-02",
            "price": "41.47",
            "revenue": 307691
        },
        "2013-03": {
            "month": "2013-03",
            "price": "41.41",
            "revenue": 366860
        },
        "2013-04": {
            "month": "2013-04",
            "price": "41.16",
            "revenue": 380509
        },
        "2013-05": {
            "month": "2013-05",
            "price": "41.46",
            "revenue": 474995
        },
        "2013-06": {
            "month": "2013-06",
            "price": "42.13",
            "revenue": 352298
        },
        "2013-07": {
            "month": "2013-07",
            "price": "43.22",
            "revenue": 410796
        },
        "2013-08": {
            "month": "2013-08",
            "price": "47.51",
            "revenue": 456653
        },
        "2013-09": {
            "month": "2013-09",
            "price": "51.62",
            "revenue": 430054
        },
        "2013-10": {
            "month": "2013-10",
            "price": "57.16",
            "revenue": 468866
        },
        "2013-11": {
            "month": "2013-11",
            "price": "55.25",
            "revenue": 494750
        },
        "2013-12": {
            "month": "2013-12",
            "price": "54.49",
            "revenue": 457396
        },
        "2014-01": {
            "month": "2014-01",
            "price": "56.41",
            "revenue": 539632
        },
        "2014-02": {
            "month": "2014-02",
            "price": "56.13",
            "revenue": 358137
        },
        "2014-03": {
            "month": "2014-03",
            "price": "55.25",
            "revenue": 448442
        },
        "2014-04": {
            "month": "2014-04",
            "price": "54.49",
            "revenue": 470970
        },
        "2014-05": {
            "month": "2014-05",
            "price": "64.14",
            "revenue": 584664
        },
        "2014-06": {
            "month": "2014-06",
            "price": "67.45",
            "revenue": 442386
        },
        "2014-07": {
            "month": "2014-07",
            "price": "61.46",
            "revenue": 474567
        },
        "2014-08": {
            "month": "2014-08",
            "price": "56.51",
            "revenue": 513185
        },
        "2014-09": {
            "month": "2014-09",
            "price": "57.95",
            "revenue": 463667
        },
        "2014-10": {
            "month": "2014-10",
            "price": "57.02",
            "revenue": 528176
        },
        "2014-11": {
            "month": "2014-11",
            "price": "54.46",
            "revenue": 517102
        },
        "2014-12": {
            "month": "2014-12",
            "price": "55.10",
            "revenue": 495604
        },
        "2015-01": {
            "month": "2015-01",
            "price": "54.34",
            "revenue": 541293
        },
        "2015-02": {
            "month": "2015-02",
            "price": "54.13",
            "revenue": 407996
        },
        "2015-03": {
            "month": "2015-03",
            "price": "54.57",
            "revenue": 494319
        },
        "2015-04": {
            "month": "2015-04",
            "price": "55.58",
            "revenue": 505374
        },
        "2015-05": {
            "month": "2015-05",
            "price": "55.12",
            "revenue": 535006
        },
        "2015-06": {
            "month": "2015-06",
            "price": "52.58",
            "revenue": 501406
        },
        "2015-07": {
            "month": "2015-07",
            "price": "51.08",
            "revenue": 496872
        },
        "2015-08": {
            "month": "2015-08",
            "price": "46.15",
            "revenue": 492049
        },
        "2015-09": {
            "month": "2015-09",
            "price": "44.97",
            "revenue": 475460
        },
        "2015-10": {
            "month": "2015-10",
            "price": "46.46",
            "revenue": 511131
        },
        "2015-11": {
            "month": "2015-11",
            "price": "48.07",
            "revenue": 529798
        },
        "2015-12": {
            "month": "2015-12",
            "price": "49.04",
            "revenue": 542472
        },
        "2016-01": {
            "month": "2016-01",
            "price": "46.53",
            "revenue": 586487
        },
        "2016-02": {
            "month": "2016-02",
            "price": "47.89",
            "revenue": 400223
        },
        "2016-03": {
            "month": "2016-03",
            "price": "48.93",
            "revenue": 455265
        },
        "2016-04": {
            "month": "2016-04",
            "price": "49.06",
            "revenue": 483506
        },
        "2016-05": {
            "month": "2016-05",
            "price": "47.05",
            "revenue": 560092
        },
        "2016-06": {
            "month": "2016-06",
            "price": "46.81",
            "revenue": 536034
        },
        "2016-07": {
            "month": "2016-07",
            "price": "47.28",
            "revenue": 546098
        },
        "2016-08": {
            "month": "2016-08",
            "price": "46.92",
            "revenue": 525484
        },
        "2016-09": {
            "month": "2016-09",
            "price": "47.59",
            "revenue": 496513
        },
        "2016-10": {
            "month": "2016-10",
            "price": "47.17",
            "revenue": 508119
        },
        "2016-11": {
            "month": "2016-11",
            "price": "45.93",
            "revenue": 559780
        },
        "2016-12": {
            "month": "2016-12",
            "price": "45.77",
            "revenue": 567907
        },
        "2017-01": {
            "month": "2017-01",
            "price": "45.51",
            "revenue": 564708
        },
        "2017-02": {
            "month": "2017-02",
            "price": "46.34",
            "revenue": 455509
        },
        "2017-03": {
            "month": "2017-03",
            "price": "46.00",
            "revenue": 527334
        },
        "2017-04": {
            "month": "2017-04",
            "price": "44.60",
            "revenue": 477370
        },
        "2017-05": {
            "month": "2017-05",
            "price": "43.94",
            "revenue": 548789
        },
        "2017-06": {
            "month": "2017-06",
            "price": "43.14",
            "revenue": 533506
        },
        "2017-07": {
            "month": "2017-07",
            "price": "42.32",
            "revenue": 545060
        },
        "2017-08": {
            "month": "2017-08",
            "price": "40.29",
            "revenue": 578584
        },
        "2017-09": {
            "month": "2017-09",
            "price": "40.09",
            "revenue": 586366
        },
        "2017-10": {
            "month": "2017-10",
            "price": "40.47",
            "revenue": 557757
        },
        "2017-11": {
            "month": "2017-11",
            "price": "40.12",
            "revenue": 635344
        },
        "2017-12": {
            "month": "2017-12",
            "price": "40.00",
            "revenue": 630052
        },
        "2018-01": {
            "month": "2018-01",
            "price": "40.35",
            "revenue": 693671
        },
        "2018-02": {
            "month": "2018-02",
            "price": "40.28",
            "revenue": 505542
        },
        "2018-03": {
            "month": "2018-03",
            "price": "40.81",
            "revenue": 548746
        },
        "2018-04": {
            "month": "2018-04",
            "price": "41.19",
            "revenue": 553422
        },
        "2018-05": {
            "month": "2018-05",
            "price": "41.27",
            "revenue": 644180
        },
        "2018-06": {
            "month": "2018-06",
            "price": "41.11",
            "revenue": 599541
        },
        "2018-07": {
            "month": "2018-07",
            "price": "40.20",
            "revenue": 568178
        },
        "2018-08": {
            "month": "2018-08",
            "price": "40.03",
            "revenue": 675259
        },
        "2018-09": {
            "month": "2018-09",
            "price": "40.48",
            "revenue": 628672
        },
        "2018-10": {
            "month": "2018-10",
            "price": "39.99",
            "revenue": 666546
        },
        "2018-11": {
            "month": "2018-11",
            "price": "39.80",
            "revenue": 726819
        },
        "2018-12": {
            "month": "2018-12",
            "price": "39.48",
            "revenue": 704998
        },
        "2019-01": {
            "month": "2019-01",
            "price": "40.00",
            "revenue": 730299
        },
        "2019-02": {
            "month": "2019-02",
            "price": "40.91",
            "revenue": 461736
        },
        "2019-03": {
            "month": "2019-03",
            "price": "41.35",
            "revenue": 601104
        },
        "2019-04": {
            "month": "2019-04",
            "price": "42.00",
            "revenue": 696808
        },
        "2019-05": {
            "month": "2019-05",
            "price": "42.10",
            "revenue": 735901
        },
        "2019-06": {
            "month": "2019-06",
            "price": "42.75",
            "revenue": 631963
        },
        "2019-07": {
            "month": "2019-07",
            "price": "42.52",
            "revenue": 660349
        },
        "2019-08": {
            "month": "2019-08",
            "price": "40.99",
            "revenue": 705945
        },
        "2019-09": {
            "month": "2019-09",
            "price": "41.70",
            "revenue": 690934
        },
        "2019-10": {
            "month": "2019-10",
            "price": "42.81",
            "revenue": 692240
        },
        "2019-11": {
            "month": "2019-11",
            "price": "42.89",
            "revenue": 733316
        },
        "2019-12": {
            "month": "2019-12",
            "price": "42.53",
            "revenue": 850936
        },
        "2020-01": {
            "month": "2020-01",
            "price": "43.15",
            "revenue": 700996
        },
        "2020-02": {
            "month": "2020-02",
            "price": "43.72",
            "revenue": 647895
        },
        "2020-03": {
            "month": "2020-03",
            "price": "42.55",
            "revenue": 635966
        },
        "2020-04": {
            "month": "2020-04",
            "price": "44.42",
            "revenue": 701613
        },
        "2020-05": {
            "month": "2020-05",
            "price": "47.36",
            "revenue": 613000
        },
        "2020-06": {
            "month": "2020-06",
            "price": "48.40",
            "revenue": 629220
        },
        "2020-07": {
            "month": "2020-07",
            "price": "47.56",
            "revenue": 668823
        },
        "2020-08": {
            "month": "2020-08",
            "price": "44.80",
            "revenue": 579203
        },
        "2020-09": {
            "month": "2020-09",
            "price": "43.99",
            "revenue": 692967
        },
        "2020-10": {
            "month": "2020-10",
            "price": "43.55",
            "revenue": 661566
        },
        "2020-11": {
            "month": "2020-11",
            "price": "43.72",
            "revenue": 722106
        },
        "2020-12": {
            "month": "2020-12",
            "price": "44.61",
            "revenue": 836655
        },
        "2021-01": {
            "month": "2021-01",
            "price": "43.65",
            "revenue": 734637
        },
        "2021-02": {
            "month": "2021-02",
            "price": "43.48",
            "revenue": 423976
        },
        "2021-03": {
            "month": "2021-03",
            "price": "44.14",
            "revenue": 620219
        },
        "2021-04": {
            "month": "2021-04",
            "price": "44.33",
            "revenue": 604258
        },
        "2021-05": {
            "month": "2021-05",
            "price": "43.41",
            "revenue": 659804
        },
        "2021-06": {
            "month": "2021-06",
            "price": "43.78",
            "revenue": 655021
        },
        "2021-07": {
            "month": "2021-07",
            "price": "44.06",
            "revenue": 653249
        },
        "2021-08": {
            "month": "2021-08",
            "price": "42.63",
            "revenue": 666505
        },
        "2021-09": {
            "month": "2021-09",
            "price": "42.76",
            "revenue": 705029
        },
        "2021-10": {
            "month": "2021-10",
            "price": "43.15",
            "revenue": 646757
        },
        "2021-11": {
            "month": "2021-11",
            "price": "43.53",
            "revenue": 682644
        },
        "2021-12": {
            "month": "2021-12",
            "price": "43.03",
            "revenue": 752956
        },
        "2022-01": {
            "month": "2022-01",
            "price": "42.80",
            "revenue": 758338
        },
        "2022-02": {
            "month": "2022-02",
            "price": "42.69",
            "revenue": 461248
        },
        "2022-03": {
            "month": "2022-03",
            "price": "42.74",
            "revenue": 734836
        },
        "2022-04": {
            "month": "2022-04",
            "price": "42.84",
            "revenue": 618693
        },
        "2022-05": {
            "month": "2022-05",
            "price": "42.49",
            "revenue": 696218
        },
        "2022-06": {
            "month": "2022-06",
            "price": "41.85",
            "revenue": 640500
        },
        "2022-07": {
            "month": "2022-07",
            "price": "40.58",
            "revenue": 537095
        },
        "2022-08": {
            "month": "2022-08",
            "price": "41.12",
            "revenue": 556860
        },
        "2022-09": {
            "month": "2022-09",
            "price": "40.52",
            "revenue": 531024
        },
        "2022-10": {
            "month": "2022-10",
            "price": "38.88",
            "revenue": 626952
        },
        "2022-11": {
            "month": "2022-11",
            "price": "39.81",
            "revenue": 669841
        },
        "2022-12": {
            "month": "2022-12",
            "price": "44.15",
            "revenue": 480164
        },
        "2023-01": {
            "month": "2023-01",
            "price": "43.29",
            "revenue": 623797
        },
        "2023-02": {
            "month": "2023-02",
            "price": "43.12",
            "revenue": 473122
        },
        "2023-03": {
            "month": "2023-03",
            "price": "43.18",
            "revenue": 574340
        },
        "2023-04": {
            "month": "2023-04",
            "price": "44.68",
            "revenue": 521526
        }
    }
}
