{
    "summary": {
        "stock_name": "神達",
        "stock_id": "3706",
        "category": "電腦及週邊設備",
        "main_business": "一般投資業",
        "website_url": "http://www.mitac.com",
        "ceo": "何繼武",
        "pe_ratio": 4,
        "report_year_from": 2012,
        "report_year_to": 2023,
        "age": 11,
        "eps_negative_percentage": 0,
        "eps_growth_avg": {
            "last_all": 26.24,
            "last_2y": 23.08,
            "last_4y": 12.2,
            "last_8y": 26.24,
            "last_12y": null,
            "last_16y": null,
            "last_20y": null,
            "at_2006_last_3y": null,
            "at_2007_last_3y": null,
            "at_2008_last_3y": null,
            "at_2009_last_3y": null,
            "at_2010_last_3y": null,
            "at_2011_last_3y": null,
            "at_2012_last_3y": null,
            "at_2013_last_3y": null,
            "at_2014_last_3y": null,
            "at_2015_last_3y": null,
            "at_2016_last_3y": null,
            "at_2017_last_3y": 43.78,
            "at_2018_last_3y": 40.69,
            "at_2019_last_3y": 8.61,
            "at_2020_last_3y": -5.85,
            "at_2021_last_3y": 20.87,
            "at_2022_last_3y": 10.22,
            "at_2023_last_3y": 10.22,
            "at_2006_last_all": null,
            "at_2007_last_all": null,
            "at_2008_last_all": null,
            "at_2009_last_all": null,
            "at_2010_last_all": null,
            "at_2011_last_all": null,
            "at_2012_last_all": null,
            "at_2013_last_all": null,
            "at_2014_last_all": null,
            "at_2015_last_all": 66.23,
            "at_2016_last_all": 60.68,
            "at_2017_last_all": 43.78,
            "at_2018_last_all": 39.05,
            "at_2019_last_all": 27.82,
            "at_2020_last_all": 22.66,
            "at_2021_last_all": 32.33,
            "at_2022_last_all": 26.24,
            "at_2023_last_all": 26.24
        },
        "latest_eps": 7.45,
        "latest_price": 29.25,
        "latest_roe": 16.29,
        "latest_gross_margin": 11.81,
        "latest_equity": 58521212,
        "latest_revenue": 9022814,
        "latest_gross_profit": 1065832,
        "latest_net_income": 153456,
        "latest_debt_ratio": 31.44,
        "latest_current_ratio": 159.15,
        "latest_account_receivable_turnover_ratio": 1.29,
        "latest_inventory_turnover_ratio": 0.86,
        "latest_reinvestment_rate": -37,
        "latest_research_to_sale_ratio": 7.12
    },
    "eps_dividends": {
        "2001": {
            "cash": 0,
            "stock": 0,
            "eps": 0
        },
        "2002": {
            "cash": 0,
            "stock": 0,
            "eps": 0
        },
        "2003": {
            "cash": 0,
            "stock": 0,
            "eps": 0
        },
        "2004": {
            "cash": 0,
            "stock": 0,
            "eps": 0
        },
        "2005": {
            "cash": 0,
            "stock": 0,
            "eps": 0
        },
        "2006": {
            "cash": 0,
            "stock": 0,
            "eps": 0
        },
        "2007": {
            "cash": 0,
            "stock": 0,
            "eps": 0
        },
        "2008": {
            "cash": 0,
            "stock": 0,
            "eps": 0
        },
        "2009": {
            "cash": 0,
            "stock": 0,
            "eps": 0
        },
        "2010": {
            "cash": 0,
            "stock": 0,
            "eps": 0
        },
        "2011": {
            "cash": 0,
            "stock": 0,
            "eps": 0
        },
        "2012": {
            "cash": 0,
            "stock": 0,
            "eps": 0
        },
        "2013": {
            "cash": 0,
            "stock": 0,
            "eps": 0.77
        },
        "2014": {
            "cash": 1,
            "stock": 0,
            "eps": 1.02
        },
        "2015": {
            "cash": 1,
            "stock": 0,
            "eps": 2.32
        },
        "2016": {
            "cash": 2,
            "stock": 0,
            "eps": 3.47
        },
        "2017": {
            "cash": 3,
            "stock": 0,
            "eps": 3.23
        },
        "2018": {
            "cash": 1,
            "stock": 2,
            "eps": 3.88
        },
        "2019": {
            "cash": 2,
            "stock": 2,
            "eps": 2.78
        },
        "2020": {
            "cash": 1,
            "stock": 1,
            "eps": 2.55
        },
        "2021": {
            "cash": 1,
            "stock": 0,
            "eps": 10.01
        },
        "2022": {
            "cash": 2,
            "stock": 0,
            "eps": 7.76
        },
        "2023": {
            "cash": 1,
            "stock": 0,
            "eps": 0.13
        }
    },
    "dividends": {
        "2014-08-27": {
            "cash": 0.6,
            "stock": 0
        },
        "2015-08-14": {
            "cash": 0.7,
            "stock": 0
        },
        "2016-10-05": {
            "cash": 1.6,
            "stock": 0.4
        },
        "2017-08-04": {
            "cash": 2.5,
            "stock": 0
        },
        "2018-10-03": {
            "cash": 1.3,
            "stock": 1.5
        },
        "2019-09-25": {
            "cash": 1.5,
            "stock": 1.5
        },
        "2020-08-12": {
            "cash": 1,
            "stock": 1.2
        },
        "2021-04-29": {
            "cash": 1,
            "stock": 0
        },
        "2022-04-29": {
            "cash": 2,
            "stock": 0
        },
        "2023-04-27": {
            "cash": 1.3,
            "stock": 0
        }
    },
    "prices": {
        "200101": "無",
        "200102": "無",
        "200103": "無",
        "200104": "無",
        "200105": "無",
        "200106": "無",
        "200107": "無",
        "200108": "無",
        "200109": "無",
        "200110": "無",
        "200111": "無",
        "200112": "無",
        "200201": "無",
        "200202": "無",
        "200203": "無",
        "200204": "無",
        "200205": "無",
        "200206": "無",
        "200207": "無",
        "200208": "無",
        "200209": "無",
        "200210": "無",
        "200211": "無",
        "200212": "無",
        "200301": "無",
        "200302": "無",
        "200303": "無",
        "200304": "無",
        "200305": "無",
        "200306": "無",
        "200307": "無",
        "200308": "無",
        "200309": "無",
        "200310": "無",
        "200311": "無",
        "200312": "無",
        "200401": "無",
        "200402": "無",
        "200403": "無",
        "200404": "無",
        "200405": "無",
        "200406": "無",
        "200407": "無",
        "200408": "無",
        "200409": "無",
        "200410": "無",
        "200411": "無",
        "200412": "無",
        "200501": "無",
        "200502": "無",
        "200503": "無",
        "200504": "無",
        "200505": "無",
        "200506": "無",
        "200507": "無",
        "200508": "無",
        "200509": "無",
        "200510": "無",
        "200511": "無",
        "200512": "無",
        "200601": "無",
        "200602": "無",
        "200603": "無",
        "200604": "無",
        "200605": "無",
        "200606": "無",
        "200607": "無",
        "200608": "無",
        "200609": "無",
        "200610": "無",
        "200611": "無",
        "200612": "無",
        "200701": "無",
        "200702": "無",
        "200703": "無",
        "200704": "無",
        "200705": "無",
        "200706": "無",
        "200707": "無",
        "200708": "無",
        "200709": "無",
        "200710": "無",
        "200711": "無",
        "200712": "無",
        "200801": "無",
        "200802": "無",
        "200803": "無",
        "200804": "無",
        "200805": "無",
        "200806": "無",
        "200807": "無",
        "200808": "無",
        "200809": "無",
        "200810": "無",
        "200811": "無",
        "200812": "無",
        "200901": "無",
        "200902": "無",
        "200903": "無",
        "200904": "無",
        "200905": "無",
        "200906": "無",
        "200907": "無",
        "200908": "無",
        "200909": "無",
        "200910": "無",
        "200911": "無",
        "200912": "無",
        "201001": "無",
        "201002": "無",
        "201003": "無",
        "201004": "無",
        "201005": "無",
        "201006": "無",
        "201007": "無",
        "201008": "無",
        "201009": "無",
        "201010": "無",
        "201011": "無",
        "201012": "無",
        "201101": "無",
        "201102": "無",
        "201103": "無",
        "201104": "無",
        "201105": "無",
        "201106": "無",
        "201107": "無",
        "201108": "無",
        "201109": "無",
        "201110": "無",
        "201111": "無",
        "201112": "無",
        "201201": "無",
        "201202": "無",
        "201203": "無",
        "201204": "無",
        "201205": "無",
        "201206": "無",
        "201207": "無",
        "201208": "無",
        "201209": "無",
        "201210": "無",
        "201211": "無",
        "201212": "無",
        "201301": "無",
        "201302": "無",
        "201303": "無",
        "201304": "無",
        "201305": "無",
        "201306": "無",
        "201307": "無",
        "201308": "無",
        "201309": "21.15",
        "201310": "27.50",
        "201311": "24.67",
        "201312": "26.18",
        "201401": "27.76",
        "201402": "27.00",
        "201403": "28.34",
        "201404": "26.99",
        "201405": "25.54",
        "201406": "26.34",
        "201407": "26.47",
        "201408": "25.24",
        "201409": "25.33",
        "201410": "23.92",
        "201411": "22.96",
        "201412": "22.71",
        "201501": "23.84",
        "201502": "23.80",
        "201503": "24.27",
        "201504": "24.56",
        "201505": "26.68",
        "201506": "31.00",
        "201507": "29.05",
        "201508": "22.64",
        "201509": "21.05",
        "201510": "23.52",
        "201511": "24.98",
        "201512": "24.47",
        "201601": "22.54",
        "201602": "23.11",
        "201603": "24.64",
        "201604": "24.67",
        "201605": "21.91",
        "201606": "23.29",
        "201607": "25.02",
        "201608": "30.05",
        "201609": "31.94",
        "201610": "30.02",
        "201611": "30.07",
        "201612": "31.67",
        "201701": "32.60",
        "201702": "34.09",
        "201703": "32.94",
        "201704": "31.99",
        "201705": "34.08",
        "201706": "38.44",
        "201707": "36.45",
        "201708": "36.03",
        "201709": "36.00",
        "201710": "37.28",
        "201711": "36.04",
        "201712": "35.75",
        "201801": "34.41",
        "201802": "31.87",
        "201803": "32.90",
        "201804": "33.16",
        "201805": "32.45",
        "201806": "33.07",
        "201807": "33.30",
        "201808": "34.25",
        "201809": "29.38",
        "201810": "25.82",
        "201811": "26.94",
        "201812": "26.03",
        "201901": "26.12",
        "201902": "28.54",
        "201903": "31.39",
        "201904": "31.77",
        "201905": "30.11",
        "201906": "29.91",
        "201907": "31.87",
        "201908": "30.94",
        "201909": "26.71",
        "201910": "26.08",
        "201911": "28.16",
        "201912": "28.71",
        "202001": "29.19",
        "202002": "31.12",
        "202003": "29.12",
        "202004": "29.65",
        "202005": "31.12",
        "202006": "31.92",
        "202007": "31.01",
        "202008": "28.80",
        "202009": "28.57",
        "202010": "28.62",
        "202011": "29.16",
        "202012": "29.72",
        "202101": "29.55",
        "202102": "29.87",
        "202103": "29.26",
        "202104": "29.40",
        "202105": "28.00",
        "202106": "27.88",
        "202107": "28.49",
        "202108": "27.95",
        "202109": "28.56",
        "202110": "28.18",
        "202111": "31.00",
        "202112": "33.56",
        "202201": "33.53",
        "202202": "33.82",
        "202203": "32.00",
        "202204": "28.33",
        "202205": "27.37",
        "202206": "28.06",
        "202207": "27.37",
        "202208": "28.51",
        "202209": "27.49",
        "202210": "26.80",
        "202211": "28.65",
        "202212": "29.56",
        "202301": "29.94",
        "202302": "31.11",
        "202303": "28.56",
        "202304": "27.96",
        "202305": "28.61"
    },
    "quarters": {
        "20011": {
            "year_quarter": 20011,
            "year": 2001,
            "quarter": 1,
            "eps": null,
            "eps_growth_year": null,
            "eps_4q": null,
            "eps_4q_growth_year": null,
            "roe": null,
            "roe_4q": 0,
            "gross_profit": null,
            "gross_margin": null,
            "gross_margin_4q_avg": 0,
            "net_income": null,
            "revenue": null,
            "common_shares": null,
            "book_valuer_per_share": null,
            "book_valuer_per_share_4q_avg": 0,
            "equity": null,
            "current_ratio": null,
            "debt_ratio": null,
            "inventory_turnover_ratio": null,
            "account_receivable_turnover_ratio": null,
            "reinvestment_rate": null,
            "research_to_sale_ratio": null,
            "price_fair": 0,
            "eps_avg_yearly": 0,
            "eps_latest_yearly": 0,
            "eps_growth_yearly": 0
        },
        "20012": {
            "year_quarter": 20012,
            "year": 2001,
            "quarter": 2,
            "eps": null,
            "eps_growth_year": null,
            "eps_4q": null,
            "eps_4q_growth_year": null,
            "roe": null,
            "roe_4q": 0,
            "gross_profit": null,
            "gross_margin": null,
            "gross_margin_4q_avg": 0,
            "net_income": null,
            "revenue": null,
            "common_shares": null,
            "book_valuer_per_share": null,
            "book_valuer_per_share_4q_avg": 0,
            "equity": null,
            "current_ratio": null,
            "debt_ratio": null,
            "inventory_turnover_ratio": null,
            "account_receivable_turnover_ratio": null,
            "reinvestment_rate": null,
            "research_to_sale_ratio": null,
            "price_fair": 0,
            "eps_avg_yearly": 0,
            "eps_latest_yearly": 0,
            "eps_growth_yearly": 0
        },
        "20013": {
            "year_quarter": 20013,
            "year": 2001,
            "quarter": 3,
            "eps": null,
            "eps_growth_year": null,
            "eps_4q": null,
            "eps_4q_growth_year": null,
            "roe": null,
            "roe_4q": 0,
            "gross_profit": null,
            "gross_margin": null,
            "gross_margin_4q_avg": 0,
            "net_income": null,
            "revenue": null,
            "common_shares": null,
            "book_valuer_per_share": null,
            "book_valuer_per_share_4q_avg": 0,
            "equity": null,
            "current_ratio": null,
            "debt_ratio": null,
            "inventory_turnover_ratio": null,
            "account_receivable_turnover_ratio": null,
            "reinvestment_rate": null,
            "research_to_sale_ratio": null,
            "price_fair": 0,
            "eps_avg_yearly": 0,
            "eps_latest_yearly": 0,
            "eps_growth_yearly": 0
        },
        "20014": {
            "year_quarter": 20014,
            "year": 2001,
            "quarter": 4,
            "eps": null,
            "eps_growth_year": null,
            "eps_4q": null,
            "eps_4q_growth_year": null,
            "roe": null,
            "roe_4q": 0,
            "gross_profit": null,
            "gross_margin": null,
            "gross_margin_4q_avg": 0,
            "net_income": null,
            "revenue": null,
            "common_shares": null,
            "book_valuer_per_share": null,
            "book_valuer_per_share_4q_avg": 0,
            "equity": null,
            "current_ratio": null,
            "debt_ratio": null,
            "inventory_turnover_ratio": null,
            "account_receivable_turnover_ratio": null,
            "reinvestment_rate": null,
            "research_to_sale_ratio": null,
            "price_fair": 0,
            "eps_avg_yearly": 0,
            "eps_latest_yearly": 0,
            "eps_growth_yearly": 0
        },
        "20021": {
            "year_quarter": 20021,
            "year": 2002,
            "quarter": 1,
            "eps": null,
            "eps_growth_year": null,
            "eps_4q": null,
            "eps_4q_growth_year": null,
            "roe": null,
            "roe_4q": 0,
            "gross_profit": null,
            "gross_margin": null,
            "gross_margin_4q_avg": 0,
            "net_income": null,
            "revenue": null,
            "common_shares": null,
            "book_valuer_per_share": null,
            "book_valuer_per_share_4q_avg": 0,
            "equity": null,
            "current_ratio": null,
            "debt_ratio": null,
            "inventory_turnover_ratio": null,
            "account_receivable_turnover_ratio": null,
            "reinvestment_rate": null,
            "research_to_sale_ratio": null,
            "price_fair": 0,
            "eps_avg_yearly": 0,
            "eps_latest_yearly": 0,
            "eps_growth_yearly": 0
        },
        "20022": {
            "year_quarter": 20022,
            "year": 2002,
            "quarter": 2,
            "eps": null,
            "eps_growth_year": null,
            "eps_4q": null,
            "eps_4q_growth_year": null,
            "roe": null,
            "roe_4q": 0,
            "gross_profit": null,
            "gross_margin": null,
            "gross_margin_4q_avg": 0,
            "net_income": null,
            "revenue": null,
            "common_shares": null,
            "book_valuer_per_share": null,
            "book_valuer_per_share_4q_avg": 0,
            "equity": null,
            "current_ratio": null,
            "debt_ratio": null,
            "inventory_turnover_ratio": null,
            "account_receivable_turnover_ratio": null,
            "reinvestment_rate": null,
            "research_to_sale_ratio": null,
            "price_fair": 0,
            "eps_avg_yearly": 0,
            "eps_latest_yearly": 0,
            "eps_growth_yearly": 0
        },
        "20023": {
            "year_quarter": 20023,
            "year": 2002,
            "quarter": 3,
            "eps": null,
            "eps_growth_year": null,
            "eps_4q": null,
            "eps_4q_growth_year": null,
            "roe": null,
            "roe_4q": 0,
            "gross_profit": null,
            "gross_margin": null,
            "gross_margin_4q_avg": 0,
            "net_income": null,
            "revenue": null,
            "common_shares": null,
            "book_valuer_per_share": null,
            "book_valuer_per_share_4q_avg": 0,
            "equity": null,
            "current_ratio": null,
            "debt_ratio": null,
            "inventory_turnover_ratio": null,
            "account_receivable_turnover_ratio": null,
            "reinvestment_rate": null,
            "research_to_sale_ratio": null,
            "price_fair": 0,
            "eps_avg_yearly": 0,
            "eps_latest_yearly": 0,
            "eps_growth_yearly": 0
        },
        "20024": {
            "year_quarter": 20024,
            "year": 2002,
            "quarter": 4,
            "eps": null,
            "eps_growth_year": null,
            "eps_4q": null,
            "eps_4q_growth_year": null,
            "roe": null,
            "roe_4q": 0,
            "gross_profit": null,
            "gross_margin": null,
            "gross_margin_4q_avg": 0,
            "net_income": null,
            "revenue": null,
            "common_shares": null,
            "book_valuer_per_share": null,
            "book_valuer_per_share_4q_avg": 0,
            "equity": null,
            "current_ratio": null,
            "debt_ratio": null,
            "inventory_turnover_ratio": null,
            "account_receivable_turnover_ratio": null,
            "reinvestment_rate": null,
            "research_to_sale_ratio": null,
            "price_fair": 0,
            "eps_avg_yearly": 0,
            "eps_latest_yearly": 0,
            "eps_growth_yearly": 0
        },
        "20031": {
            "year_quarter": 20031,
            "year": 2003,
            "quarter": 1,
            "eps": null,
            "eps_growth_year": null,
            "eps_4q": null,
            "eps_4q_growth_year": null,
            "roe": null,
            "roe_4q": 0,
            "gross_profit": null,
            "gross_margin": null,
            "gross_margin_4q_avg": 0,
            "net_income": null,
            "revenue": null,
            "common_shares": null,
            "book_valuer_per_share": null,
            "book_valuer_per_share_4q_avg": 0,
            "equity": null,
            "current_ratio": null,
            "debt_ratio": null,
            "inventory_turnover_ratio": null,
            "account_receivable_turnover_ratio": null,
            "reinvestment_rate": null,
            "research_to_sale_ratio": null,
            "price_fair": 0,
            "eps_avg_yearly": 0,
            "eps_latest_yearly": 0,
            "eps_growth_yearly": 0
        },
        "20032": {
            "year_quarter": 20032,
            "year": 2003,
            "quarter": 2,
            "eps": null,
            "eps_growth_year": null,
            "eps_4q": null,
            "eps_4q_growth_year": null,
            "roe": null,
            "roe_4q": 0,
            "gross_profit": null,
            "gross_margin": null,
            "gross_margin_4q_avg": 0,
            "net_income": null,
            "revenue": null,
            "common_shares": null,
            "book_valuer_per_share": null,
            "book_valuer_per_share_4q_avg": 0,
            "equity": null,
            "current_ratio": null,
            "debt_ratio": null,
            "inventory_turnover_ratio": null,
            "account_receivable_turnover_ratio": null,
            "reinvestment_rate": null,
            "research_to_sale_ratio": null,
            "price_fair": 0,
            "eps_avg_yearly": 0,
            "eps_latest_yearly": 0,
            "eps_growth_yearly": 0
        },
        "20033": {
            "year_quarter": 20033,
            "year": 2003,
            "quarter": 3,
            "eps": null,
            "eps_growth_year": null,
            "eps_4q": null,
            "eps_4q_growth_year": null,
            "roe": null,
            "roe_4q": 0,
            "gross_profit": null,
            "gross_margin": null,
            "gross_margin_4q_avg": 0,
            "net_income": null,
            "revenue": null,
            "common_shares": null,
            "book_valuer_per_share": null,
            "book_valuer_per_share_4q_avg": 0,
            "equity": null,
            "current_ratio": null,
            "debt_ratio": null,
            "inventory_turnover_ratio": null,
            "account_receivable_turnover_ratio": null,
            "reinvestment_rate": null,
            "research_to_sale_ratio": null,
            "price_fair": 0,
            "eps_avg_yearly": 0,
            "eps_latest_yearly": 0,
            "eps_growth_yearly": 0
        },
        "20034": {
            "year_quarter": 20034,
            "year": 2003,
            "quarter": 4,
            "eps": null,
            "eps_growth_year": null,
            "eps_4q": null,
            "eps_4q_growth_year": null,
            "roe": null,
            "roe_4q": 0,
            "gross_profit": null,
            "gross_margin": null,
            "gross_margin_4q_avg": 0,
            "net_income": null,
            "revenue": null,
            "common_shares": null,
            "book_valuer_per_share": null,
            "book_valuer_per_share_4q_avg": 0,
            "equity": null,
            "current_ratio": null,
            "debt_ratio": null,
            "inventory_turnover_ratio": null,
            "account_receivable_turnover_ratio": null,
            "reinvestment_rate": null,
            "research_to_sale_ratio": null,
            "price_fair": 0,
            "eps_avg_yearly": 0,
            "eps_latest_yearly": 0,
            "eps_growth_yearly": 0
        },
        "20041": {
            "year_quarter": 20041,
            "year": 2004,
            "quarter": 1,
            "eps": null,
            "eps_growth_year": null,
            "eps_4q": null,
            "eps_4q_growth_year": null,
            "roe": null,
            "roe_4q": 0,
            "gross_profit": null,
            "gross_margin": null,
            "gross_margin_4q_avg": 0,
            "net_income": null,
            "revenue": null,
            "common_shares": null,
            "book_valuer_per_share": null,
            "book_valuer_per_share_4q_avg": 0,
            "equity": null,
            "current_ratio": null,
            "debt_ratio": null,
            "inventory_turnover_ratio": null,
            "account_receivable_turnover_ratio": null,
            "reinvestment_rate": null,
            "research_to_sale_ratio": null,
            "price_fair": 0,
            "eps_avg_yearly": 0,
            "eps_latest_yearly": 0,
            "eps_growth_yearly": 0
        },
        "20042": {
            "year_quarter": 20042,
            "year": 2004,
            "quarter": 2,
            "eps": null,
            "eps_growth_year": null,
            "eps_4q": null,
            "eps_4q_growth_year": null,
            "roe": null,
            "roe_4q": 0,
            "gross_profit": null,
            "gross_margin": null,
            "gross_margin_4q_avg": 0,
            "net_income": null,
            "revenue": null,
            "common_shares": null,
            "book_valuer_per_share": null,
            "book_valuer_per_share_4q_avg": 0,
            "equity": null,
            "current_ratio": null,
            "debt_ratio": null,
            "inventory_turnover_ratio": null,
            "account_receivable_turnover_ratio": null,
            "reinvestment_rate": null,
            "research_to_sale_ratio": null,
            "price_fair": 0,
            "eps_avg_yearly": 0,
            "eps_latest_yearly": 0,
            "eps_growth_yearly": 0
        },
        "20043": {
            "year_quarter": 20043,
            "year": 2004,
            "quarter": 3,
            "eps": null,
            "eps_growth_year": null,
            "eps_4q": null,
            "eps_4q_growth_year": null,
            "roe": null,
            "roe_4q": 0,
            "gross_profit": null,
            "gross_margin": null,
            "gross_margin_4q_avg": 0,
            "net_income": null,
            "revenue": null,
            "common_shares": null,
            "book_valuer_per_share": null,
            "book_valuer_per_share_4q_avg": 0,
            "equity": null,
            "current_ratio": null,
            "debt_ratio": null,
            "inventory_turnover_ratio": null,
            "account_receivable_turnover_ratio": null,
            "reinvestment_rate": null,
            "research_to_sale_ratio": null,
            "price_fair": 0,
            "eps_avg_yearly": 0,
            "eps_latest_yearly": 0,
            "eps_growth_yearly": 0
        },
        "20044": {
            "year_quarter": 20044,
            "year": 2004,
            "quarter": 4,
            "eps": null,
            "eps_growth_year": null,
            "eps_4q": null,
            "eps_4q_growth_year": null,
            "roe": null,
            "roe_4q": 0,
            "gross_profit": null,
            "gross_margin": null,
            "gross_margin_4q_avg": 0,
            "net_income": null,
            "revenue": null,
            "common_shares": null,
            "book_valuer_per_share": null,
            "book_valuer_per_share_4q_avg": 0,
            "equity": null,
            "current_ratio": null,
            "debt_ratio": null,
            "inventory_turnover_ratio": null,
            "account_receivable_turnover_ratio": null,
            "reinvestment_rate": null,
            "research_to_sale_ratio": null,
            "price_fair": 0,
            "eps_avg_yearly": 0,
            "eps_latest_yearly": 0,
            "eps_growth_yearly": 0
        },
        "20051": {
            "year_quarter": 20051,
            "year": 2005,
            "quarter": 1,
            "eps": null,
            "eps_growth_year": null,
            "eps_4q": null,
            "eps_4q_growth_year": null,
            "roe": null,
            "roe_4q": 0,
            "gross_profit": null,
            "gross_margin": null,
            "gross_margin_4q_avg": 0,
            "net_income": null,
            "revenue": null,
            "common_shares": null,
            "book_valuer_per_share": null,
            "book_valuer_per_share_4q_avg": 0,
            "equity": null,
            "current_ratio": null,
            "debt_ratio": null,
            "inventory_turnover_ratio": null,
            "account_receivable_turnover_ratio": null,
            "reinvestment_rate": null,
            "research_to_sale_ratio": null,
            "price_fair": 0,
            "eps_avg_yearly": 0,
            "eps_latest_yearly": 0,
            "eps_growth_yearly": 0
        },
        "20052": {
            "year_quarter": 20052,
            "year": 2005,
            "quarter": 2,
            "eps": null,
            "eps_growth_year": null,
            "eps_4q": null,
            "eps_4q_growth_year": null,
            "roe": null,
            "roe_4q": 0,
            "gross_profit": null,
            "gross_margin": null,
            "gross_margin_4q_avg": 0,
            "net_income": null,
            "revenue": null,
            "common_shares": null,
            "book_valuer_per_share": null,
            "book_valuer_per_share_4q_avg": 0,
            "equity": null,
            "current_ratio": null,
            "debt_ratio": null,
            "inventory_turnover_ratio": null,
            "account_receivable_turnover_ratio": null,
            "reinvestment_rate": null,
            "research_to_sale_ratio": null,
            "price_fair": 0,
            "eps_avg_yearly": 0,
            "eps_latest_yearly": 0,
            "eps_growth_yearly": 0
        },
        "20053": {
            "year_quarter": 20053,
            "year": 2005,
            "quarter": 3,
            "eps": null,
            "eps_growth_year": null,
            "eps_4q": null,
            "eps_4q_growth_year": null,
            "roe": null,
            "roe_4q": 0,
            "gross_profit": null,
            "gross_margin": null,
            "gross_margin_4q_avg": 0,
            "net_income": null,
            "revenue": null,
            "common_shares": null,
            "book_valuer_per_share": null,
            "book_valuer_per_share_4q_avg": 0,
            "equity": null,
            "current_ratio": null,
            "debt_ratio": null,
            "inventory_turnover_ratio": null,
            "account_receivable_turnover_ratio": null,
            "reinvestment_rate": null,
            "research_to_sale_ratio": null,
            "price_fair": 0,
            "eps_avg_yearly": 0,
            "eps_latest_yearly": 0,
            "eps_growth_yearly": 0
        },
        "20054": {
            "year_quarter": 20054,
            "year": 2005,
            "quarter": 4,
            "eps": null,
            "eps_growth_year": null,
            "eps_4q": null,
            "eps_4q_growth_year": null,
            "roe": null,
            "roe_4q": 0,
            "gross_profit": null,
            "gross_margin": null,
            "gross_margin_4q_avg": 0,
            "net_income": null,
            "revenue": null,
            "common_shares": null,
            "book_valuer_per_share": null,
            "book_valuer_per_share_4q_avg": 0,
            "equity": null,
            "current_ratio": null,
            "debt_ratio": null,
            "inventory_turnover_ratio": null,
            "account_receivable_turnover_ratio": null,
            "reinvestment_rate": null,
            "research_to_sale_ratio": null,
            "price_fair": 0,
            "eps_avg_yearly": 0,
            "eps_latest_yearly": 0,
            "eps_growth_yearly": 0
        },
        "20061": {
            "year_quarter": 20061,
            "year": 2006,
            "quarter": 1,
            "eps": null,
            "eps_growth_year": null,
            "eps_4q": null,
            "eps_4q_growth_year": null,
            "roe": null,
            "roe_4q": 0,
            "gross_profit": null,
            "gross_margin": null,
            "gross_margin_4q_avg": 0,
            "net_income": null,
            "revenue": null,
            "common_shares": null,
            "book_valuer_per_share": null,
            "book_valuer_per_share_4q_avg": 0,
            "equity": null,
            "current_ratio": null,
            "debt_ratio": null,
            "inventory_turnover_ratio": null,
            "account_receivable_turnover_ratio": null,
            "reinvestment_rate": null,
            "research_to_sale_ratio": null,
            "price_fair": 0,
            "eps_avg_yearly": 0,
            "eps_latest_yearly": 0,
            "eps_growth_yearly": 0
        },
        "20062": {
            "year_quarter": 20062,
            "year": 2006,
            "quarter": 2,
            "eps": null,
            "eps_growth_year": null,
            "eps_4q": null,
            "eps_4q_growth_year": null,
            "roe": null,
            "roe_4q": 0,
            "gross_profit": null,
            "gross_margin": null,
            "gross_margin_4q_avg": 0,
            "net_income": null,
            "revenue": null,
            "common_shares": null,
            "book_valuer_per_share": null,
            "book_valuer_per_share_4q_avg": 0,
            "equity": null,
            "current_ratio": null,
            "debt_ratio": null,
            "inventory_turnover_ratio": null,
            "account_receivable_turnover_ratio": null,
            "reinvestment_rate": null,
            "research_to_sale_ratio": null,
            "price_fair": 0,
            "eps_avg_yearly": 0,
            "eps_latest_yearly": 0,
            "eps_growth_yearly": 0
        },
        "20063": {
            "year_quarter": 20063,
            "year": 2006,
            "quarter": 3,
            "eps": null,
            "eps_growth_year": null,
            "eps_4q": null,
            "eps_4q_growth_year": null,
            "roe": null,
            "roe_4q": 0,
            "gross_profit": null,
            "gross_margin": null,
            "gross_margin_4q_avg": 0,
            "net_income": null,
            "revenue": null,
            "common_shares": null,
            "book_valuer_per_share": null,
            "book_valuer_per_share_4q_avg": 0,
            "equity": null,
            "current_ratio": null,
            "debt_ratio": null,
            "inventory_turnover_ratio": null,
            "account_receivable_turnover_ratio": null,
            "reinvestment_rate": null,
            "research_to_sale_ratio": null,
            "price_fair": 0,
            "eps_avg_yearly": 0,
            "eps_latest_yearly": 0,
            "eps_growth_yearly": 0
        },
        "20064": {
            "year_quarter": 20064,
            "year": 2006,
            "quarter": 4,
            "eps": null,
            "eps_growth_year": null,
            "eps_4q": null,
            "eps_4q_growth_year": null,
            "roe": null,
            "roe_4q": 0,
            "gross_profit": null,
            "gross_margin": null,
            "gross_margin_4q_avg": 0,
            "net_income": null,
            "revenue": null,
            "common_shares": null,
            "book_valuer_per_share": null,
            "book_valuer_per_share_4q_avg": 0,
            "equity": null,
            "current_ratio": null,
            "debt_ratio": null,
            "inventory_turnover_ratio": null,
            "account_receivable_turnover_ratio": null,
            "reinvestment_rate": null,
            "research_to_sale_ratio": null,
            "price_fair": 0,
            "eps_avg_yearly": 0,
            "eps_latest_yearly": 0,
            "eps_growth_yearly": 0
        },
        "20071": {
            "year_quarter": 20071,
            "year": 2007,
            "quarter": 1,
            "eps": null,
            "eps_growth_year": null,
            "eps_4q": null,
            "eps_4q_growth_year": null,
            "roe": null,
            "roe_4q": 0,
            "gross_profit": null,
            "gross_margin": null,
            "gross_margin_4q_avg": 0,
            "net_income": null,
            "revenue": null,
            "common_shares": null,
            "book_valuer_per_share": null,
            "book_valuer_per_share_4q_avg": 0,
            "equity": null,
            "current_ratio": null,
            "debt_ratio": null,
            "inventory_turnover_ratio": null,
            "account_receivable_turnover_ratio": null,
            "reinvestment_rate": null,
            "research_to_sale_ratio": null,
            "price_fair": 0,
            "eps_avg_yearly": 0,
            "eps_latest_yearly": 0,
            "eps_growth_yearly": 0
        },
        "20072": {
            "year_quarter": 20072,
            "year": 2007,
            "quarter": 2,
            "eps": null,
            "eps_growth_year": null,
            "eps_4q": null,
            "eps_4q_growth_year": null,
            "roe": null,
            "roe_4q": 0,
            "gross_profit": null,
            "gross_margin": null,
            "gross_margin_4q_avg": 0,
            "net_income": null,
            "revenue": null,
            "common_shares": null,
            "book_valuer_per_share": null,
            "book_valuer_per_share_4q_avg": 0,
            "equity": null,
            "current_ratio": null,
            "debt_ratio": null,
            "inventory_turnover_ratio": null,
            "account_receivable_turnover_ratio": null,
            "reinvestment_rate": null,
            "research_to_sale_ratio": null,
            "price_fair": 0,
            "eps_avg_yearly": 0,
            "eps_latest_yearly": 0,
            "eps_growth_yearly": 0
        },
        "20073": {
            "year_quarter": 20073,
            "year": 2007,
            "quarter": 3,
            "eps": null,
            "eps_growth_year": null,
            "eps_4q": null,
            "eps_4q_growth_year": null,
            "roe": null,
            "roe_4q": 0,
            "gross_profit": null,
            "gross_margin": null,
            "gross_margin_4q_avg": 0,
            "net_income": null,
            "revenue": null,
            "common_shares": null,
            "book_valuer_per_share": null,
            "book_valuer_per_share_4q_avg": 0,
            "equity": null,
            "current_ratio": null,
            "debt_ratio": null,
            "inventory_turnover_ratio": null,
            "account_receivable_turnover_ratio": null,
            "reinvestment_rate": null,
            "research_to_sale_ratio": null,
            "price_fair": 0,
            "eps_avg_yearly": 0,
            "eps_latest_yearly": 0,
            "eps_growth_yearly": 0
        },
        "20074": {
            "year_quarter": 20074,
            "year": 2007,
            "quarter": 4,
            "eps": null,
            "eps_growth_year": null,
            "eps_4q": null,
            "eps_4q_growth_year": null,
            "roe": null,
            "roe_4q": 0,
            "gross_profit": null,
            "gross_margin": null,
            "gross_margin_4q_avg": 0,
            "net_income": null,
            "revenue": null,
            "common_shares": null,
            "book_valuer_per_share": null,
            "book_valuer_per_share_4q_avg": 0,
            "equity": null,
            "current_ratio": null,
            "debt_ratio": null,
            "inventory_turnover_ratio": null,
            "account_receivable_turnover_ratio": null,
            "reinvestment_rate": null,
            "research_to_sale_ratio": null,
            "price_fair": 0,
            "eps_avg_yearly": 0,
            "eps_latest_yearly": 0,
            "eps_growth_yearly": 0
        },
        "20081": {
            "year_quarter": 20081,
            "year": 2008,
            "quarter": 1,
            "eps": null,
            "eps_growth_year": null,
            "eps_4q": null,
            "eps_4q_growth_year": null,
            "roe": null,
            "roe_4q": 0,
            "gross_profit": null,
            "gross_margin": null,
            "gross_margin_4q_avg": 0,
            "net_income": null,
            "revenue": null,
            "common_shares": null,
            "book_valuer_per_share": null,
            "book_valuer_per_share_4q_avg": 0,
            "equity": null,
            "current_ratio": null,
            "debt_ratio": null,
            "inventory_turnover_ratio": null,
            "account_receivable_turnover_ratio": null,
            "reinvestment_rate": null,
            "research_to_sale_ratio": null,
            "price_fair": 0,
            "eps_avg_yearly": 0,
            "eps_latest_yearly": 0,
            "eps_growth_yearly": 0
        },
        "20082": {
            "year_quarter": 20082,
            "year": 2008,
            "quarter": 2,
            "eps": null,
            "eps_growth_year": null,
            "eps_4q": null,
            "eps_4q_growth_year": null,
            "roe": null,
            "roe_4q": 0,
            "gross_profit": null,
            "gross_margin": null,
            "gross_margin_4q_avg": 0,
            "net_income": null,
            "revenue": null,
            "common_shares": null,
            "book_valuer_per_share": null,
            "book_valuer_per_share_4q_avg": 0,
            "equity": null,
            "current_ratio": null,
            "debt_ratio": null,
            "inventory_turnover_ratio": null,
            "account_receivable_turnover_ratio": null,
            "reinvestment_rate": null,
            "research_to_sale_ratio": null,
            "price_fair": 0,
            "eps_avg_yearly": 0,
            "eps_latest_yearly": 0,
            "eps_growth_yearly": 0
        },
        "20083": {
            "year_quarter": 20083,
            "year": 2008,
            "quarter": 3,
            "eps": null,
            "eps_growth_year": null,
            "eps_4q": null,
            "eps_4q_growth_year": null,
            "roe": null,
            "roe_4q": 0,
            "gross_profit": null,
            "gross_margin": null,
            "gross_margin_4q_avg": 0,
            "net_income": null,
            "revenue": null,
            "common_shares": null,
            "book_valuer_per_share": null,
            "book_valuer_per_share_4q_avg": 0,
            "equity": null,
            "current_ratio": null,
            "debt_ratio": null,
            "inventory_turnover_ratio": null,
            "account_receivable_turnover_ratio": null,
            "reinvestment_rate": null,
            "research_to_sale_ratio": null,
            "price_fair": 0,
            "eps_avg_yearly": 0,
            "eps_latest_yearly": 0,
            "eps_growth_yearly": 0
        },
        "20084": {
            "year_quarter": 20084,
            "year": 2008,
            "quarter": 4,
            "eps": null,
            "eps_growth_year": null,
            "eps_4q": null,
            "eps_4q_growth_year": null,
            "roe": null,
            "roe_4q": 0,
            "gross_profit": null,
            "gross_margin": null,
            "gross_margin_4q_avg": 0,
            "net_income": null,
            "revenue": null,
            "common_shares": null,
            "book_valuer_per_share": null,
            "book_valuer_per_share_4q_avg": 0,
            "equity": null,
            "current_ratio": null,
            "debt_ratio": null,
            "inventory_turnover_ratio": null,
            "account_receivable_turnover_ratio": null,
            "reinvestment_rate": null,
            "research_to_sale_ratio": null,
            "price_fair": 0,
            "eps_avg_yearly": 0,
            "eps_latest_yearly": 0,
            "eps_growth_yearly": 0
        },
        "20091": {
            "year_quarter": 20091,
            "year": 2009,
            "quarter": 1,
            "eps": null,
            "eps_growth_year": null,
            "eps_4q": null,
            "eps_4q_growth_year": null,
            "roe": null,
            "roe_4q": 0,
            "gross_profit": null,
            "gross_margin": null,
            "gross_margin_4q_avg": 0,
            "net_income": null,
            "revenue": null,
            "common_shares": null,
            "book_valuer_per_share": null,
            "book_valuer_per_share_4q_avg": 0,
            "equity": null,
            "current_ratio": null,
            "debt_ratio": null,
            "inventory_turnover_ratio": null,
            "account_receivable_turnover_ratio": null,
            "reinvestment_rate": null,
            "research_to_sale_ratio": null,
            "price_fair": 0,
            "eps_avg_yearly": 0,
            "eps_latest_yearly": 0,
            "eps_growth_yearly": 0
        },
        "20092": {
            "year_quarter": 20092,
            "year": 2009,
            "quarter": 2,
            "eps": null,
            "eps_growth_year": null,
            "eps_4q": null,
            "eps_4q_growth_year": null,
            "roe": null,
            "roe_4q": 0,
            "gross_profit": null,
            "gross_margin": null,
            "gross_margin_4q_avg": 0,
            "net_income": null,
            "revenue": null,
            "common_shares": null,
            "book_valuer_per_share": null,
            "book_valuer_per_share_4q_avg": 0,
            "equity": null,
            "current_ratio": null,
            "debt_ratio": null,
            "inventory_turnover_ratio": null,
            "account_receivable_turnover_ratio": null,
            "reinvestment_rate": null,
            "research_to_sale_ratio": null,
            "price_fair": 0,
            "eps_avg_yearly": 0,
            "eps_latest_yearly": 0,
            "eps_growth_yearly": 0
        },
        "20093": {
            "year_quarter": 20093,
            "year": 2009,
            "quarter": 3,
            "eps": null,
            "eps_growth_year": null,
            "eps_4q": null,
            "eps_4q_growth_year": null,
            "roe": null,
            "roe_4q": 0,
            "gross_profit": null,
            "gross_margin": null,
            "gross_margin_4q_avg": 0,
            "net_income": null,
            "revenue": null,
            "common_shares": null,
            "book_valuer_per_share": null,
            "book_valuer_per_share_4q_avg": 0,
            "equity": null,
            "current_ratio": null,
            "debt_ratio": null,
            "inventory_turnover_ratio": null,
            "account_receivable_turnover_ratio": null,
            "reinvestment_rate": null,
            "research_to_sale_ratio": null,
            "price_fair": 0,
            "eps_avg_yearly": 0,
            "eps_latest_yearly": 0,
            "eps_growth_yearly": 0
        },
        "20094": {
            "year_quarter": 20094,
            "year": 2009,
            "quarter": 4,
            "eps": null,
            "eps_growth_year": null,
            "eps_4q": null,
            "eps_4q_growth_year": null,
            "roe": null,
            "roe_4q": 0,
            "gross_profit": null,
            "gross_margin": null,
            "gross_margin_4q_avg": 0,
            "net_income": null,
            "revenue": null,
            "common_shares": null,
            "book_valuer_per_share": null,
            "book_valuer_per_share_4q_avg": 0,
            "equity": null,
            "current_ratio": null,
            "debt_ratio": null,
            "inventory_turnover_ratio": null,
            "account_receivable_turnover_ratio": null,
            "reinvestment_rate": null,
            "research_to_sale_ratio": null,
            "price_fair": 0,
            "eps_avg_yearly": 0,
            "eps_latest_yearly": 0,
            "eps_growth_yearly": 0
        },
        "20101": {
            "year_quarter": 20101,
            "year": 2010,
            "quarter": 1,
            "eps": null,
            "eps_growth_year": null,
            "eps_4q": null,
            "eps_4q_growth_year": null,
            "roe": null,
            "roe_4q": 0,
            "gross_profit": null,
            "gross_margin": null,
            "gross_margin_4q_avg": 0,
            "net_income": null,
            "revenue": null,
            "common_shares": null,
            "book_valuer_per_share": null,
            "book_valuer_per_share_4q_avg": 0,
            "equity": null,
            "current_ratio": null,
            "debt_ratio": null,
            "inventory_turnover_ratio": null,
            "account_receivable_turnover_ratio": null,
            "reinvestment_rate": null,
            "research_to_sale_ratio": null,
            "price_fair": 0,
            "eps_avg_yearly": 0,
            "eps_latest_yearly": 0,
            "eps_growth_yearly": 0
        },
        "20102": {
            "year_quarter": 20102,
            "year": 2010,
            "quarter": 2,
            "eps": null,
            "eps_growth_year": null,
            "eps_4q": null,
            "eps_4q_growth_year": null,
            "roe": null,
            "roe_4q": 0,
            "gross_profit": null,
            "gross_margin": null,
            "gross_margin_4q_avg": 0,
            "net_income": null,
            "revenue": null,
            "common_shares": null,
            "book_valuer_per_share": null,
            "book_valuer_per_share_4q_avg": 0,
            "equity": null,
            "current_ratio": null,
            "debt_ratio": null,
            "inventory_turnover_ratio": null,
            "account_receivable_turnover_ratio": null,
            "reinvestment_rate": null,
            "research_to_sale_ratio": null,
            "price_fair": 0,
            "eps_avg_yearly": 0,
            "eps_latest_yearly": 0,
            "eps_growth_yearly": 0
        },
        "20103": {
            "year_quarter": 20103,
            "year": 2010,
            "quarter": 3,
            "eps": null,
            "eps_growth_year": null,
            "eps_4q": null,
            "eps_4q_growth_year": null,
            "roe": null,
            "roe_4q": 0,
            "gross_profit": null,
            "gross_margin": null,
            "gross_margin_4q_avg": 0,
            "net_income": null,
            "revenue": null,
            "common_shares": null,
            "book_valuer_per_share": null,
            "book_valuer_per_share_4q_avg": 0,
            "equity": null,
            "current_ratio": null,
            "debt_ratio": null,
            "inventory_turnover_ratio": null,
            "account_receivable_turnover_ratio": null,
            "reinvestment_rate": null,
            "research_to_sale_ratio": null,
            "price_fair": 0,
            "eps_avg_yearly": 0,
            "eps_latest_yearly": 0,
            "eps_growth_yearly": 0
        },
        "20104": {
            "year_quarter": 20104,
            "year": 2010,
            "quarter": 4,
            "eps": null,
            "eps_growth_year": null,
            "eps_4q": null,
            "eps_4q_growth_year": null,
            "roe": null,
            "roe_4q": 0,
            "gross_profit": null,
            "gross_margin": null,
            "gross_margin_4q_avg": 0,
            "net_income": null,
            "revenue": null,
            "common_shares": null,
            "book_valuer_per_share": null,
            "book_valuer_per_share_4q_avg": 0,
            "equity": null,
            "current_ratio": null,
            "debt_ratio": null,
            "inventory_turnover_ratio": null,
            "account_receivable_turnover_ratio": null,
            "reinvestment_rate": null,
            "research_to_sale_ratio": null,
            "price_fair": 0,
            "eps_avg_yearly": 0,
            "eps_latest_yearly": 0,
            "eps_growth_yearly": 0
        },
        "20111": {
            "year_quarter": 20111,
            "year": 2011,
            "quarter": 1,
            "eps": null,
            "eps_growth_year": null,
            "eps_4q": null,
            "eps_4q_growth_year": null,
            "roe": null,
            "roe_4q": 0,
            "gross_profit": null,
            "gross_margin": null,
            "gross_margin_4q_avg": 0,
            "net_income": null,
            "revenue": null,
            "common_shares": null,
            "book_valuer_per_share": null,
            "book_valuer_per_share_4q_avg": 0,
            "equity": null,
            "current_ratio": null,
            "debt_ratio": null,
            "inventory_turnover_ratio": null,
            "account_receivable_turnover_ratio": null,
            "reinvestment_rate": null,
            "research_to_sale_ratio": null,
            "price_fair": 0,
            "eps_avg_yearly": 0,
            "eps_latest_yearly": 0,
            "eps_growth_yearly": 0
        },
        "20112": {
            "year_quarter": 20112,
            "year": 2011,
            "quarter": 2,
            "eps": null,
            "eps_growth_year": null,
            "eps_4q": null,
            "eps_4q_growth_year": null,
            "roe": null,
            "roe_4q": 0,
            "gross_profit": null,
            "gross_margin": null,
            "gross_margin_4q_avg": 0,
            "net_income": null,
            "revenue": null,
            "common_shares": null,
            "book_valuer_per_share": null,
            "book_valuer_per_share_4q_avg": 0,
            "equity": null,
            "current_ratio": null,
            "debt_ratio": null,
            "inventory_turnover_ratio": null,
            "account_receivable_turnover_ratio": null,
            "reinvestment_rate": null,
            "research_to_sale_ratio": null,
            "price_fair": 0,
            "eps_avg_yearly": 0,
            "eps_latest_yearly": 0,
            "eps_growth_yearly": 0
        },
        "20113": {
            "year_quarter": 20113,
            "year": 2011,
            "quarter": 3,
            "eps": null,
            "eps_growth_year": null,
            "eps_4q": null,
            "eps_4q_growth_year": null,
            "roe": null,
            "roe_4q": 0,
            "gross_profit": null,
            "gross_margin": null,
            "gross_margin_4q_avg": 0,
            "net_income": null,
            "revenue": null,
            "common_shares": null,
            "book_valuer_per_share": null,
            "book_valuer_per_share_4q_avg": 0,
            "equity": null,
            "current_ratio": null,
            "debt_ratio": null,
            "inventory_turnover_ratio": null,
            "account_receivable_turnover_ratio": null,
            "reinvestment_rate": null,
            "research_to_sale_ratio": null,
            "price_fair": 0,
            "eps_avg_yearly": 0,
            "eps_latest_yearly": 0,
            "eps_growth_yearly": 0
        },
        "20114": {
            "year_quarter": 20114,
            "year": 2011,
            "quarter": 4,
            "eps": null,
            "eps_growth_year": null,
            "eps_4q": null,
            "eps_4q_growth_year": null,
            "roe": null,
            "roe_4q": 0,
            "gross_profit": null,
            "gross_margin": null,
            "gross_margin_4q_avg": 0,
            "net_income": null,
            "revenue": null,
            "common_shares": null,
            "book_valuer_per_share": null,
            "book_valuer_per_share_4q_avg": 0,
            "equity": null,
            "current_ratio": null,
            "debt_ratio": null,
            "inventory_turnover_ratio": null,
            "account_receivable_turnover_ratio": null,
            "reinvestment_rate": null,
            "research_to_sale_ratio": null,
            "price_fair": 0,
            "eps_avg_yearly": 0,
            "eps_latest_yearly": 0,
            "eps_growth_yearly": 0
        },
        "20121": {
            "year_quarter": 20121,
            "year": 2012,
            "quarter": 1,
            "eps": null,
            "eps_growth_year": null,
            "eps_4q": null,
            "eps_4q_growth_year": null,
            "roe": null,
            "roe_4q": 0,
            "gross_profit": null,
            "gross_margin": null,
            "gross_margin_4q_avg": 0,
            "net_income": null,
            "revenue": null,
            "common_shares": null,
            "book_valuer_per_share": null,
            "book_valuer_per_share_4q_avg": 0,
            "equity": null,
            "current_ratio": null,
            "debt_ratio": null,
            "inventory_turnover_ratio": null,
            "account_receivable_turnover_ratio": null,
            "reinvestment_rate": null,
            "research_to_sale_ratio": null,
            "price_fair": 0,
            "eps_avg_yearly": 0,
            "eps_latest_yearly": 0,
            "eps_growth_yearly": 0
        },
        "20122": {
            "year_quarter": 20122,
            "year": 2012,
            "quarter": 2,
            "eps": null,
            "eps_growth_year": null,
            "eps_4q": null,
            "eps_4q_growth_year": null,
            "roe": null,
            "roe_4q": 0,
            "gross_profit": null,
            "gross_margin": null,
            "gross_margin_4q_avg": 0,
            "net_income": null,
            "revenue": null,
            "common_shares": null,
            "book_valuer_per_share": null,
            "book_valuer_per_share_4q_avg": 0,
            "equity": null,
            "current_ratio": null,
            "debt_ratio": null,
            "inventory_turnover_ratio": null,
            "account_receivable_turnover_ratio": null,
            "reinvestment_rate": null,
            "research_to_sale_ratio": null,
            "price_fair": 0,
            "eps_avg_yearly": 0,
            "eps_latest_yearly": 0,
            "eps_growth_yearly": 0
        },
        "20123": {
            "year_quarter": 20123,
            "year": 2012,
            "quarter": 3,
            "eps": null,
            "eps_growth_year": null,
            "eps_4q": null,
            "eps_4q_growth_year": null,
            "roe": null,
            "roe_4q": 0,
            "gross_profit": 0,
            "gross_margin": null,
            "gross_margin_4q_avg": 0,
            "net_income": 0,
            "revenue": 0,
            "common_shares": 0,
            "book_valuer_per_share": null,
            "book_valuer_per_share_4q_avg": 0,
            "equity": 0,
            "current_ratio": null,
            "debt_ratio": null,
            "inventory_turnover_ratio": null,
            "account_receivable_turnover_ratio": null,
            "reinvestment_rate": null,
            "research_to_sale_ratio": null,
            "price_fair": 0,
            "eps_avg_yearly": 0,
            "eps_latest_yearly": 0,
            "eps_growth_yearly": 0
        },
        "20124": {
            "year_quarter": 20124,
            "year": 2012,
            "quarter": 4,
            "eps": null,
            "eps_growth_year": null,
            "eps_4q": null,
            "eps_4q_growth_year": null,
            "roe": null,
            "roe_4q": 0,
            "gross_profit": 0,
            "gross_margin": null,
            "gross_margin_4q_avg": 0,
            "net_income": 0,
            "revenue": 0,
            "common_shares": 0,
            "book_valuer_per_share": null,
            "book_valuer_per_share_4q_avg": 0,
            "equity": 0,
            "current_ratio": null,
            "debt_ratio": null,
            "inventory_turnover_ratio": null,
            "account_receivable_turnover_ratio": null,
            "reinvestment_rate": null,
            "research_to_sale_ratio": null,
            "price_fair": 0,
            "eps_avg_yearly": 0,
            "eps_latest_yearly": 0,
            "eps_growth_yearly": 0
        },
        "20131": {
            "year_quarter": 20131,
            "year": 2013,
            "quarter": 1,
            "eps": null,
            "eps_growth_year": null,
            "eps_4q": null,
            "eps_4q_growth_year": null,
            "roe": null,
            "roe_4q": 0,
            "gross_profit": 0,
            "gross_margin": null,
            "gross_margin_4q_avg": 0,
            "net_income": 0,
            "revenue": 0,
            "common_shares": 0,
            "book_valuer_per_share": null,
            "book_valuer_per_share_4q_avg": 0,
            "equity": 0,
            "current_ratio": null,
            "debt_ratio": null,
            "inventory_turnover_ratio": null,
            "account_receivable_turnover_ratio": null,
            "reinvestment_rate": null,
            "research_to_sale_ratio": null,
            "price_fair": 0,
            "eps_avg_yearly": 0,
            "eps_latest_yearly": 0,
            "eps_growth_yearly": 0
        },
        "20132": {
            "year_quarter": 20132,
            "year": 2013,
            "quarter": 2,
            "eps": null,
            "eps_growth_year": null,
            "eps_4q": null,
            "eps_4q_growth_year": null,
            "roe": null,
            "roe_4q": 0,
            "gross_profit": 0,
            "gross_margin": null,
            "gross_margin_4q_avg": 0,
            "net_income": 0,
            "revenue": 0,
            "common_shares": 0,
            "book_valuer_per_share": null,
            "book_valuer_per_share_4q_avg": 0,
            "equity": 0,
            "current_ratio": null,
            "debt_ratio": null,
            "inventory_turnover_ratio": null,
            "account_receivable_turnover_ratio": null,
            "reinvestment_rate": null,
            "research_to_sale_ratio": null,
            "price_fair": 0,
            "eps_avg_yearly": 0,
            "eps_latest_yearly": 0,
            "eps_growth_yearly": 0
        },
        "20133": {
            "year_quarter": 20133,
            "year": 2013,
            "quarter": 3,
            "eps": 0.1,
            "eps_growth_year": null,
            "eps_4q": 0.1,
            "eps_4q_growth_year": null,
            "roe": 0.51,
            "roe_4q": 0.51,
            "gross_profit": 287335,
            "gross_margin": 16.86,
            "gross_margin_4q_avg": 4.22,
            "net_income": 75742,
            "revenue": 1704326,
            "common_shares": 7555675,
            "book_valuer_per_share": 40.53,
            "book_valuer_per_share_4q_avg": 10.13,
            "equity": 29622474,
            "current_ratio": 171.06,
            "debt_ratio": 30.87,
            "inventory_turnover_ratio": 0.42,
            "account_receivable_turnover_ratio": 0.71,
            "reinvestment_rate": null,
            "research_to_sale_ratio": 8.35,
            "price_fair": 0,
            "eps_avg_yearly": 0,
            "eps_latest_yearly": 0,
            "eps_growth_yearly": 0
        },
        "20134": {
            "year_quarter": 20134,
            "year": 2013,
            "quarter": 4,
            "eps": 0.67,
            "eps_growth_year": null,
            "eps_4q": 0.78,
            "eps_4q_growth_year": null,
            "roe": 1.65,
            "roe_4q": 2.16,
            "gross_profit": 1469659,
            "gross_margin": 14.42,
            "gross_margin_4q_avg": 7.82,
            "net_income": 495054,
            "revenue": 10192608,
            "common_shares": 7609488,
            "book_valuer_per_share": 41.5,
            "book_valuer_per_share_4q_avg": 20.51,
            "equity": 30554329,
            "current_ratio": 175.11,
            "debt_ratio": 30.73,
            "inventory_turnover_ratio": 1.31,
            "account_receivable_turnover_ratio": 1.86,
            "reinvestment_rate": null,
            "research_to_sale_ratio": 6.67,
            "price_fair": 93.8,
            "eps_avg_yearly": 2.68,
            "eps_latest_yearly": 2.68,
            "eps_growth_yearly": 2280
        },
        "20141": {
            "year_quarter": 20141,
            "year": 2014,
            "quarter": 1,
            "eps": -0.05,
            "eps_growth_year": null,
            "eps_4q": 0.72,
            "eps_4q_growth_year": null,
            "roe": -0.12,
            "roe_4q": 2.04,
            "gross_profit": 1189198,
            "gross_margin": 13.99,
            "gross_margin_4q_avg": 11.32,
            "net_income": -37927,
            "revenue": 8498811,
            "common_shares": 7648617,
            "book_valuer_per_share": 41.77,
            "book_valuer_per_share_4q_avg": 30.95,
            "equity": 30916593,
            "current_ratio": 182.5,
            "debt_ratio": 28.79,
            "inventory_turnover_ratio": 1.1,
            "account_receivable_turnover_ratio": 1.5,
            "reinvestment_rate": null,
            "research_to_sale_ratio": 7.75,
            "price_fair": 93.8,
            "eps_avg_yearly": 2.68,
            "eps_latest_yearly": 2.68,
            "eps_growth_yearly": 2280
        },
        "20142": {
            "year_quarter": 20142,
            "year": 2014,
            "quarter": 2,
            "eps": 0.42,
            "eps_growth_year": null,
            "eps_4q": 1.14,
            "eps_4q_growth_year": null,
            "roe": 1.01,
            "roe_4q": 3.05,
            "gross_profit": 1578746,
            "gross_margin": 13.44,
            "gross_margin_4q_avg": 14.68,
            "net_income": 311693,
            "revenue": 11745022,
            "common_shares": 7659368,
            "book_valuer_per_share": 41.31,
            "book_valuer_per_share_4q_avg": 41.28,
            "equity": 30618092,
            "current_ratio": 161.13,
            "debt_ratio": 34.14,
            "inventory_turnover_ratio": 1.56,
            "account_receivable_turnover_ratio": 2.02,
            "reinvestment_rate": null,
            "research_to_sale_ratio": 6.07,
            "price_fair": 93.8,
            "eps_avg_yearly": 2.68,
            "eps_latest_yearly": 2.68,
            "eps_growth_yearly": 2280
        },
        "20143": {
            "year_quarter": 20143,
            "year": 2014,
            "quarter": 3,
            "eps": 0.29,
            "eps_growth_year": 190,
            "eps_4q": 1.32,
            "eps_4q_growth_year": 1170.46,
            "roe": 0.71,
            "roe_4q": 3.25,
            "gross_profit": 1349582,
            "gross_margin": 13.51,
            "gross_margin_4q_avg": 13.84,
            "net_income": 218402,
            "revenue": 9989217,
            "common_shares": 7696596,
            "book_valuer_per_share": 41.62,
            "book_valuer_per_share_4q_avg": 41.55,
            "equity": 31170604,
            "current_ratio": 166.2,
            "debt_ratio": 33.21,
            "inventory_turnover_ratio": 1.27,
            "account_receivable_turnover_ratio": 1.63,
            "reinvestment_rate": null,
            "research_to_sale_ratio": 7.61,
            "price_fair": 67.2,
            "eps_avg_yearly": 1.92,
            "eps_latest_yearly": 1.16,
            "eps_growth_yearly": 1078.1
        },
        "20144": {
            "year_quarter": 20144,
            "year": 2014,
            "quarter": 4,
            "eps": 0.36,
            "eps_growth_year": -46.74,
            "eps_4q": 1.01,
            "eps_4q_growth_year": 30.78,
            "roe": 0.85,
            "roe_4q": 2.45,
            "gross_profit": 1586380,
            "gross_margin": 13.41,
            "gross_margin_4q_avg": 13.59,
            "net_income": 268752,
            "revenue": 11827292,
            "common_shares": 7694106,
            "book_valuer_per_share": 42.87,
            "book_valuer_per_share_4q_avg": 41.89,
            "equity": 32151619,
            "current_ratio": 167,
            "debt_ratio": 33.3,
            "inventory_turnover_ratio": 1.4,
            "account_receivable_turnover_ratio": 1.74,
            "reinvestment_rate": null,
            "research_to_sale_ratio": 6.66,
            "price_fair": 61.6,
            "eps_avg_yearly": 1.76,
            "eps_latest_yearly": 1.44,
            "eps_growth_yearly": 750.91
        },
        "20151": {
            "year_quarter": 20151,
            "year": 2015,
            "quarter": 1,
            "eps": 0.58,
            "eps_growth_year": null,
            "eps_4q": 1.64,
            "eps_4q_growth_year": 127.63,
            "roe": 1.34,
            "roe_4q": 3.91,
            "gross_profit": 1496843,
            "gross_margin": 11.16,
            "gross_margin_4q_avg": 12.88,
            "net_income": 432008,
            "revenue": 13413852,
            "common_shares": 7665461,
            "book_valuer_per_share": 43.12,
            "book_valuer_per_share_4q_avg": 42.23,
            "equity": 32361732,
            "current_ratio": 157.56,
            "debt_ratio": 36.82,
            "inventory_turnover_ratio": 1.5,
            "account_receivable_turnover_ratio": 1.53,
            "reinvestment_rate": null,
            "research_to_sale_ratio": 4.6,
            "price_fair": 66.5,
            "eps_avg_yearly": 1.9,
            "eps_latest_yearly": 2.32,
            "eps_growth_yearly": 624.3
        },
        "20152": {
            "year_quarter": 20152,
            "year": 2015,
            "quarter": 2,
            "eps": 0.69,
            "eps_growth_year": 64.29,
            "eps_4q": 1.89,
            "eps_4q_growth_year": 65.93,
            "roe": 1.61,
            "roe_4q": 4.51,
            "gross_profit": 1586391,
            "gross_margin": 9.54,
            "gross_margin_4q_avg": 11.91,
            "net_income": 520689,
            "revenue": 16625857,
            "common_shares": 7771993,
            "book_valuer_per_share": 42.45,
            "book_valuer_per_share_4q_avg": 42.52,
            "equity": 32310263,
            "current_ratio": 160.99,
            "debt_ratio": 35.39,
            "inventory_turnover_ratio": 1.87,
            "account_receivable_turnover_ratio": 1.68,
            "reinvestment_rate": null,
            "research_to_sale_ratio": 3.63,
            "price_fair": 72.52,
            "eps_avg_yearly": 2.07,
            "eps_latest_yearly": 2.76,
            "eps_growth_yearly": 514.61
        },
        "20153": {
            "year_quarter": 20153,
            "year": 2015,
            "quarter": 3,
            "eps": 0.64,
            "eps_growth_year": 120.69,
            "eps_4q": 2.26,
            "eps_4q_growth_year": 71.43,
            "roe": 1.49,
            "roe_4q": 5.29,
            "gross_profit": 1418888,
            "gross_margin": 13.94,
            "gross_margin_4q_avg": 12.01,
            "net_income": 491221,
            "revenue": 10177575,
            "common_shares": 7770209,
            "book_valuer_per_share": 44.39,
            "book_valuer_per_share_4q_avg": 43.21,
            "equity": 33628377,
            "current_ratio": 186.31,
            "debt_ratio": 28.68,
            "inventory_turnover_ratio": 1.19,
            "account_receivable_turnover_ratio": 1.28,
            "reinvestment_rate": null,
            "research_to_sale_ratio": 5.76,
            "price_fair": 75.37,
            "eps_avg_yearly": 2.15,
            "eps_latest_yearly": 2.56,
            "eps_growth_yearly": 424.01
        },
        "20154": {
            "year_quarter": 20154,
            "year": 2015,
            "quarter": 4,
            "eps": 0.41,
            "eps_growth_year": 14.17,
            "eps_4q": 2.31,
            "eps_4q_growth_year": 128.03,
            "roe": 0.92,
            "roe_4q": 5.36,
            "gross_profit": 1081742,
            "gross_margin": 11,
            "gross_margin_4q_avg": 11.41,
            "net_income": 310174,
            "revenue": 9837481,
            "common_shares": 7778113,
            "book_valuer_per_share": 44.27,
            "book_valuer_per_share_4q_avg": 43.56,
            "equity": 33554409,
            "current_ratio": 199.37,
            "debt_ratio": 25.7,
            "inventory_turnover_ratio": 1.28,
            "account_receivable_turnover_ratio": 1.7,
            "reinvestment_rate": null,
            "research_to_sale_ratio": 5.59,
            "price_fair": 72.8,
            "eps_avg_yearly": 2.08,
            "eps_latest_yearly": 1.64,
            "eps_growth_yearly": 342.9
        },
        "20161": {
            "year_quarter": 20161,
            "year": 2016,
            "quarter": 1,
            "eps": 0.22,
            "eps_growth_year": -62.07,
            "eps_4q": 1.96,
            "eps_4q_growth_year": 19.21,
            "roe": 0.49,
            "roe_4q": 4.510000000000001,
            "gross_profit": 1139367,
            "gross_margin": 12.46,
            "gross_margin_4q_avg": 11.74,
            "net_income": 163328,
            "revenue": 9141065,
            "common_shares": 7794252,
            "book_valuer_per_share": 43.99,
            "book_valuer_per_share_4q_avg": 43.78,
            "equity": 33414055,
            "current_ratio": 200.06,
            "debt_ratio": 25.57,
            "inventory_turnover_ratio": 1.31,
            "account_receivable_turnover_ratio": 1.66,
            "reinvestment_rate": null,
            "research_to_sale_ratio": 6.24,
            "price_fair": 67.55,
            "eps_avg_yearly": 1.93,
            "eps_latest_yearly": 0.88,
            "eps_growth_yearly": 276.87
        },
        "20162": {
            "year_quarter": 20162,
            "year": 2016,
            "quarter": 2,
            "eps": 0.81,
            "eps_growth_year": 17.39,
            "eps_4q": 2,
            "eps_4q_growth_year": 5.68,
            "roe": 1.87,
            "roe_4q": 4.7700000000000005,
            "gross_profit": 1484377,
            "gross_margin": 12.78,
            "gross_margin_4q_avg": 12.55,
            "net_income": 617962,
            "revenue": 11613613,
            "common_shares": 7806399,
            "book_valuer_per_share": 43.07,
            "book_valuer_per_share_4q_avg": 43.93,
            "equity": 32769970,
            "current_ratio": 168.91,
            "debt_ratio": 31.01,
            "inventory_turnover_ratio": 1.65,
            "account_receivable_turnover_ratio": 2.04,
            "reinvestment_rate": 556.51,
            "research_to_sale_ratio": 5.3,
            "price_fair": 72.64,
            "eps_avg_yearly": 2.08,
            "eps_latest_yearly": 3.24,
            "eps_growth_yearly": 365.3
        },
        "20163": {
            "year_quarter": 20163,
            "year": 2016,
            "quarter": 3,
            "eps": 1.01,
            "eps_growth_year": 57.81,
            "eps_4q": 2.38,
            "eps_4q_growth_year": 5.45,
            "roe": 2.42,
            "roe_4q": 5.7,
            "gross_profit": 1491146,
            "gross_margin": 11.79,
            "gross_margin_4q_avg": 12.01,
            "net_income": 798918,
            "revenue": 12650022,
            "common_shares": 8131696,
            "book_valuer_per_share": 41.84,
            "book_valuer_per_share_4q_avg": 43.29,
            "equity": 33175170,
            "current_ratio": 160.1,
            "debt_ratio": 35.09,
            "inventory_turnover_ratio": 1.6,
            "account_receivable_turnover_ratio": 1.92,
            "reinvestment_rate": 455.96,
            "research_to_sale_ratio": 4.19,
            "price_fair": 79.52,
            "eps_avg_yearly": 2.27,
            "eps_latest_yearly": 4.04,
            "eps_growth_yearly": 338.64
        },
        "20164": {
            "year_quarter": 20164,
            "year": 2016,
            "quarter": 4,
            "eps": 1.43,
            "eps_growth_year": 249.78,
            "eps_4q": 3.42,
            "eps_4q_growth_year": 47.71,
            "roe": 3.36,
            "roe_4q": 8.139999999999999,
            "gross_profit": 1438650,
            "gross_margin": 9.63,
            "gross_margin_4q_avg": 11.67,
            "net_income": 1138360,
            "revenue": 14937045,
            "common_shares": 8156048,
            "book_valuer_per_share": 43.4,
            "book_valuer_per_share_4q_avg": 43.08,
            "equity": 34516413,
            "current_ratio": 171.64,
            "debt_ratio": 31.06,
            "inventory_turnover_ratio": 1.9,
            "account_receivable_turnover_ratio": 1.76,
            "reinvestment_rate": 389.23,
            "research_to_sale_ratio": 3.81,
            "price_fair": 90.49,
            "eps_avg_yearly": 2.59,
            "eps_latest_yearly": 5.72,
            "eps_growth_yearly": 322.98
        },
        "20171": {
            "year_quarter": 20171,
            "year": 2017,
            "quarter": 1,
            "eps": 0.68,
            "eps_growth_year": 209.09,
            "eps_4q": 3.88,
            "eps_4q_growth_year": 98.6,
            "roe": 1.58,
            "roe_4q": 9.23,
            "gross_profit": 1400348,
            "gross_margin": 12.99,
            "gross_margin_4q_avg": 11.8,
            "net_income": 542485,
            "revenue": 10776858,
            "common_shares": 8179028,
            "book_valuer_per_share": 42.61,
            "book_valuer_per_share_4q_avg": 42.73,
            "equity": 33989742,
            "current_ratio": 169.83,
            "debt_ratio": 30.76,
            "inventory_turnover_ratio": 1.3,
            "account_receivable_turnover_ratio": 1.32,
            "reinvestment_rate": 357.86,
            "research_to_sale_ratio": 5.3,
            "price_fair": 90.88,
            "eps_avg_yearly": 2.6,
            "eps_latest_yearly": 2.72,
            "eps_growth_yearly": 278.58
        },
        "20172": {
            "year_quarter": 20172,
            "year": 2017,
            "quarter": 2,
            "eps": 0.79,
            "eps_growth_year": -2.47,
            "eps_4q": 3.9,
            "eps_4q_growth_year": 94.88,
            "roe": 1.88,
            "roe_4q": 9.24,
            "gross_profit": 1511961,
            "gross_margin": 10.94,
            "gross_margin_4q_avg": 11.34,
            "net_income": 629299,
            "revenue": 13819226,
            "common_shares": 8182562,
            "book_valuer_per_share": 41.3,
            "book_valuer_per_share_4q_avg": 42.29,
            "equity": 32959208,
            "current_ratio": 151.11,
            "debt_ratio": 33.66,
            "inventory_turnover_ratio": 1.72,
            "account_receivable_turnover_ratio": 2.02,
            "reinvestment_rate": 337.64,
            "research_to_sale_ratio": 4.43,
            "price_fair": 92.4,
            "eps_avg_yearly": 2.64,
            "eps_latest_yearly": 3.16,
            "eps_growth_yearly": 262.13
        },
        "20173": {
            "year_quarter": 20173,
            "year": 2017,
            "quarter": 3,
            "eps": 0.92,
            "eps_growth_year": -8.91,
            "eps_4q": 3.82,
            "eps_4q_growth_year": 60.12,
            "roe": 2.2,
            "roe_4q": 9.02,
            "gross_profit": 1400288,
            "gross_margin": 10.64,
            "gross_margin_4q_avg": 11.05,
            "net_income": 737290,
            "revenue": 13155666,
            "common_shares": 8185682,
            "book_valuer_per_share": 42.66,
            "book_valuer_per_share_4q_avg": 42.49,
            "equity": 34055874,
            "current_ratio": 160.82,
            "debt_ratio": 30.42,
            "inventory_turnover_ratio": 1.8,
            "account_receivable_turnover_ratio": 1.83,
            "reinvestment_rate": 71.71,
            "research_to_sale_ratio": 4.77,
            "price_fair": 95,
            "eps_avg_yearly": 2.71,
            "eps_latest_yearly": 3.68,
            "eps_growth_yearly": 248.11
        },
        "20174": {
            "year_quarter": 20174,
            "year": 2017,
            "quarter": 4,
            "eps": 0.84,
            "eps_growth_year": -41.22,
            "eps_4q": 3.23,
            "eps_4q_growth_year": -5.46,
            "roe": 1.95,
            "roe_4q": 7.61,
            "gross_profit": 1352580,
            "gross_margin": 12.29,
            "gross_margin_4q_avg": 11.72,
            "net_income": 671940,
            "revenue": 11008764,
            "common_shares": 8190022,
            "book_valuer_per_share": 43.5,
            "book_valuer_per_share_4q_avg": 42.52,
            "equity": 34748616,
            "current_ratio": 174.3,
            "debt_ratio": 26.36,
            "inventory_turnover_ratio": 1.52,
            "account_receivable_turnover_ratio": 1.88,
            "reinvestment_rate": 74.2,
            "research_to_sale_ratio": 5.45,
            "price_fair": 96.7,
            "eps_avg_yearly": 2.76,
            "eps_latest_yearly": 3.36,
            "eps_growth_yearly": 82.77
        },
        "20181": {
            "year_quarter": 20181,
            "year": 2018,
            "quarter": 1,
            "eps": 1.5,
            "eps_growth_year": 120.59,
            "eps_4q": 4.05,
            "eps_4q_growth_year": 4.21,
            "roe": 3.38,
            "roe_4q": 9.41,
            "gross_profit": 1159031,
            "gross_margin": 14.05,
            "gross_margin_4q_avg": 11.98,
            "net_income": 1196444,
            "revenue": 8250769,
            "common_shares": 8195635,
            "book_valuer_per_share": 45.23,
            "book_valuer_per_share_4q_avg": 43.17,
            "equity": 36148690,
            "current_ratio": 195.31,
            "debt_ratio": 24.87,
            "inventory_turnover_ratio": 1.18,
            "account_receivable_turnover_ratio": 1.59,
            "reinvestment_rate": 19.93,
            "research_to_sale_ratio": 6.86,
            "price_fair": 104.25,
            "eps_avg_yearly": 2.98,
            "eps_latest_yearly": 6,
            "eps_growth_yearly": 98.2
        },
        "20182": {
            "year_quarter": 20182,
            "year": 2018,
            "quarter": 2,
            "eps": 0.79,
            "eps_growth_year": 0,
            "eps_4q": 3.52,
            "eps_4q_growth_year": -9.7,
            "roe": 1.75,
            "roe_4q": 9.280000000000001,
            "gross_profit": 1215078,
            "gross_margin": 15.86,
            "gross_margin_4q_avg": 13.21,
            "net_income": 634634,
            "revenue": 7662488,
            "common_shares": 8195865,
            "book_valuer_per_share": 45.36,
            "book_valuer_per_share_4q_avg": 44.19,
            "equity": 36259515,
            "current_ratio": 200.81,
            "debt_ratio": 22.73,
            "inventory_turnover_ratio": 1.19,
            "account_receivable_turnover_ratio": 1.48,
            "reinvestment_rate": 24.9,
            "research_to_sale_ratio": 7.01,
            "price_fair": 104.65,
            "eps_avg_yearly": 2.99,
            "eps_latest_yearly": 3.16,
            "eps_growth_yearly": 80.23
        },
        "20183": {
            "year_quarter": 20183,
            "year": 2018,
            "quarter": 3,
            "eps": 0.84,
            "eps_growth_year": -8.7,
            "eps_4q": 3.55,
            "eps_4q_growth_year": -6.91,
            "roe": 2.13,
            "roe_4q": 9.209999999999999,
            "gross_profit": 1166141,
            "gross_margin": 15.27,
            "gross_margin_4q_avg": 14.37,
            "net_income": 776830,
            "revenue": 7634433,
            "common_shares": 9450117,
            "book_valuer_per_share": 39.56,
            "book_valuer_per_share_4q_avg": 43.41,
            "equity": 36514526,
            "current_ratio": 207.78,
            "debt_ratio": 22.57,
            "inventory_turnover_ratio": 1.3,
            "account_receivable_turnover_ratio": 1.68,
            "reinvestment_rate": 20.36,
            "research_to_sale_ratio": 7.14,
            "price_fair": 109.46,
            "eps_avg_yearly": 3.13,
            "eps_latest_yearly": 3.36,
            "eps_growth_yearly": 89.55
        },
        "20184": {
            "year_quarter": 20184,
            "year": 2018,
            "quarter": 4,
            "eps": 0.75,
            "eps_growth_year": -11.35,
            "eps_4q": 3.57,
            "eps_4q_growth_year": 10.52,
            "roe": 1.85,
            "roe_4q": 9.11,
            "gross_profit": 1247618,
            "gross_margin": 17.32,
            "gross_margin_4q_avg": 15.63,
            "net_income": 688341,
            "revenue": 7204129,
            "common_shares": 9367677,
            "book_valuer_per_share": 40.96,
            "book_valuer_per_share_4q_avg": 42.78,
            "equity": 37803327,
            "current_ratio": 201.68,
            "debt_ratio": 21.32,
            "inventory_turnover_ratio": 1.05,
            "account_receivable_turnover_ratio": 1.49,
            "reinvestment_rate": 34.87,
            "research_to_sale_ratio": 7.47,
            "price_fair": 112.88,
            "eps_avg_yearly": 3.23,
            "eps_latest_yearly": 3,
            "eps_growth_yearly": 80.84
        },
        "20191": {
            "year_quarter": 20191,
            "year": 2019,
            "quarter": 1,
            "eps": 0.31,
            "eps_growth_year": -79.33,
            "eps_4q": 2.59,
            "eps_4q_growth_year": -36.06,
            "roe": 0.75,
            "roe_4q": 6.48,
            "gross_profit": 935815,
            "gross_margin": 12.49,
            "gross_margin_4q_avg": 15.24,
            "net_income": 288502,
            "revenue": 7492720,
            "common_shares": 9367677,
            "book_valuer_per_share": 42.03,
            "book_valuer_per_share_4q_avg": 41.98,
            "equity": 38794626,
            "current_ratio": 187.14,
            "debt_ratio": 23.52,
            "inventory_turnover_ratio": 0.93,
            "account_receivable_turnover_ratio": 1.43,
            "reinvestment_rate": 41.72,
            "research_to_sale_ratio": 6.73,
            "price_fair": 110.51,
            "eps_avg_yearly": 3.16,
            "eps_latest_yearly": 1.24,
            "eps_growth_yearly": 50.89
        },
        "20192": {
            "year_quarter": 20192,
            "year": 2019,
            "quarter": 2,
            "eps": 0.68,
            "eps_growth_year": -13.92,
            "eps_4q": 2.24,
            "eps_4q_growth_year": -36.45,
            "roe": 1.61,
            "roe_4q": 6.340000000000001,
            "gross_profit": 1229363,
            "gross_margin": 13.32,
            "gross_margin_4q_avg": 14.6,
            "net_income": 624130,
            "revenue": 9226227,
            "common_shares": 9367677,
            "book_valuer_per_share": 41.93,
            "book_valuer_per_share_4q_avg": 41.12,
            "equity": 38751030,
            "current_ratio": 159.84,
            "debt_ratio": 26.44,
            "inventory_turnover_ratio": 1.1,
            "account_receivable_turnover_ratio": 1.53,
            "reinvestment_rate": 45.95,
            "research_to_sale_ratio": 5.63,
            "price_fair": 110.43,
            "eps_avg_yearly": 3.16,
            "eps_latest_yearly": 2.72,
            "eps_growth_yearly": 75.99
        },
        "20193": {
            "year_quarter": 20193,
            "year": 2019,
            "quarter": 3,
            "eps": 0.89,
            "eps_growth_year": 5.95,
            "eps_4q": 2.4,
            "eps_4q_growth_year": -32.38,
            "roe": 2.37,
            "roe_4q": 6.58,
            "gross_profit": 1432389,
            "gross_margin": 16.29,
            "gross_margin_4q_avg": 14.86,
            "net_income": 921812,
            "revenue": 8793520,
            "common_shares": 10772829,
            "book_valuer_per_share": 36.83,
            "book_valuer_per_share_4q_avg": 40.44,
            "equity": 39173625,
            "current_ratio": 171.25,
            "debt_ratio": 24.66,
            "inventory_turnover_ratio": 1.05,
            "account_receivable_turnover_ratio": 1.46,
            "reinvestment_rate": 36.12,
            "research_to_sale_ratio": 7.28,
            "price_fair": 112.61,
            "eps_avg_yearly": 3.22,
            "eps_latest_yearly": 3.56,
            "eps_growth_yearly": 85.52
        },
        "20194": {
            "year_quarter": 20194,
            "year": 2019,
            "quarter": 4,
            "eps": 0.9,
            "eps_growth_year": 20.73,
            "eps_4q": 2.65,
            "eps_4q_growth_year": -25.66,
            "roe": 2.39,
            "roe_4q": 7.12,
            "gross_profit": 1592157,
            "gross_margin": 15.43,
            "gross_margin_4q_avg": 14.38,
            "net_income": 939345,
            "revenue": 10319493,
            "common_shares": 10772829,
            "book_valuer_per_share": 37.21,
            "book_valuer_per_share_4q_avg": 39.5,
            "equity": 39554746,
            "current_ratio": 164.43,
            "debt_ratio": 28.61,
            "inventory_turnover_ratio": 1.16,
            "account_receivable_turnover_ratio": 1.74,
            "reinvestment_rate": 34.26,
            "research_to_sale_ratio": 6.86,
            "price_fair": 116.9,
            "eps_avg_yearly": 3.34,
            "eps_latest_yearly": 3.6,
            "eps_growth_yearly": 94.79
        },
        "20201": {
            "year_quarter": 20201,
            "year": 2020,
            "quarter": 1,
            "eps": 0.47,
            "eps_growth_year": 51.61,
            "eps_4q": 2.84,
            "eps_4q_growth_year": 9.91,
            "roe": 1.2,
            "roe_4q": 7.57,
            "gross_profit": 1152837,
            "gross_margin": 13.28,
            "gross_margin_4q_avg": 14.58,
            "net_income": 471135,
            "revenue": 8683565,
            "common_shares": 10772829,
            "book_valuer_per_share": 36.33,
            "book_valuer_per_share_4q_avg": 38.08,
            "equity": 38845366,
            "current_ratio": 162.24,
            "debt_ratio": 28.61,
            "inventory_turnover_ratio": 0.99,
            "account_receivable_turnover_ratio": 1.44,
            "reinvestment_rate": 33.99,
            "research_to_sale_ratio": 7.21,
            "price_fair": 119.09,
            "eps_avg_yearly": 3.4,
            "eps_latest_yearly": 1.88,
            "eps_growth_yearly": 94.43
        },
        "20202": {
            "year_quarter": 20202,
            "year": 2020,
            "quarter": 2,
            "eps": 0.56,
            "eps_growth_year": -17.65,
            "eps_4q": 2.51,
            "eps_4q_growth_year": 12.4,
            "roe": 1.43,
            "roe_4q": 7.39,
            "gross_profit": 1231454,
            "gross_margin": 11.64,
            "gross_margin_4q_avg": 14.16,
            "net_income": 560098,
            "revenue": 10583775,
            "common_shares": 10772829,
            "book_valuer_per_share": 36.9,
            "book_valuer_per_share_4q_avg": 36.82,
            "equity": 39412661,
            "current_ratio": 157.67,
            "debt_ratio": 29.65,
            "inventory_turnover_ratio": 1.12,
            "account_receivable_turnover_ratio": 1.58,
            "reinvestment_rate": 30.92,
            "research_to_sale_ratio": 6.52,
            "price_fair": 116.9,
            "eps_avg_yearly": 3.34,
            "eps_latest_yearly": 2.24,
            "eps_growth_yearly": 32.17
        },
        "20203": {
            "year_quarter": 20203,
            "year": 2020,
            "quarter": 3,
            "eps": 0.76,
            "eps_growth_year": -14.61,
            "eps_4q": 2.48,
            "eps_4q_growth_year": 3.18,
            "roe": 2.26,
            "roe_4q": 7.279999999999999,
            "gross_profit": 1299475,
            "gross_margin": 10.96,
            "gross_margin_4q_avg": 12.83,
            "net_income": 909171,
            "revenue": 11852050,
            "common_shares": 12065568,
            "book_valuer_per_share": 34.35,
            "book_valuer_per_share_4q_avg": 36.2,
            "equity": 41108627,
            "current_ratio": 171.84,
            "debt_ratio": 25.9,
            "inventory_turnover_ratio": 1.17,
            "account_receivable_turnover_ratio": 1.64,
            "reinvestment_rate": 40.97,
            "research_to_sale_ratio": 4.91,
            "price_fair": 114.71,
            "eps_avg_yearly": 3.28,
            "eps_latest_yearly": 3.04,
            "eps_growth_yearly": 34.93
        },
        "20204": {
            "year_quarter": 20204,
            "year": 2020,
            "quarter": 4,
            "eps": 0.76,
            "eps_growth_year": -15.35,
            "eps_4q": 2.44,
            "eps_4q_growth_year": -8.02,
            "roe": 2.17,
            "roe_4q": 7.06,
            "gross_profit": 941295,
            "gross_margin": 9.39,
            "gross_margin_4q_avg": 11.32,
            "net_income": 910381,
            "revenue": 10026366,
            "common_shares": 12065568,
            "book_valuer_per_share": 35.74,
            "book_valuer_per_share_4q_avg": 35.83,
            "equity": 42761495,
            "current_ratio": 175.55,
            "debt_ratio": 25.21,
            "inventory_turnover_ratio": 1.02,
            "account_receivable_turnover_ratio": 1.7,
            "reinvestment_rate": 36.42,
            "research_to_sale_ratio": 5.36,
            "price_fair": 107.39,
            "eps_avg_yearly": 3.11,
            "eps_latest_yearly": 3.04,
            "eps_growth_yearly": 24.53
        },
        "20211": {
            "year_quarter": 20211,
            "year": 2021,
            "quarter": 1,
            "eps": 0.57,
            "eps_growth_year": 21.28,
            "eps_4q": 2.59,
            "eps_4q_growth_year": -9.02,
            "roe": 1.58,
            "roe_4q": 7.4399999999999995,
            "gross_profit": 1045659,
            "gross_margin": 9.15,
            "gross_margin_4q_avg": 10.29,
            "net_income": 676341,
            "revenue": 11427520,
            "common_shares": 12065568,
            "book_valuer_per_share": 36.03,
            "book_valuer_per_share_4q_avg": 35.76,
            "equity": 43116571,
            "current_ratio": 155.33,
            "debt_ratio": 29.6,
            "inventory_turnover_ratio": 1.13,
            "account_receivable_turnover_ratio": 1.92,
            "reinvestment_rate": 34.8,
            "research_to_sale_ratio": 4.82,
            "price_fair": 107.89,
            "eps_avg_yearly": 3.08,
            "eps_latest_yearly": 2.28,
            "eps_growth_yearly": 31.39
        },
        "20212": {
            "year_quarter": 20212,
            "year": 2021,
            "quarter": 2,
            "eps": 2.47,
            "eps_growth_year": 341.07,
            "eps_4q": 4.56,
            "eps_4q_growth_year": 81.29,
            "roe": 6.63,
            "roe_4q": 12.64,
            "gross_profit": 1142413,
            "gross_margin": 9.49,
            "gross_margin_4q_avg": 9.75,
            "net_income": 2947718,
            "revenue": 12042720,
            "common_shares": 12065568,
            "book_valuer_per_share": 38.29,
            "book_valuer_per_share_4q_avg": 36.1,
            "equity": 45815869,
            "current_ratio": 173.88,
            "debt_ratio": 27.74,
            "inventory_turnover_ratio": 1.19,
            "account_receivable_turnover_ratio": 1.65,
            "reinvestment_rate": 25.31,
            "research_to_sale_ratio": 4.6,
            "price_fair": 122.59,
            "eps_avg_yearly": 3.5,
            "eps_latest_yearly": 9.88,
            "eps_growth_yearly": 110.68
        },
        "20213": {
            "year_quarter": 20213,
            "year": 2021,
            "quarter": 3,
            "eps": 6.52,
            "eps_growth_year": 757.89,
            "eps_4q": 10.32,
            "eps_4q_growth_year": 316.18,
            "roe": 16.36,
            "roe_4q": 26.740000000000002,
            "gross_profit": 1006971,
            "gross_margin": 10.85,
            "gross_margin_4q_avg": 9.72,
            "net_income": 7797512,
            "revenue": 9283416,
            "common_shares": 12065568,
            "book_valuer_per_share": 41.4,
            "book_valuer_per_share_4q_avg": 37.87,
            "equity": 49522726,
            "current_ratio": 187.34,
            "debt_ratio": 30.32,
            "inventory_turnover_ratio": 0.84,
            "account_receivable_turnover_ratio": 1.38,
            "reinvestment_rate": -15.47,
            "research_to_sale_ratio": 6.1,
            "price_fair": 171.59,
            "eps_avg_yearly": 4.9,
            "eps_latest_yearly": 26.08,
            "eps_growth_yearly": 147.56
        },
        "20214": {
            "year_quarter": 20214,
            "year": 2021,
            "quarter": 4,
            "eps": 0.45,
            "eps_growth_year": -40.87,
            "eps_4q": 10.01,
            "eps_4q_growth_year": 309.8,
            "roe": 1.06,
            "roe_4q": 25.629999999999995,
            "gross_profit": 1166851,
            "gross_margin": 12.37,
            "gross_margin_4q_avg": 10.47,
            "net_income": 539910,
            "revenue": 9432115,
            "common_shares": 12065568,
            "book_valuer_per_share": 43.98,
            "book_valuer_per_share_4q_avg": 39.93,
            "equity": 52606365,
            "current_ratio": 176.03,
            "debt_ratio": 31.1,
            "inventory_turnover_ratio": 0.73,
            "account_receivable_turnover_ratio": 1.7,
            "reinvestment_rate": -14.68,
            "research_to_sale_ratio": 6.26,
            "price_fair": 168.18,
            "eps_avg_yearly": 4.81,
            "eps_latest_yearly": 1.8,
            "eps_growth_yearly": 126.46
        },
        "20221": {
            "year_quarter": 20221,
            "year": 2022,
            "quarter": 1,
            "eps": 0.44,
            "eps_growth_year": -22.81,
            "eps_4q": 9.87,
            "eps_4q_growth_year": 281.39,
            "roe": 1.03,
            "roe_4q": 25.08,
            "gross_profit": 1190276,
            "gross_margin": 10.52,
            "gross_margin_4q_avg": 10.81,
            "net_income": 533142,
            "revenue": 11313045,
            "common_shares": 12065568,
            "book_valuer_per_share": 42.52,
            "book_valuer_per_share_4q_avg": 41.55,
            "equity": 50963470,
            "current_ratio": 158.26,
            "debt_ratio": 34.17,
            "inventory_turnover_ratio": 0.86,
            "account_receivable_turnover_ratio": 1.82,
            "reinvestment_rate": 4.51,
            "research_to_sale_ratio": 5.06,
            "price_fair": 158.9,
            "eps_avg_yearly": 4.54,
            "eps_latest_yearly": 1.76,
            "eps_growth_yearly": 106.26
        },
        "20222": {
            "year_quarter": 20222,
            "year": 2022,
            "quarter": 2,
            "eps": 0.44,
            "eps_growth_year": -82.19,
            "eps_4q": 7.85,
            "eps_4q_growth_year": 72.22,
            "roe": 1.06,
            "roe_4q": 19.509999999999998,
            "gross_profit": 1058761,
            "gross_margin": 9.17,
            "gross_margin_4q_avg": 10.73,
            "net_income": 527079,
            "revenue": 11547189,
            "common_shares": 12065568,
            "book_valuer_per_share": 40.69,
            "book_valuer_per_share_4q_avg": 42.15,
            "equity": 48766003,
            "current_ratio": 147.86,
            "debt_ratio": 37.18,
            "inventory_turnover_ratio": 0.83,
            "account_receivable_turnover_ratio": 1.56,
            "reinvestment_rate": 2.84,
            "research_to_sale_ratio": 5.11,
            "price_fair": 155.84,
            "eps_avg_yearly": 4.45,
            "eps_latest_yearly": 1.76,
            "eps_growth_yearly": 118.09
        },
        "20223": {
            "year_quarter": 20223,
            "year": 2022,
            "quarter": 3,
            "eps": 7.17,
            "eps_growth_year": 9.97,
            "eps_4q": 8.5,
            "eps_4q_growth_year": -17.61,
            "roe": 16.26,
            "roe_4q": 19.41,
            "gross_profit": 1491214,
            "gross_margin": 12.08,
            "gross_margin_4q_avg": 11.04,
            "net_income": 8582968,
            "revenue": 12345047,
            "common_shares": 12065568,
            "book_valuer_per_share": 47.4,
            "book_valuer_per_share_4q_avg": 43.65,
            "equity": 56804200,
            "current_ratio": 168.32,
            "debt_ratio": 33.97,
            "inventory_turnover_ratio": 0.8,
            "account_receivable_turnover_ratio": 1.52,
            "reinvestment_rate": -22.58,
            "research_to_sale_ratio": 5.48,
            "price_fair": 211.23,
            "eps_avg_yearly": 6.04,
            "eps_latest_yearly": 28.68,
            "eps_growth_yearly": 498.9
        },
        "20224": {
            "year_quarter": 20224,
            "year": 2022,
            "quarter": 4,
            "eps": -0.29,
            "eps_growth_year": -164.15,
            "eps_4q": 7.76,
            "eps_4q_growth_year": -22.43,
            "roe": -0.59,
            "roe_4q": 17.76,
            "gross_profit": 95567,
            "gross_margin": 0.76,
            "gross_margin_4q_avg": 8.13,
            "net_income": -346298,
            "revenue": 12627676,
            "common_shares": 12065568,
            "book_valuer_per_share": 50.65,
            "book_valuer_per_share_4q_avg": 45.32,
            "equity": 60692731,
            "current_ratio": 171.76,
            "debt_ratio": 29.08,
            "inventory_turnover_ratio": 1.1,
            "account_receivable_turnover_ratio": 1.57,
            "reinvestment_rate": -31.87,
            "research_to_sale_ratio": 5.27,
            "price_fair": 218.31,
            "eps_avg_yearly": 6.24,
            "eps_latest_yearly": 28.68,
            "eps_growth_yearly": 535.01
        },
        "20231": {
            "year_quarter": 20231,
            "year": 2023,
            "quarter": 1,
            "eps": 0.13,
            "eps_growth_year": -70.45,
            "eps_4q": 7.45,
            "eps_4q_growth_year": -24.56,
            "roe": 0.26,
            "roe_4q": 16.990000000000002,
            "gross_profit": 1065832,
            "gross_margin": 11.81,
            "gross_margin_4q_avg": 8.46,
            "net_income": 153456,
            "revenue": 9022814,
            "common_shares": 12065568,
            "book_valuer_per_share": 48.83,
            "book_valuer_per_share_4q_avg": 46.89,
            "equity": 58521212,
            "current_ratio": 159.15,
            "debt_ratio": 31.44,
            "inventory_turnover_ratio": 0.86,
            "account_receivable_turnover_ratio": 1.29,
            "reinvestment_rate": -37,
            "research_to_sale_ratio": 7.12,
            "price_fair": 230.8,
            "eps_avg_yearly": 6.59,
            "eps_latest_yearly": 28.68,
            "eps_growth_yearly": 589.99
        }
    },
    "months": {
        "2013-09": {
            "month": "2013-09",
            "price": "21.15",
            "revenue": 1703657
        },
        "2013-10": {
            "month": "2013-10",
            "price": "27.50",
            "revenue": 3024574
        },
        "2013-11": {
            "month": "2013-11",
            "price": "24.67",
            "revenue": 4024633
        },
        "2013-12": {
            "month": "2013-12",
            "price": "26.18",
            "revenue": 3144070
        },
        "2014-01": {
            "month": "2014-01",
            "price": "27.76",
            "revenue": 3293735
        },
        "2014-02": {
            "month": "2014-02",
            "price": "27.00",
            "revenue": 2563623
        },
        "2014-03": {
            "month": "2014-03",
            "price": "28.34",
            "revenue": 2652127
        },
        "2014-04": {
            "month": "2014-04",
            "price": "26.99",
            "revenue": 4186795
        },
        "2014-05": {
            "month": "2014-05",
            "price": "25.54",
            "revenue": 4339320
        },
        "2014-06": {
            "month": "2014-06",
            "price": "26.34",
            "revenue": 3141433
        },
        "2014-07": {
            "month": "2014-07",
            "price": "26.47",
            "revenue": 3665880
        },
        "2014-08": {
            "month": "2014-08",
            "price": "25.24",
            "revenue": 3169210
        },
        "2014-09": {
            "month": "2014-09",
            "price": "25.33",
            "revenue": 3220927
        },
        "2014-10": {
            "month": "2014-10",
            "price": "23.92",
            "revenue": 3699382
        },
        "2014-11": {
            "month": "2014-11",
            "price": "22.96",
            "revenue": 3670519
        },
        "2014-12": {
            "month": "2014-12",
            "price": "22.71",
            "revenue": 4457391
        },
        "2015-01": {
            "month": "2015-01",
            "price": "23.84",
            "revenue": 3902252
        },
        "2015-02": {
            "month": "2015-02",
            "price": "23.80",
            "revenue": 4394646
        },
        "2015-03": {
            "month": "2015-03",
            "price": "24.27",
            "revenue": 5116954
        },
        "2015-04": {
            "month": "2015-04",
            "price": "24.56",
            "revenue": 5904559
        },
        "2015-05": {
            "month": "2015-05",
            "price": "26.68",
            "revenue": 6076658
        },
        "2015-06": {
            "month": "2015-06",
            "price": "31.00",
            "revenue": 4644641
        },
        "2015-07": {
            "month": "2015-07",
            "price": "29.05",
            "revenue": 3362721
        },
        "2015-08": {
            "month": "2015-08",
            "price": "22.64",
            "revenue": 3086365
        },
        "2015-09": {
            "month": "2015-09",
            "price": "21.05",
            "revenue": 3768597
        },
        "2015-10": {
            "month": "2015-10",
            "price": "23.52",
            "revenue": 3013792
        },
        "2015-11": {
            "month": "2015-11",
            "price": "24.98",
            "revenue": 3462456
        },
        "2015-12": {
            "month": "2015-12",
            "price": "24.47",
            "revenue": 3321124
        },
        "2016-01": {
            "month": "2016-01",
            "price": "22.54",
            "revenue": 3079861
        },
        "2016-02": {
            "month": "2016-02",
            "price": "23.11",
            "revenue": 2634930
        },
        "2016-03": {
            "month": "2016-03",
            "price": "24.64",
            "revenue": 3426274
        },
        "2016-04": {
            "month": "2016-04",
            "price": "24.67",
            "revenue": 3546114
        },
        "2016-05": {
            "month": "2016-05",
            "price": "21.91",
            "revenue": 4604327
        },
        "2016-06": {
            "month": "2016-06",
            "price": "23.29",
            "revenue": 3463172
        },
        "2016-07": {
            "month": "2016-07",
            "price": "25.02",
            "revenue": 3723082
        },
        "2016-08": {
            "month": "2016-08",
            "price": "30.05",
            "revenue": 4904432
        },
        "2016-09": {
            "month": "2016-09",
            "price": "31.94",
            "revenue": 4022508
        },
        "2016-10": {
            "month": "2016-10",
            "price": "30.02",
            "revenue": 3978763
        },
        "2016-11": {
            "month": "2016-11",
            "price": "30.07",
            "revenue": 5452727
        },
        "2016-12": {
            "month": "2016-12",
            "price": "31.67",
            "revenue": 5521743
        },
        "2017-01": {
            "month": "2017-01",
            "price": "32.60",
            "revenue": 3595484
        },
        "2017-02": {
            "month": "2017-02",
            "price": "34.09",
            "revenue": 2931367
        },
        "2017-03": {
            "month": "2017-03",
            "price": "32.94",
            "revenue": 4250007
        },
        "2017-04": {
            "month": "2017-04",
            "price": "31.99",
            "revenue": 4221635
        },
        "2017-05": {
            "month": "2017-05",
            "price": "34.08",
            "revenue": 5613285
        },
        "2017-06": {
            "month": "2017-06",
            "price": "38.44",
            "revenue": 3984306
        },
        "2017-07": {
            "month": "2017-07",
            "price": "36.45",
            "revenue": 4300586
        },
        "2017-08": {
            "month": "2017-08",
            "price": "36.03",
            "revenue": 4761760
        },
        "2017-09": {
            "month": "2017-09",
            "price": "36.00",
            "revenue": 4093320
        },
        "2017-10": {
            "month": "2017-10",
            "price": "37.28",
            "revenue": 4001181
        },
        "2017-11": {
            "month": "2017-11",
            "price": "36.04",
            "revenue": 3804738
        },
        "2017-12": {
            "month": "2017-12",
            "price": "35.75",
            "revenue": 3202845
        },
        "2018-01": {
            "month": "2018-01",
            "price": "34.41",
            "revenue": 2834378
        },
        "2018-02": {
            "month": "2018-02",
            "price": "31.87",
            "revenue": 2502756
        },
        "2018-03": {
            "month": "2018-03",
            "price": "32.90",
            "revenue": 2913635
        },
        "2018-04": {
            "month": "2018-04",
            "price": "33.16",
            "revenue": 2341885
        },
        "2018-05": {
            "month": "2018-05",
            "price": "32.45",
            "revenue": 2808575
        },
        "2018-06": {
            "month": "2018-06",
            "price": "33.07",
            "revenue": 2512028
        },
        "2018-07": {
            "month": "2018-07",
            "price": "33.30",
            "revenue": 2504952
        },
        "2018-08": {
            "month": "2018-08",
            "price": "34.25",
            "revenue": 2475690
        },
        "2018-09": {
            "month": "2018-09",
            "price": "29.38",
            "revenue": 2653791
        },
        "2018-10": {
            "month": "2018-10",
            "price": "25.82",
            "revenue": 2233384
        },
        "2018-11": {
            "month": "2018-11",
            "price": "26.94",
            "revenue": 2646113
        },
        "2018-12": {
            "month": "2018-12",
            "price": "26.03",
            "revenue": 2315137
        },
        "2019-01": {
            "month": "2019-01",
            "price": "26.12",
            "revenue": 2716847
        },
        "2019-02": {
            "month": "2019-02",
            "price": "28.54",
            "revenue": 2289035
        },
        "2019-03": {
            "month": "2019-03",
            "price": "31.39",
            "revenue": 2486838
        },
        "2019-04": {
            "month": "2019-04",
            "price": "31.77",
            "revenue": 2156414
        },
        "2019-05": {
            "month": "2019-05",
            "price": "30.11",
            "revenue": 3187594
        },
        "2019-06": {
            "month": "2019-06",
            "price": "29.91",
            "revenue": 3882219
        },
        "2019-07": {
            "month": "2019-07",
            "price": "31.87",
            "revenue": 3304143
        },
        "2019-08": {
            "month": "2019-08",
            "price": "30.94",
            "revenue": 2670345
        },
        "2019-09": {
            "month": "2019-09",
            "price": "26.71",
            "revenue": 2819032
        },
        "2019-10": {
            "month": "2019-10",
            "price": "26.08",
            "revenue": 3242479
        },
        "2019-11": {
            "month": "2019-11",
            "price": "28.16",
            "revenue": 3781145
        },
        "2019-12": {
            "month": "2019-12",
            "price": "28.71",
            "revenue": 3295869
        },
        "2020-01": {
            "month": "2020-01",
            "price": "29.19",
            "revenue": 3099517
        },
        "2020-02": {
            "month": "2020-02",
            "price": "31.12",
            "revenue": 2525712
        },
        "2020-03": {
            "month": "2020-03",
            "price": "29.12",
            "revenue": 3058336
        },
        "2020-04": {
            "month": "2020-04",
            "price": "29.65",
            "revenue": 2752597
        },
        "2020-05": {
            "month": "2020-05",
            "price": "31.12",
            "revenue": 3692532
        },
        "2020-06": {
            "month": "2020-06",
            "price": "31.92",
            "revenue": 4275298
        },
        "2020-07": {
            "month": "2020-07",
            "price": "31.01",
            "revenue": 3837984
        },
        "2020-08": {
            "month": "2020-08",
            "price": "28.80",
            "revenue": 3821282
        },
        "2020-09": {
            "month": "2020-09",
            "price": "28.57",
            "revenue": 4192784
        },
        "2020-10": {
            "month": "2020-10",
            "price": "28.62",
            "revenue": 3724027
        },
        "2020-11": {
            "month": "2020-11",
            "price": "29.16",
            "revenue": 2676097
        },
        "2020-12": {
            "month": "2020-12",
            "price": "29.72",
            "revenue": 3626242
        },
        "2021-01": {
            "month": "2021-01",
            "price": "29.55",
            "revenue": 3514392
        },
        "2021-02": {
            "month": "2021-02",
            "price": "29.87",
            "revenue": 4017097
        },
        "2021-03": {
            "month": "2021-03",
            "price": "29.26",
            "revenue": 3896031
        },
        "2021-04": {
            "month": "2021-04",
            "price": "29.40",
            "revenue": 4136027
        },
        "2021-05": {
            "month": "2021-05",
            "price": "28.00",
            "revenue": 3382731
        },
        "2021-06": {
            "month": "2021-06",
            "price": "27.88",
            "revenue": 4523962
        },
        "2021-07": {
            "month": "2021-07",
            "price": "28.49",
            "revenue": 3350315
        },
        "2021-08": {
            "month": "2021-08",
            "price": "27.95",
            "revenue": 2867231
        },
        "2021-09": {
            "month": "2021-09",
            "price": "28.56",
            "revenue": 3065870
        },
        "2021-10": {
            "month": "2021-10",
            "price": "28.18",
            "revenue": 2702986
        },
        "2021-11": {
            "month": "2021-11",
            "price": "31.00",
            "revenue": 3460295
        },
        "2021-12": {
            "month": "2021-12",
            "price": "33.56",
            "revenue": 3268835
        },
        "2022-01": {
            "month": "2022-01",
            "price": "33.53",
            "revenue": 4133379
        },
        "2022-02": {
            "month": "2022-02",
            "price": "33.82",
            "revenue": 2910540
        },
        "2022-03": {
            "month": "2022-03",
            "price": "32.00",
            "revenue": 4269127
        },
        "2022-04": {
            "month": "2022-04",
            "price": "28.33",
            "revenue": 3034004
        },
        "2022-05": {
            "month": "2022-05",
            "price": "27.37",
            "revenue": 4550624
        },
        "2022-06": {
            "month": "2022-06",
            "price": "28.06",
            "revenue": 3962560
        },
        "2022-07": {
            "month": "2022-07",
            "price": "27.37",
            "revenue": 4046413
        },
        "2022-08": {
            "month": "2022-08",
            "price": "28.51",
            "revenue": 3822003
        },
        "2022-09": {
            "month": "2022-09",
            "price": "27.49",
            "revenue": 4476631
        },
        "2022-10": {
            "month": "2022-10",
            "price": "26.80",
            "revenue": 4362424
        },
        "2022-11": {
            "month": "2022-11",
            "price": "28.65",
            "revenue": 3886589
        },
        "2022-12": {
            "month": "2022-12",
            "price": "29.56",
            "revenue": 4378663
        },
        "2023-01": {
            "month": "2023-01",
            "price": "29.94",
            "revenue": 2662557
        },
        "2023-02": {
            "month": "2023-02",
            "price": "31.11",
            "revenue": 2314454
        },
        "2023-03": {
            "month": "2023-03",
            "price": "28.56",
            "revenue": 4038700
        },
        "2023-04": {
            "month": "2023-04",
            "price": "27.96",
            "revenue": 3705364
        }
    }
}
