{
    "summary": {
        "stock_name": "漢磊",
        "stock_id": "3707",
        "category": "半導體",
        "main_business": "功率半導體及類比積體電路的晶圓代工",
        "website_url": "https://www.episil.com",
        "ceo": "劉燦文",
        "pe_ratio": 50,
        "report_year_from": 2014,
        "report_year_to": 2023,
        "age": 9,
        "eps_negative_percentage": 56,
        "eps_growth_avg": {
            "last_all": 0,
            "last_2y": 100,
            "last_4y": 0,
            "last_8y": null,
            "last_12y": null,
            "last_16y": null,
            "last_20y": null,
            "at_2006_last_3y": null,
            "at_2007_last_3y": null,
            "at_2008_last_3y": null,
            "at_2009_last_3y": null,
            "at_2010_last_3y": null,
            "at_2011_last_3y": null,
            "at_2012_last_3y": null,
            "at_2013_last_3y": null,
            "at_2014_last_3y": null,
            "at_2015_last_3y": null,
            "at_2016_last_3y": null,
            "at_2017_last_3y": null,
            "at_2018_last_3y": null,
            "at_2019_last_3y": -100,
            "at_2020_last_3y": -100,
            "at_2021_last_3y": -100,
            "at_2022_last_3y": 0,
            "at_2023_last_3y": 0,
            "at_2006_last_all": null,
            "at_2007_last_all": null,
            "at_2008_last_all": null,
            "at_2009_last_all": null,
            "at_2010_last_all": null,
            "at_2011_last_all": null,
            "at_2012_last_all": null,
            "at_2013_last_all": null,
            "at_2014_last_all": null,
            "at_2015_last_all": null,
            "at_2016_last_all": null,
            "at_2017_last_all": null,
            "at_2018_last_all": null,
            "at_2019_last_all": -100,
            "at_2020_last_all": -100,
            "at_2021_last_all": -100,
            "at_2022_last_all": 0,
            "at_2023_last_all": 0
        },
        "latest_eps": 1.41,
        "latest_price": 70.5,
        "latest_roe": 8.33,
        "latest_gross_margin": 13.81,
        "latest_equity": 7537201,
        "latest_revenue": 1917970,
        "latest_gross_profit": 264894,
        "latest_net_income": 101504,
        "latest_debt_ratio": 40.88,
        "latest_current_ratio": 262.54,
        "latest_account_receivable_turnover_ratio": 1.57,
        "latest_inventory_turnover_ratio": 0.94,
        "latest_reinvestment_rate": 122.47,
        "latest_research_to_sale_ratio": 2.56
    },
    "eps_dividends": {
        "2001": {
            "cash": 0,
            "stock": 0,
            "eps": 0
        },
        "2002": {
            "cash": 0,
            "stock": 0,
            "eps": 0
        },
        "2003": {
            "cash": 0,
            "stock": 0,
            "eps": 0
        },
        "2004": {
            "cash": 0,
            "stock": 0,
            "eps": 0
        },
        "2005": {
            "cash": 0,
            "stock": 0,
            "eps": 0
        },
        "2006": {
            "cash": 0,
            "stock": 0,
            "eps": 0
        },
        "2007": {
            "cash": 0,
            "stock": 0,
            "eps": 0
        },
        "2008": {
            "cash": 0,
            "stock": 0,
            "eps": 0
        },
        "2009": {
            "cash": 0,
            "stock": 0,
            "eps": 0
        },
        "2010": {
            "cash": 0,
            "stock": 0,
            "eps": 0
        },
        "2011": {
            "cash": 0,
            "stock": 0,
            "eps": 0
        },
        "2012": {
            "cash": 0,
            "stock": 0,
            "eps": 0
        },
        "2013": {
            "cash": 0,
            "stock": 0,
            "eps": 0
        },
        "2014": {
            "cash": 0,
            "stock": 0,
            "eps": 0
        },
        "2015": {
            "cash": 0,
            "stock": 0,
            "eps": -3.39
        },
        "2016": {
            "cash": 0,
            "stock": 0,
            "eps": -2.44
        },
        "2017": {
            "cash": 0,
            "stock": 0,
            "eps": -0.67
        },
        "2018": {
            "cash": 0,
            "stock": 0,
            "eps": 0.26
        },
        "2019": {
            "cash": 0.15,
            "stock": 0,
            "eps": -2.12
        },
        "2020": {
            "cash": 0,
            "stock": 0,
            "eps": -1.65
        },
        "2021": {
            "cash": 0,
            "stock": 0,
            "eps": 0.71
        },
        "2022": {
            "cash": 0.35,
            "stock": 0,
            "eps": 2.47
        },
        "2023": {
            "cash": 1,
            "stock": 0,
            "eps": 0.28
        }
    },
    "dividends": {
        "2019-08-06": {
            "cash": 0.15,
            "stock": 0
        },
        "2022-08-05": {
            "cash": 0.35,
            "stock": 0
        },
        "2023-08-03": {
            "cash": 1,
            "stock": 0
        }
    },
    "prices": {
        "200101": "無",
        "200102": "無",
        "200103": "無",
        "200104": "無",
        "200105": "無",
        "200106": "無",
        "200107": "無",
        "200108": "無",
        "200109": "無",
        "200110": "無",
        "200111": "無",
        "200112": "無",
        "200201": "無",
        "200202": "無",
        "200203": "無",
        "200204": "無",
        "200205": "無",
        "200206": "無",
        "200207": "無",
        "200208": "無",
        "200209": "無",
        "200210": "無",
        "200211": "無",
        "200212": "無",
        "200301": "無",
        "200302": "無",
        "200303": "無",
        "200304": "無",
        "200305": "無",
        "200306": "無",
        "200307": "無",
        "200308": "無",
        "200309": "無",
        "200310": "無",
        "200311": "無",
        "200312": "無",
        "200401": "無",
        "200402": "無",
        "200403": "無",
        "200404": "無",
        "200405": "無",
        "200406": "無",
        "200407": "無",
        "200408": "無",
        "200409": "無",
        "200410": "無",
        "200411": "無",
        "200412": "無",
        "200501": "無",
        "200502": "無",
        "200503": "無",
        "200504": "無",
        "200505": "無",
        "200506": "無",
        "200507": "無",
        "200508": "無",
        "200509": "無",
        "200510": "無",
        "200511": "無",
        "200512": "無",
        "200601": "無",
        "200602": "無",
        "200603": "無",
        "200604": "無",
        "200605": "無",
        "200606": "無",
        "200607": "無",
        "200608": "無",
        "200609": "無",
        "200610": "無",
        "200611": "無",
        "200612": "無",
        "200701": "無",
        "200702": "無",
        "200703": "無",
        "200704": "無",
        "200705": "無",
        "200706": "無",
        "200707": "無",
        "200708": "無",
        "200709": "無",
        "200710": "無",
        "200711": "無",
        "200712": "無",
        "200801": "無",
        "200802": "無",
        "200803": "無",
        "200804": "無",
        "200805": "無",
        "200806": "無",
        "200807": "無",
        "200808": "無",
        "200809": "無",
        "200810": "無",
        "200811": "無",
        "200812": "無",
        "200901": "無",
        "200902": "無",
        "200903": "無",
        "200904": "無",
        "200905": "無",
        "200906": "無",
        "200907": "無",
        "200908": "無",
        "200909": "無",
        "200910": "無",
        "200911": "無",
        "200912": "無",
        "201001": "無",
        "201002": "無",
        "201003": "無",
        "201004": "無",
        "201005": "無",
        "201006": "無",
        "201007": "無",
        "201008": "無",
        "201009": "無",
        "201010": "無",
        "201011": "無",
        "201012": "無",
        "201101": "無",
        "201102": "無",
        "201103": "無",
        "201104": "無",
        "201105": "無",
        "201106": "無",
        "201107": "無",
        "201108": "無",
        "201109": "無",
        "201110": "無",
        "201111": "無",
        "201112": "無",
        "201201": "無",
        "201202": "無",
        "201203": "無",
        "201204": "無",
        "201205": "無",
        "201206": "無",
        "201207": "無",
        "201208": "無",
        "201209": "無",
        "201210": "無",
        "201211": "無",
        "201212": "無",
        "201301": "無",
        "201302": "無",
        "201303": "無",
        "201304": "無",
        "201305": "無",
        "201306": "無",
        "201307": "無",
        "201308": "無",
        "201309": "無",
        "201310": "無",
        "201311": "無",
        "201312": "無",
        "201401": "無",
        "201402": "無",
        "201403": "無",
        "201404": "無",
        "201405": "無",
        "201406": "無",
        "201407": "無",
        "201408": "無",
        "201409": "無",
        "201410": "14.88",
        "201411": "13.32",
        "201412": "13.81",
        "201501": "15.49",
        "201502": "15.07",
        "201503": "14.82",
        "201504": "14.07",
        "201505": "12.52",
        "201506": "10.24",
        "201507": "8.65",
        "201508": "7.84",
        "201509": "8.33",
        "201510": "8.81",
        "201511": "8.77",
        "201512": "8.89",
        "201601": "8.06",
        "201602": "9.27",
        "201603": "11.98",
        "201604": "11.57",
        "201605": "11.06",
        "201606": "11.87",
        "201607": "12.00",
        "201608": "11.63",
        "201609": "11.15",
        "201610": "10.12",
        "201611": "9.28",
        "201612": "9.87",
        "201701": "10.26",
        "201702": "10.67",
        "201703": "12.68",
        "201704": "14.99",
        "201705": "13.93",
        "201706": "13.22",
        "201707": "13.89",
        "201708": "14.36",
        "201709": "15.60",
        "201710": "21.76",
        "201711": "25.90",
        "201712": "23.12",
        "201801": "24.74",
        "201802": "21.45",
        "201803": "23.94",
        "201804": "23.31",
        "201805": "26.65",
        "201806": "37.90",
        "201807": "33.75",
        "201808": "29.51",
        "201809": "23.88",
        "201810": "19.21",
        "201811": "19.49",
        "201812": "21.48",
        "201901": "19.84",
        "201902": "22.77",
        "201903": "21.31",
        "201904": "21.00",
        "201905": "17.06",
        "201906": "17.96",
        "201907": "21.32",
        "201908": "23.71",
        "201909": "28.90",
        "201910": "28.38",
        "201911": "27.18",
        "201912": "27.18",
        "202001": "26.73",
        "202002": "25.57",
        "202003": "25.45",
        "202004": "25.10",
        "202005": "26.44",
        "202006": "27.10",
        "202007": "29.25",
        "202008": "28.91",
        "202009": "28.55",
        "202010": "28.42",
        "202011": "29.01",
        "202012": "37.97",
        "202101": "46.12",
        "202102": "47.70",
        "202103": "51.23",
        "202104": "68.89",
        "202105": "58.75",
        "202106": "76.86",
        "202107": "99.33",
        "202108": "100.23",
        "202109": "108.86",
        "202110": "128.30",
        "202111": "152.09",
        "202112": "141.68",
        "202201": "119.92",
        "202202": "111.97",
        "202203": "122.78",
        "202204": "120.42",
        "202205": "116.29",
        "202206": "124.19",
        "202207": "93.29",
        "202208": "106.06",
        "202209": "107.04",
        "202210": "89.22",
        "202211": "95.56",
        "202212": "92.89",
        "202301": "89.62",
        "202302": "96.67",
        "202303": "90.00",
        "202304": "84.96",
        "202305": "77.63",
        "202306": "84.72",
        "202307": "84.16",
        "202308": "76.49",
        "202309": "77.34",
        "202310": "71.59"
    },
    "quarters": {
        "20011": {
            "year_quarter": 20011,
            "year": 2001,
            "quarter": 1,
            "eps": null,
            "eps_growth_year": null,
            "eps_4q": null,
            "eps_4q_growth_year": null,
            "roe": null,
            "roe_4q": 0,
            "gross_profit": null,
            "gross_margin": null,
            "gross_margin_4q_avg": 0,
            "net_income": null,
            "net_income_4q": null,
            "revenue": null,
            "revenue_4q": null,
            "common_shares": null,
            "book_valuer_per_share": null,
            "book_valuer_per_share_4q_avg": 0,
            "equity": null,
            "current_ratio": null,
            "debt_ratio": null,
            "inventory_turnover_ratio": null,
            "account_receivable_turnover_ratio": null,
            "reinvestment_rate": null,
            "research_to_sale_ratio": null,
            "price_fair": 0,
            "eps_avg_yearly": 0,
            "eps_latest_yearly": 0,
            "eps_growth_yearly": 0
        },
        "20012": {
            "year_quarter": 20012,
            "year": 2001,
            "quarter": 2,
            "eps": null,
            "eps_growth_year": null,
            "eps_4q": null,
            "eps_4q_growth_year": null,
            "roe": null,
            "roe_4q": 0,
            "gross_profit": null,
            "gross_margin": null,
            "gross_margin_4q_avg": 0,
            "net_income": null,
            "net_income_4q": null,
            "revenue": null,
            "revenue_4q": null,
            "common_shares": null,
            "book_valuer_per_share": null,
            "book_valuer_per_share_4q_avg": 0,
            "equity": null,
            "current_ratio": null,
            "debt_ratio": null,
            "inventory_turnover_ratio": null,
            "account_receivable_turnover_ratio": null,
            "reinvestment_rate": null,
            "research_to_sale_ratio": null,
            "price_fair": 0,
            "eps_avg_yearly": 0,
            "eps_latest_yearly": 0,
            "eps_growth_yearly": 0
        },
        "20013": {
            "year_quarter": 20013,
            "year": 2001,
            "quarter": 3,
            "eps": null,
            "eps_growth_year": null,
            "eps_4q": null,
            "eps_4q_growth_year": null,
            "roe": null,
            "roe_4q": 0,
            "gross_profit": null,
            "gross_margin": null,
            "gross_margin_4q_avg": 0,
            "net_income": null,
            "net_income_4q": null,
            "revenue": null,
            "revenue_4q": null,
            "common_shares": null,
            "book_valuer_per_share": null,
            "book_valuer_per_share_4q_avg": 0,
            "equity": null,
            "current_ratio": null,
            "debt_ratio": null,
            "inventory_turnover_ratio": null,
            "account_receivable_turnover_ratio": null,
            "reinvestment_rate": null,
            "research_to_sale_ratio": null,
            "price_fair": 0,
            "eps_avg_yearly": 0,
            "eps_latest_yearly": 0,
            "eps_growth_yearly": 0
        },
        "20014": {
            "year_quarter": 20014,
            "year": 2001,
            "quarter": 4,
            "eps": null,
            "eps_growth_year": null,
            "eps_4q": null,
            "eps_4q_growth_year": null,
            "roe": null,
            "roe_4q": 0,
            "gross_profit": null,
            "gross_margin": null,
            "gross_margin_4q_avg": 0,
            "net_income": null,
            "net_income_4q": null,
            "revenue": null,
            "revenue_4q": null,
            "common_shares": null,
            "book_valuer_per_share": null,
            "book_valuer_per_share_4q_avg": 0,
            "equity": null,
            "current_ratio": null,
            "debt_ratio": null,
            "inventory_turnover_ratio": null,
            "account_receivable_turnover_ratio": null,
            "reinvestment_rate": null,
            "research_to_sale_ratio": null,
            "price_fair": 0,
            "eps_avg_yearly": 0,
            "eps_latest_yearly": 0,
            "eps_growth_yearly": 0
        },
        "20021": {
            "year_quarter": 20021,
            "year": 2002,
            "quarter": 1,
            "eps": null,
            "eps_growth_year": null,
            "eps_4q": null,
            "eps_4q_growth_year": null,
            "roe": null,
            "roe_4q": 0,
            "gross_profit": null,
            "gross_margin": null,
            "gross_margin_4q_avg": 0,
            "net_income": null,
            "net_income_4q": null,
            "revenue": null,
            "revenue_4q": null,
            "common_shares": null,
            "book_valuer_per_share": null,
            "book_valuer_per_share_4q_avg": 0,
            "equity": null,
            "current_ratio": null,
            "debt_ratio": null,
            "inventory_turnover_ratio": null,
            "account_receivable_turnover_ratio": null,
            "reinvestment_rate": null,
            "research_to_sale_ratio": null,
            "price_fair": 0,
            "eps_avg_yearly": 0,
            "eps_latest_yearly": 0,
            "eps_growth_yearly": 0
        },
        "20022": {
            "year_quarter": 20022,
            "year": 2002,
            "quarter": 2,
            "eps": null,
            "eps_growth_year": null,
            "eps_4q": null,
            "eps_4q_growth_year": null,
            "roe": null,
            "roe_4q": 0,
            "gross_profit": null,
            "gross_margin": null,
            "gross_margin_4q_avg": 0,
            "net_income": null,
            "net_income_4q": null,
            "revenue": null,
            "revenue_4q": null,
            "common_shares": null,
            "book_valuer_per_share": null,
            "book_valuer_per_share_4q_avg": 0,
            "equity": null,
            "current_ratio": null,
            "debt_ratio": null,
            "inventory_turnover_ratio": null,
            "account_receivable_turnover_ratio": null,
            "reinvestment_rate": null,
            "research_to_sale_ratio": null,
            "price_fair": 0,
            "eps_avg_yearly": 0,
            "eps_latest_yearly": 0,
            "eps_growth_yearly": 0
        },
        "20023": {
            "year_quarter": 20023,
            "year": 2002,
            "quarter": 3,
            "eps": null,
            "eps_growth_year": null,
            "eps_4q": null,
            "eps_4q_growth_year": null,
            "roe": null,
            "roe_4q": 0,
            "gross_profit": null,
            "gross_margin": null,
            "gross_margin_4q_avg": 0,
            "net_income": null,
            "net_income_4q": null,
            "revenue": null,
            "revenue_4q": null,
            "common_shares": null,
            "book_valuer_per_share": null,
            "book_valuer_per_share_4q_avg": 0,
            "equity": null,
            "current_ratio": null,
            "debt_ratio": null,
            "inventory_turnover_ratio": null,
            "account_receivable_turnover_ratio": null,
            "reinvestment_rate": null,
            "research_to_sale_ratio": null,
            "price_fair": 0,
            "eps_avg_yearly": 0,
            "eps_latest_yearly": 0,
            "eps_growth_yearly": 0
        },
        "20024": {
            "year_quarter": 20024,
            "year": 2002,
            "quarter": 4,
            "eps": null,
            "eps_growth_year": null,
            "eps_4q": null,
            "eps_4q_growth_year": null,
            "roe": null,
            "roe_4q": 0,
            "gross_profit": null,
            "gross_margin": null,
            "gross_margin_4q_avg": 0,
            "net_income": null,
            "net_income_4q": null,
            "revenue": null,
            "revenue_4q": null,
            "common_shares": null,
            "book_valuer_per_share": null,
            "book_valuer_per_share_4q_avg": 0,
            "equity": null,
            "current_ratio": null,
            "debt_ratio": null,
            "inventory_turnover_ratio": null,
            "account_receivable_turnover_ratio": null,
            "reinvestment_rate": null,
            "research_to_sale_ratio": null,
            "price_fair": 0,
            "eps_avg_yearly": 0,
            "eps_latest_yearly": 0,
            "eps_growth_yearly": 0
        },
        "20031": {
            "year_quarter": 20031,
            "year": 2003,
            "quarter": 1,
            "eps": null,
            "eps_growth_year": null,
            "eps_4q": null,
            "eps_4q_growth_year": null,
            "roe": null,
            "roe_4q": 0,
            "gross_profit": null,
            "gross_margin": null,
            "gross_margin_4q_avg": 0,
            "net_income": null,
            "net_income_4q": null,
            "revenue": null,
            "revenue_4q": null,
            "common_shares": null,
            "book_valuer_per_share": null,
            "book_valuer_per_share_4q_avg": 0,
            "equity": null,
            "current_ratio": null,
            "debt_ratio": null,
            "inventory_turnover_ratio": null,
            "account_receivable_turnover_ratio": null,
            "reinvestment_rate": null,
            "research_to_sale_ratio": null,
            "price_fair": 0,
            "eps_avg_yearly": 0,
            "eps_latest_yearly": 0,
            "eps_growth_yearly": 0
        },
        "20032": {
            "year_quarter": 20032,
            "year": 2003,
            "quarter": 2,
            "eps": null,
            "eps_growth_year": null,
            "eps_4q": null,
            "eps_4q_growth_year": null,
            "roe": null,
            "roe_4q": 0,
            "gross_profit": null,
            "gross_margin": null,
            "gross_margin_4q_avg": 0,
            "net_income": null,
            "net_income_4q": null,
            "revenue": null,
            "revenue_4q": null,
            "common_shares": null,
            "book_valuer_per_share": null,
            "book_valuer_per_share_4q_avg": 0,
            "equity": null,
            "current_ratio": null,
            "debt_ratio": null,
            "inventory_turnover_ratio": null,
            "account_receivable_turnover_ratio": null,
            "reinvestment_rate": null,
            "research_to_sale_ratio": null,
            "price_fair": 0,
            "eps_avg_yearly": 0,
            "eps_latest_yearly": 0,
            "eps_growth_yearly": 0
        },
        "20033": {
            "year_quarter": 20033,
            "year": 2003,
            "quarter": 3,
            "eps": null,
            "eps_growth_year": null,
            "eps_4q": null,
            "eps_4q_growth_year": null,
            "roe": null,
            "roe_4q": 0,
            "gross_profit": null,
            "gross_margin": null,
            "gross_margin_4q_avg": 0,
            "net_income": null,
            "net_income_4q": null,
            "revenue": null,
            "revenue_4q": null,
            "common_shares": null,
            "book_valuer_per_share": null,
            "book_valuer_per_share_4q_avg": 0,
            "equity": null,
            "current_ratio": null,
            "debt_ratio": null,
            "inventory_turnover_ratio": null,
            "account_receivable_turnover_ratio": null,
            "reinvestment_rate": null,
            "research_to_sale_ratio": null,
            "price_fair": 0,
            "eps_avg_yearly": 0,
            "eps_latest_yearly": 0,
            "eps_growth_yearly": 0
        },
        "20034": {
            "year_quarter": 20034,
            "year": 2003,
            "quarter": 4,
            "eps": null,
            "eps_growth_year": null,
            "eps_4q": null,
            "eps_4q_growth_year": null,
            "roe": null,
            "roe_4q": 0,
            "gross_profit": null,
            "gross_margin": null,
            "gross_margin_4q_avg": 0,
            "net_income": null,
            "net_income_4q": null,
            "revenue": null,
            "revenue_4q": null,
            "common_shares": null,
            "book_valuer_per_share": null,
            "book_valuer_per_share_4q_avg": 0,
            "equity": null,
            "current_ratio": null,
            "debt_ratio": null,
            "inventory_turnover_ratio": null,
            "account_receivable_turnover_ratio": null,
            "reinvestment_rate": null,
            "research_to_sale_ratio": null,
            "price_fair": 0,
            "eps_avg_yearly": 0,
            "eps_latest_yearly": 0,
            "eps_growth_yearly": 0
        },
        "20041": {
            "year_quarter": 20041,
            "year": 2004,
            "quarter": 1,
            "eps": null,
            "eps_growth_year": null,
            "eps_4q": null,
            "eps_4q_growth_year": null,
            "roe": null,
            "roe_4q": 0,
            "gross_profit": null,
            "gross_margin": null,
            "gross_margin_4q_avg": 0,
            "net_income": null,
            "net_income_4q": null,
            "revenue": null,
            "revenue_4q": null,
            "common_shares": null,
            "book_valuer_per_share": null,
            "book_valuer_per_share_4q_avg": 0,
            "equity": null,
            "current_ratio": null,
            "debt_ratio": null,
            "inventory_turnover_ratio": null,
            "account_receivable_turnover_ratio": null,
            "reinvestment_rate": null,
            "research_to_sale_ratio": null,
            "price_fair": 0,
            "eps_avg_yearly": 0,
            "eps_latest_yearly": 0,
            "eps_growth_yearly": 0
        },
        "20042": {
            "year_quarter": 20042,
            "year": 2004,
            "quarter": 2,
            "eps": null,
            "eps_growth_year": null,
            "eps_4q": null,
            "eps_4q_growth_year": null,
            "roe": null,
            "roe_4q": 0,
            "gross_profit": null,
            "gross_margin": null,
            "gross_margin_4q_avg": 0,
            "net_income": null,
            "net_income_4q": null,
            "revenue": null,
            "revenue_4q": null,
            "common_shares": null,
            "book_valuer_per_share": null,
            "book_valuer_per_share_4q_avg": 0,
            "equity": null,
            "current_ratio": null,
            "debt_ratio": null,
            "inventory_turnover_ratio": null,
            "account_receivable_turnover_ratio": null,
            "reinvestment_rate": null,
            "research_to_sale_ratio": null,
            "price_fair": 0,
            "eps_avg_yearly": 0,
            "eps_latest_yearly": 0,
            "eps_growth_yearly": 0
        },
        "20043": {
            "year_quarter": 20043,
            "year": 2004,
            "quarter": 3,
            "eps": null,
            "eps_growth_year": null,
            "eps_4q": null,
            "eps_4q_growth_year": null,
            "roe": null,
            "roe_4q": 0,
            "gross_profit": null,
            "gross_margin": null,
            "gross_margin_4q_avg": 0,
            "net_income": null,
            "net_income_4q": null,
            "revenue": null,
            "revenue_4q": null,
            "common_shares": null,
            "book_valuer_per_share": null,
            "book_valuer_per_share_4q_avg": 0,
            "equity": null,
            "current_ratio": null,
            "debt_ratio": null,
            "inventory_turnover_ratio": null,
            "account_receivable_turnover_ratio": null,
            "reinvestment_rate": null,
            "research_to_sale_ratio": null,
            "price_fair": 0,
            "eps_avg_yearly": 0,
            "eps_latest_yearly": 0,
            "eps_growth_yearly": 0
        },
        "20044": {
            "year_quarter": 20044,
            "year": 2004,
            "quarter": 4,
            "eps": null,
            "eps_growth_year": null,
            "eps_4q": null,
            "eps_4q_growth_year": null,
            "roe": null,
            "roe_4q": 0,
            "gross_profit": null,
            "gross_margin": null,
            "gross_margin_4q_avg": 0,
            "net_income": null,
            "net_income_4q": null,
            "revenue": null,
            "revenue_4q": null,
            "common_shares": null,
            "book_valuer_per_share": null,
            "book_valuer_per_share_4q_avg": 0,
            "equity": null,
            "current_ratio": null,
            "debt_ratio": null,
            "inventory_turnover_ratio": null,
            "account_receivable_turnover_ratio": null,
            "reinvestment_rate": null,
            "research_to_sale_ratio": null,
            "price_fair": 0,
            "eps_avg_yearly": 0,
            "eps_latest_yearly": 0,
            "eps_growth_yearly": 0
        },
        "20051": {
            "year_quarter": 20051,
            "year": 2005,
            "quarter": 1,
            "eps": null,
            "eps_growth_year": null,
            "eps_4q": null,
            "eps_4q_growth_year": null,
            "roe": null,
            "roe_4q": 0,
            "gross_profit": null,
            "gross_margin": null,
            "gross_margin_4q_avg": 0,
            "net_income": null,
            "net_income_4q": null,
            "revenue": null,
            "revenue_4q": null,
            "common_shares": null,
            "book_valuer_per_share": null,
            "book_valuer_per_share_4q_avg": 0,
            "equity": null,
            "current_ratio": null,
            "debt_ratio": null,
            "inventory_turnover_ratio": null,
            "account_receivable_turnover_ratio": null,
            "reinvestment_rate": null,
            "research_to_sale_ratio": null,
            "price_fair": 0,
            "eps_avg_yearly": 0,
            "eps_latest_yearly": 0,
            "eps_growth_yearly": 0
        },
        "20052": {
            "year_quarter": 20052,
            "year": 2005,
            "quarter": 2,
            "eps": null,
            "eps_growth_year": null,
            "eps_4q": null,
            "eps_4q_growth_year": null,
            "roe": null,
            "roe_4q": 0,
            "gross_profit": null,
            "gross_margin": null,
            "gross_margin_4q_avg": 0,
            "net_income": null,
            "net_income_4q": null,
            "revenue": null,
            "revenue_4q": null,
            "common_shares": null,
            "book_valuer_per_share": null,
            "book_valuer_per_share_4q_avg": 0,
            "equity": null,
            "current_ratio": null,
            "debt_ratio": null,
            "inventory_turnover_ratio": null,
            "account_receivable_turnover_ratio": null,
            "reinvestment_rate": null,
            "research_to_sale_ratio": null,
            "price_fair": 0,
            "eps_avg_yearly": 0,
            "eps_latest_yearly": 0,
            "eps_growth_yearly": 0
        },
        "20053": {
            "year_quarter": 20053,
            "year": 2005,
            "quarter": 3,
            "eps": null,
            "eps_growth_year": null,
            "eps_4q": null,
            "eps_4q_growth_year": null,
            "roe": null,
            "roe_4q": 0,
            "gross_profit": null,
            "gross_margin": null,
            "gross_margin_4q_avg": 0,
            "net_income": null,
            "net_income_4q": null,
            "revenue": null,
            "revenue_4q": null,
            "common_shares": null,
            "book_valuer_per_share": null,
            "book_valuer_per_share_4q_avg": 0,
            "equity": null,
            "current_ratio": null,
            "debt_ratio": null,
            "inventory_turnover_ratio": null,
            "account_receivable_turnover_ratio": null,
            "reinvestment_rate": null,
            "research_to_sale_ratio": null,
            "price_fair": 0,
            "eps_avg_yearly": 0,
            "eps_latest_yearly": 0,
            "eps_growth_yearly": 0
        },
        "20054": {
            "year_quarter": 20054,
            "year": 2005,
            "quarter": 4,
            "eps": null,
            "eps_growth_year": null,
            "eps_4q": null,
            "eps_4q_growth_year": null,
            "roe": null,
            "roe_4q": 0,
            "gross_profit": null,
            "gross_margin": null,
            "gross_margin_4q_avg": 0,
            "net_income": null,
            "net_income_4q": null,
            "revenue": null,
            "revenue_4q": null,
            "common_shares": null,
            "book_valuer_per_share": null,
            "book_valuer_per_share_4q_avg": 0,
            "equity": null,
            "current_ratio": null,
            "debt_ratio": null,
            "inventory_turnover_ratio": null,
            "account_receivable_turnover_ratio": null,
            "reinvestment_rate": null,
            "research_to_sale_ratio": null,
            "price_fair": 0,
            "eps_avg_yearly": 0,
            "eps_latest_yearly": 0,
            "eps_growth_yearly": 0
        },
        "20061": {
            "year_quarter": 20061,
            "year": 2006,
            "quarter": 1,
            "eps": null,
            "eps_growth_year": null,
            "eps_4q": null,
            "eps_4q_growth_year": null,
            "roe": null,
            "roe_4q": 0,
            "gross_profit": null,
            "gross_margin": null,
            "gross_margin_4q_avg": 0,
            "net_income": null,
            "net_income_4q": null,
            "revenue": null,
            "revenue_4q": null,
            "common_shares": null,
            "book_valuer_per_share": null,
            "book_valuer_per_share_4q_avg": 0,
            "equity": null,
            "current_ratio": null,
            "debt_ratio": null,
            "inventory_turnover_ratio": null,
            "account_receivable_turnover_ratio": null,
            "reinvestment_rate": null,
            "research_to_sale_ratio": null,
            "price_fair": 0,
            "eps_avg_yearly": 0,
            "eps_latest_yearly": 0,
            "eps_growth_yearly": 0
        },
        "20062": {
            "year_quarter": 20062,
            "year": 2006,
            "quarter": 2,
            "eps": null,
            "eps_growth_year": null,
            "eps_4q": null,
            "eps_4q_growth_year": null,
            "roe": null,
            "roe_4q": 0,
            "gross_profit": null,
            "gross_margin": null,
            "gross_margin_4q_avg": 0,
            "net_income": null,
            "net_income_4q": null,
            "revenue": null,
            "revenue_4q": null,
            "common_shares": null,
            "book_valuer_per_share": null,
            "book_valuer_per_share_4q_avg": 0,
            "equity": null,
            "current_ratio": null,
            "debt_ratio": null,
            "inventory_turnover_ratio": null,
            "account_receivable_turnover_ratio": null,
            "reinvestment_rate": null,
            "research_to_sale_ratio": null,
            "price_fair": 0,
            "eps_avg_yearly": 0,
            "eps_latest_yearly": 0,
            "eps_growth_yearly": 0
        },
        "20063": {
            "year_quarter": 20063,
            "year": 2006,
            "quarter": 3,
            "eps": null,
            "eps_growth_year": null,
            "eps_4q": null,
            "eps_4q_growth_year": null,
            "roe": null,
            "roe_4q": 0,
            "gross_profit": null,
            "gross_margin": null,
            "gross_margin_4q_avg": 0,
            "net_income": null,
            "net_income_4q": null,
            "revenue": null,
            "revenue_4q": null,
            "common_shares": null,
            "book_valuer_per_share": null,
            "book_valuer_per_share_4q_avg": 0,
            "equity": null,
            "current_ratio": null,
            "debt_ratio": null,
            "inventory_turnover_ratio": null,
            "account_receivable_turnover_ratio": null,
            "reinvestment_rate": null,
            "research_to_sale_ratio": null,
            "price_fair": 0,
            "eps_avg_yearly": 0,
            "eps_latest_yearly": 0,
            "eps_growth_yearly": 0
        },
        "20064": {
            "year_quarter": 20064,
            "year": 2006,
            "quarter": 4,
            "eps": null,
            "eps_growth_year": null,
            "eps_4q": null,
            "eps_4q_growth_year": null,
            "roe": null,
            "roe_4q": 0,
            "gross_profit": null,
            "gross_margin": null,
            "gross_margin_4q_avg": 0,
            "net_income": null,
            "net_income_4q": null,
            "revenue": null,
            "revenue_4q": null,
            "common_shares": null,
            "book_valuer_per_share": null,
            "book_valuer_per_share_4q_avg": 0,
            "equity": null,
            "current_ratio": null,
            "debt_ratio": null,
            "inventory_turnover_ratio": null,
            "account_receivable_turnover_ratio": null,
            "reinvestment_rate": null,
            "research_to_sale_ratio": null,
            "price_fair": 0,
            "eps_avg_yearly": 0,
            "eps_latest_yearly": 0,
            "eps_growth_yearly": 0
        },
        "20071": {
            "year_quarter": 20071,
            "year": 2007,
            "quarter": 1,
            "eps": null,
            "eps_growth_year": null,
            "eps_4q": null,
            "eps_4q_growth_year": null,
            "roe": null,
            "roe_4q": 0,
            "gross_profit": null,
            "gross_margin": null,
            "gross_margin_4q_avg": 0,
            "net_income": null,
            "net_income_4q": null,
            "revenue": null,
            "revenue_4q": null,
            "common_shares": null,
            "book_valuer_per_share": null,
            "book_valuer_per_share_4q_avg": 0,
            "equity": null,
            "current_ratio": null,
            "debt_ratio": null,
            "inventory_turnover_ratio": null,
            "account_receivable_turnover_ratio": null,
            "reinvestment_rate": null,
            "research_to_sale_ratio": null,
            "price_fair": 0,
            "eps_avg_yearly": 0,
            "eps_latest_yearly": 0,
            "eps_growth_yearly": 0
        },
        "20072": {
            "year_quarter": 20072,
            "year": 2007,
            "quarter": 2,
            "eps": null,
            "eps_growth_year": null,
            "eps_4q": null,
            "eps_4q_growth_year": null,
            "roe": null,
            "roe_4q": 0,
            "gross_profit": null,
            "gross_margin": null,
            "gross_margin_4q_avg": 0,
            "net_income": null,
            "net_income_4q": null,
            "revenue": null,
            "revenue_4q": null,
            "common_shares": null,
            "book_valuer_per_share": null,
            "book_valuer_per_share_4q_avg": 0,
            "equity": null,
            "current_ratio": null,
            "debt_ratio": null,
            "inventory_turnover_ratio": null,
            "account_receivable_turnover_ratio": null,
            "reinvestment_rate": null,
            "research_to_sale_ratio": null,
            "price_fair": 0,
            "eps_avg_yearly": 0,
            "eps_latest_yearly": 0,
            "eps_growth_yearly": 0
        },
        "20073": {
            "year_quarter": 20073,
            "year": 2007,
            "quarter": 3,
            "eps": null,
            "eps_growth_year": null,
            "eps_4q": null,
            "eps_4q_growth_year": null,
            "roe": null,
            "roe_4q": 0,
            "gross_profit": null,
            "gross_margin": null,
            "gross_margin_4q_avg": 0,
            "net_income": null,
            "net_income_4q": null,
            "revenue": null,
            "revenue_4q": null,
            "common_shares": null,
            "book_valuer_per_share": null,
            "book_valuer_per_share_4q_avg": 0,
            "equity": null,
            "current_ratio": null,
            "debt_ratio": null,
            "inventory_turnover_ratio": null,
            "account_receivable_turnover_ratio": null,
            "reinvestment_rate": null,
            "research_to_sale_ratio": null,
            "price_fair": 0,
            "eps_avg_yearly": 0,
            "eps_latest_yearly": 0,
            "eps_growth_yearly": 0
        },
        "20074": {
            "year_quarter": 20074,
            "year": 2007,
            "quarter": 4,
            "eps": null,
            "eps_growth_year": null,
            "eps_4q": null,
            "eps_4q_growth_year": null,
            "roe": null,
            "roe_4q": 0,
            "gross_profit": null,
            "gross_margin": null,
            "gross_margin_4q_avg": 0,
            "net_income": null,
            "net_income_4q": null,
            "revenue": null,
            "revenue_4q": null,
            "common_shares": null,
            "book_valuer_per_share": null,
            "book_valuer_per_share_4q_avg": 0,
            "equity": null,
            "current_ratio": null,
            "debt_ratio": null,
            "inventory_turnover_ratio": null,
            "account_receivable_turnover_ratio": null,
            "reinvestment_rate": null,
            "research_to_sale_ratio": null,
            "price_fair": 0,
            "eps_avg_yearly": 0,
            "eps_latest_yearly": 0,
            "eps_growth_yearly": 0
        },
        "20081": {
            "year_quarter": 20081,
            "year": 2008,
            "quarter": 1,
            "eps": null,
            "eps_growth_year": null,
            "eps_4q": null,
            "eps_4q_growth_year": null,
            "roe": null,
            "roe_4q": 0,
            "gross_profit": null,
            "gross_margin": null,
            "gross_margin_4q_avg": 0,
            "net_income": null,
            "net_income_4q": null,
            "revenue": null,
            "revenue_4q": null,
            "common_shares": null,
            "book_valuer_per_share": null,
            "book_valuer_per_share_4q_avg": 0,
            "equity": null,
            "current_ratio": null,
            "debt_ratio": null,
            "inventory_turnover_ratio": null,
            "account_receivable_turnover_ratio": null,
            "reinvestment_rate": null,
            "research_to_sale_ratio": null,
            "price_fair": 0,
            "eps_avg_yearly": 0,
            "eps_latest_yearly": 0,
            "eps_growth_yearly": 0
        },
        "20082": {
            "year_quarter": 20082,
            "year": 2008,
            "quarter": 2,
            "eps": null,
            "eps_growth_year": null,
            "eps_4q": null,
            "eps_4q_growth_year": null,
            "roe": null,
            "roe_4q": 0,
            "gross_profit": null,
            "gross_margin": null,
            "gross_margin_4q_avg": 0,
            "net_income": null,
            "net_income_4q": null,
            "revenue": null,
            "revenue_4q": null,
            "common_shares": null,
            "book_valuer_per_share": null,
            "book_valuer_per_share_4q_avg": 0,
            "equity": null,
            "current_ratio": null,
            "debt_ratio": null,
            "inventory_turnover_ratio": null,
            "account_receivable_turnover_ratio": null,
            "reinvestment_rate": null,
            "research_to_sale_ratio": null,
            "price_fair": 0,
            "eps_avg_yearly": 0,
            "eps_latest_yearly": 0,
            "eps_growth_yearly": 0
        },
        "20083": {
            "year_quarter": 20083,
            "year": 2008,
            "quarter": 3,
            "eps": null,
            "eps_growth_year": null,
            "eps_4q": null,
            "eps_4q_growth_year": null,
            "roe": null,
            "roe_4q": 0,
            "gross_profit": null,
            "gross_margin": null,
            "gross_margin_4q_avg": 0,
            "net_income": null,
            "net_income_4q": null,
            "revenue": null,
            "revenue_4q": null,
            "common_shares": null,
            "book_valuer_per_share": null,
            "book_valuer_per_share_4q_avg": 0,
            "equity": null,
            "current_ratio": null,
            "debt_ratio": null,
            "inventory_turnover_ratio": null,
            "account_receivable_turnover_ratio": null,
            "reinvestment_rate": null,
            "research_to_sale_ratio": null,
            "price_fair": 0,
            "eps_avg_yearly": 0,
            "eps_latest_yearly": 0,
            "eps_growth_yearly": 0
        },
        "20084": {
            "year_quarter": 20084,
            "year": 2008,
            "quarter": 4,
            "eps": null,
            "eps_growth_year": null,
            "eps_4q": null,
            "eps_4q_growth_year": null,
            "roe": null,
            "roe_4q": 0,
            "gross_profit": null,
            "gross_margin": null,
            "gross_margin_4q_avg": 0,
            "net_income": null,
            "net_income_4q": null,
            "revenue": null,
            "revenue_4q": null,
            "common_shares": null,
            "book_valuer_per_share": null,
            "book_valuer_per_share_4q_avg": 0,
            "equity": null,
            "current_ratio": null,
            "debt_ratio": null,
            "inventory_turnover_ratio": null,
            "account_receivable_turnover_ratio": null,
            "reinvestment_rate": null,
            "research_to_sale_ratio": null,
            "price_fair": 0,
            "eps_avg_yearly": 0,
            "eps_latest_yearly": 0,
            "eps_growth_yearly": 0
        },
        "20091": {
            "year_quarter": 20091,
            "year": 2009,
            "quarter": 1,
            "eps": null,
            "eps_growth_year": null,
            "eps_4q": null,
            "eps_4q_growth_year": null,
            "roe": null,
            "roe_4q": 0,
            "gross_profit": null,
            "gross_margin": null,
            "gross_margin_4q_avg": 0,
            "net_income": null,
            "net_income_4q": null,
            "revenue": null,
            "revenue_4q": null,
            "common_shares": null,
            "book_valuer_per_share": null,
            "book_valuer_per_share_4q_avg": 0,
            "equity": null,
            "current_ratio": null,
            "debt_ratio": null,
            "inventory_turnover_ratio": null,
            "account_receivable_turnover_ratio": null,
            "reinvestment_rate": null,
            "research_to_sale_ratio": null,
            "price_fair": 0,
            "eps_avg_yearly": 0,
            "eps_latest_yearly": 0,
            "eps_growth_yearly": 0
        },
        "20092": {
            "year_quarter": 20092,
            "year": 2009,
            "quarter": 2,
            "eps": null,
            "eps_growth_year": null,
            "eps_4q": null,
            "eps_4q_growth_year": null,
            "roe": null,
            "roe_4q": 0,
            "gross_profit": null,
            "gross_margin": null,
            "gross_margin_4q_avg": 0,
            "net_income": null,
            "net_income_4q": null,
            "revenue": null,
            "revenue_4q": null,
            "common_shares": null,
            "book_valuer_per_share": null,
            "book_valuer_per_share_4q_avg": 0,
            "equity": null,
            "current_ratio": null,
            "debt_ratio": null,
            "inventory_turnover_ratio": null,
            "account_receivable_turnover_ratio": null,
            "reinvestment_rate": null,
            "research_to_sale_ratio": null,
            "price_fair": 0,
            "eps_avg_yearly": 0,
            "eps_latest_yearly": 0,
            "eps_growth_yearly": 0
        },
        "20093": {
            "year_quarter": 20093,
            "year": 2009,
            "quarter": 3,
            "eps": null,
            "eps_growth_year": null,
            "eps_4q": null,
            "eps_4q_growth_year": null,
            "roe": null,
            "roe_4q": 0,
            "gross_profit": null,
            "gross_margin": null,
            "gross_margin_4q_avg": 0,
            "net_income": null,
            "net_income_4q": null,
            "revenue": null,
            "revenue_4q": null,
            "common_shares": null,
            "book_valuer_per_share": null,
            "book_valuer_per_share_4q_avg": 0,
            "equity": null,
            "current_ratio": null,
            "debt_ratio": null,
            "inventory_turnover_ratio": null,
            "account_receivable_turnover_ratio": null,
            "reinvestment_rate": null,
            "research_to_sale_ratio": null,
            "price_fair": 0,
            "eps_avg_yearly": 0,
            "eps_latest_yearly": 0,
            "eps_growth_yearly": 0
        },
        "20094": {
            "year_quarter": 20094,
            "year": 2009,
            "quarter": 4,
            "eps": null,
            "eps_growth_year": null,
            "eps_4q": null,
            "eps_4q_growth_year": null,
            "roe": null,
            "roe_4q": 0,
            "gross_profit": null,
            "gross_margin": null,
            "gross_margin_4q_avg": 0,
            "net_income": null,
            "net_income_4q": null,
            "revenue": null,
            "revenue_4q": null,
            "common_shares": null,
            "book_valuer_per_share": null,
            "book_valuer_per_share_4q_avg": 0,
            "equity": null,
            "current_ratio": null,
            "debt_ratio": null,
            "inventory_turnover_ratio": null,
            "account_receivable_turnover_ratio": null,
            "reinvestment_rate": null,
            "research_to_sale_ratio": null,
            "price_fair": 0,
            "eps_avg_yearly": 0,
            "eps_latest_yearly": 0,
            "eps_growth_yearly": 0
        },
        "20101": {
            "year_quarter": 20101,
            "year": 2010,
            "quarter": 1,
            "eps": null,
            "eps_growth_year": null,
            "eps_4q": null,
            "eps_4q_growth_year": null,
            "roe": null,
            "roe_4q": 0,
            "gross_profit": null,
            "gross_margin": null,
            "gross_margin_4q_avg": 0,
            "net_income": null,
            "net_income_4q": null,
            "revenue": null,
            "revenue_4q": null,
            "common_shares": null,
            "book_valuer_per_share": null,
            "book_valuer_per_share_4q_avg": 0,
            "equity": null,
            "current_ratio": null,
            "debt_ratio": null,
            "inventory_turnover_ratio": null,
            "account_receivable_turnover_ratio": null,
            "reinvestment_rate": null,
            "research_to_sale_ratio": null,
            "price_fair": 0,
            "eps_avg_yearly": 0,
            "eps_latest_yearly": 0,
            "eps_growth_yearly": 0
        },
        "20102": {
            "year_quarter": 20102,
            "year": 2010,
            "quarter": 2,
            "eps": null,
            "eps_growth_year": null,
            "eps_4q": null,
            "eps_4q_growth_year": null,
            "roe": null,
            "roe_4q": 0,
            "gross_profit": null,
            "gross_margin": null,
            "gross_margin_4q_avg": 0,
            "net_income": null,
            "net_income_4q": null,
            "revenue": null,
            "revenue_4q": null,
            "common_shares": null,
            "book_valuer_per_share": null,
            "book_valuer_per_share_4q_avg": 0,
            "equity": null,
            "current_ratio": null,
            "debt_ratio": null,
            "inventory_turnover_ratio": null,
            "account_receivable_turnover_ratio": null,
            "reinvestment_rate": null,
            "research_to_sale_ratio": null,
            "price_fair": 0,
            "eps_avg_yearly": 0,
            "eps_latest_yearly": 0,
            "eps_growth_yearly": 0
        },
        "20103": {
            "year_quarter": 20103,
            "year": 2010,
            "quarter": 3,
            "eps": null,
            "eps_growth_year": null,
            "eps_4q": null,
            "eps_4q_growth_year": null,
            "roe": null,
            "roe_4q": 0,
            "gross_profit": null,
            "gross_margin": null,
            "gross_margin_4q_avg": 0,
            "net_income": null,
            "net_income_4q": null,
            "revenue": null,
            "revenue_4q": null,
            "common_shares": null,
            "book_valuer_per_share": null,
            "book_valuer_per_share_4q_avg": 0,
            "equity": null,
            "current_ratio": null,
            "debt_ratio": null,
            "inventory_turnover_ratio": null,
            "account_receivable_turnover_ratio": null,
            "reinvestment_rate": null,
            "research_to_sale_ratio": null,
            "price_fair": 0,
            "eps_avg_yearly": 0,
            "eps_latest_yearly": 0,
            "eps_growth_yearly": 0
        },
        "20104": {
            "year_quarter": 20104,
            "year": 2010,
            "quarter": 4,
            "eps": null,
            "eps_growth_year": null,
            "eps_4q": null,
            "eps_4q_growth_year": null,
            "roe": null,
            "roe_4q": 0,
            "gross_profit": null,
            "gross_margin": null,
            "gross_margin_4q_avg": 0,
            "net_income": null,
            "net_income_4q": null,
            "revenue": null,
            "revenue_4q": null,
            "common_shares": null,
            "book_valuer_per_share": null,
            "book_valuer_per_share_4q_avg": 0,
            "equity": null,
            "current_ratio": null,
            "debt_ratio": null,
            "inventory_turnover_ratio": null,
            "account_receivable_turnover_ratio": null,
            "reinvestment_rate": null,
            "research_to_sale_ratio": null,
            "price_fair": 0,
            "eps_avg_yearly": 0,
            "eps_latest_yearly": 0,
            "eps_growth_yearly": 0
        },
        "20111": {
            "year_quarter": 20111,
            "year": 2011,
            "quarter": 1,
            "eps": null,
            "eps_growth_year": null,
            "eps_4q": null,
            "eps_4q_growth_year": null,
            "roe": null,
            "roe_4q": 0,
            "gross_profit": null,
            "gross_margin": null,
            "gross_margin_4q_avg": 0,
            "net_income": null,
            "net_income_4q": null,
            "revenue": null,
            "revenue_4q": null,
            "common_shares": null,
            "book_valuer_per_share": null,
            "book_valuer_per_share_4q_avg": 0,
            "equity": null,
            "current_ratio": null,
            "debt_ratio": null,
            "inventory_turnover_ratio": null,
            "account_receivable_turnover_ratio": null,
            "reinvestment_rate": null,
            "research_to_sale_ratio": null,
            "price_fair": 0,
            "eps_avg_yearly": 0,
            "eps_latest_yearly": 0,
            "eps_growth_yearly": 0
        },
        "20112": {
            "year_quarter": 20112,
            "year": 2011,
            "quarter": 2,
            "eps": null,
            "eps_growth_year": null,
            "eps_4q": null,
            "eps_4q_growth_year": null,
            "roe": null,
            "roe_4q": 0,
            "gross_profit": null,
            "gross_margin": null,
            "gross_margin_4q_avg": 0,
            "net_income": null,
            "net_income_4q": null,
            "revenue": null,
            "revenue_4q": null,
            "common_shares": null,
            "book_valuer_per_share": null,
            "book_valuer_per_share_4q_avg": 0,
            "equity": null,
            "current_ratio": null,
            "debt_ratio": null,
            "inventory_turnover_ratio": null,
            "account_receivable_turnover_ratio": null,
            "reinvestment_rate": null,
            "research_to_sale_ratio": null,
            "price_fair": 0,
            "eps_avg_yearly": 0,
            "eps_latest_yearly": 0,
            "eps_growth_yearly": 0
        },
        "20113": {
            "year_quarter": 20113,
            "year": 2011,
            "quarter": 3,
            "eps": null,
            "eps_growth_year": null,
            "eps_4q": null,
            "eps_4q_growth_year": null,
            "roe": null,
            "roe_4q": 0,
            "gross_profit": null,
            "gross_margin": null,
            "gross_margin_4q_avg": 0,
            "net_income": null,
            "net_income_4q": null,
            "revenue": null,
            "revenue_4q": null,
            "common_shares": null,
            "book_valuer_per_share": null,
            "book_valuer_per_share_4q_avg": 0,
            "equity": null,
            "current_ratio": null,
            "debt_ratio": null,
            "inventory_turnover_ratio": null,
            "account_receivable_turnover_ratio": null,
            "reinvestment_rate": null,
            "research_to_sale_ratio": null,
            "price_fair": 0,
            "eps_avg_yearly": 0,
            "eps_latest_yearly": 0,
            "eps_growth_yearly": 0
        },
        "20114": {
            "year_quarter": 20114,
            "year": 2011,
            "quarter": 4,
            "eps": null,
            "eps_growth_year": null,
            "eps_4q": null,
            "eps_4q_growth_year": null,
            "roe": null,
            "roe_4q": 0,
            "gross_profit": null,
            "gross_margin": null,
            "gross_margin_4q_avg": 0,
            "net_income": null,
            "net_income_4q": null,
            "revenue": null,
            "revenue_4q": null,
            "common_shares": null,
            "book_valuer_per_share": null,
            "book_valuer_per_share_4q_avg": 0,
            "equity": null,
            "current_ratio": null,
            "debt_ratio": null,
            "inventory_turnover_ratio": null,
            "account_receivable_turnover_ratio": null,
            "reinvestment_rate": null,
            "research_to_sale_ratio": null,
            "price_fair": 0,
            "eps_avg_yearly": 0,
            "eps_latest_yearly": 0,
            "eps_growth_yearly": 0
        },
        "20121": {
            "year_quarter": 20121,
            "year": 2012,
            "quarter": 1,
            "eps": null,
            "eps_growth_year": null,
            "eps_4q": null,
            "eps_4q_growth_year": null,
            "roe": null,
            "roe_4q": 0,
            "gross_profit": null,
            "gross_margin": null,
            "gross_margin_4q_avg": 0,
            "net_income": null,
            "net_income_4q": null,
            "revenue": null,
            "revenue_4q": null,
            "common_shares": null,
            "book_valuer_per_share": null,
            "book_valuer_per_share_4q_avg": 0,
            "equity": null,
            "current_ratio": null,
            "debt_ratio": null,
            "inventory_turnover_ratio": null,
            "account_receivable_turnover_ratio": null,
            "reinvestment_rate": null,
            "research_to_sale_ratio": null,
            "price_fair": 0,
            "eps_avg_yearly": 0,
            "eps_latest_yearly": 0,
            "eps_growth_yearly": 0
        },
        "20122": {
            "year_quarter": 20122,
            "year": 2012,
            "quarter": 2,
            "eps": null,
            "eps_growth_year": null,
            "eps_4q": null,
            "eps_4q_growth_year": null,
            "roe": null,
            "roe_4q": 0,
            "gross_profit": null,
            "gross_margin": null,
            "gross_margin_4q_avg": 0,
            "net_income": null,
            "net_income_4q": null,
            "revenue": null,
            "revenue_4q": null,
            "common_shares": null,
            "book_valuer_per_share": null,
            "book_valuer_per_share_4q_avg": 0,
            "equity": null,
            "current_ratio": null,
            "debt_ratio": null,
            "inventory_turnover_ratio": null,
            "account_receivable_turnover_ratio": null,
            "reinvestment_rate": null,
            "research_to_sale_ratio": null,
            "price_fair": 0,
            "eps_avg_yearly": 0,
            "eps_latest_yearly": 0,
            "eps_growth_yearly": 0
        },
        "20123": {
            "year_quarter": 20123,
            "year": 2012,
            "quarter": 3,
            "eps": null,
            "eps_growth_year": null,
            "eps_4q": null,
            "eps_4q_growth_year": null,
            "roe": null,
            "roe_4q": 0,
            "gross_profit": null,
            "gross_margin": null,
            "gross_margin_4q_avg": 0,
            "net_income": null,
            "net_income_4q": null,
            "revenue": null,
            "revenue_4q": null,
            "common_shares": null,
            "book_valuer_per_share": null,
            "book_valuer_per_share_4q_avg": 0,
            "equity": null,
            "current_ratio": null,
            "debt_ratio": null,
            "inventory_turnover_ratio": null,
            "account_receivable_turnover_ratio": null,
            "reinvestment_rate": null,
            "research_to_sale_ratio": null,
            "price_fair": 0,
            "eps_avg_yearly": 0,
            "eps_latest_yearly": 0,
            "eps_growth_yearly": 0
        },
        "20124": {
            "year_quarter": 20124,
            "year": 2012,
            "quarter": 4,
            "eps": null,
            "eps_growth_year": null,
            "eps_4q": null,
            "eps_4q_growth_year": null,
            "roe": null,
            "roe_4q": 0,
            "gross_profit": null,
            "gross_margin": null,
            "gross_margin_4q_avg": 0,
            "net_income": null,
            "net_income_4q": null,
            "revenue": null,
            "revenue_4q": null,
            "common_shares": null,
            "book_valuer_per_share": null,
            "book_valuer_per_share_4q_avg": 0,
            "equity": null,
            "current_ratio": null,
            "debt_ratio": null,
            "inventory_turnover_ratio": null,
            "account_receivable_turnover_ratio": null,
            "reinvestment_rate": null,
            "research_to_sale_ratio": null,
            "price_fair": 0,
            "eps_avg_yearly": 0,
            "eps_latest_yearly": 0,
            "eps_growth_yearly": 0
        },
        "20131": {
            "year_quarter": 20131,
            "year": 2013,
            "quarter": 1,
            "eps": null,
            "eps_growth_year": null,
            "eps_4q": null,
            "eps_4q_growth_year": null,
            "roe": null,
            "roe_4q": 0,
            "gross_profit": null,
            "gross_margin": null,
            "gross_margin_4q_avg": 0,
            "net_income": null,
            "net_income_4q": null,
            "revenue": null,
            "revenue_4q": null,
            "common_shares": null,
            "book_valuer_per_share": null,
            "book_valuer_per_share_4q_avg": 0,
            "equity": null,
            "current_ratio": null,
            "debt_ratio": null,
            "inventory_turnover_ratio": null,
            "account_receivable_turnover_ratio": null,
            "reinvestment_rate": null,
            "research_to_sale_ratio": null,
            "price_fair": 0,
            "eps_avg_yearly": 0,
            "eps_latest_yearly": 0,
            "eps_growth_yearly": 0
        },
        "20132": {
            "year_quarter": 20132,
            "year": 2013,
            "quarter": 2,
            "eps": null,
            "eps_growth_year": null,
            "eps_4q": null,
            "eps_4q_growth_year": null,
            "roe": null,
            "roe_4q": 0,
            "gross_profit": null,
            "gross_margin": null,
            "gross_margin_4q_avg": 0,
            "net_income": null,
            "net_income_4q": null,
            "revenue": null,
            "revenue_4q": null,
            "common_shares": null,
            "book_valuer_per_share": null,
            "book_valuer_per_share_4q_avg": 0,
            "equity": null,
            "current_ratio": null,
            "debt_ratio": null,
            "inventory_turnover_ratio": null,
            "account_receivable_turnover_ratio": null,
            "reinvestment_rate": null,
            "research_to_sale_ratio": null,
            "price_fair": 0,
            "eps_avg_yearly": 0,
            "eps_latest_yearly": 0,
            "eps_growth_yearly": 0
        },
        "20133": {
            "year_quarter": 20133,
            "year": 2013,
            "quarter": 3,
            "eps": null,
            "eps_growth_year": null,
            "eps_4q": null,
            "eps_4q_growth_year": null,
            "roe": null,
            "roe_4q": 0,
            "gross_profit": null,
            "gross_margin": null,
            "gross_margin_4q_avg": 0,
            "net_income": null,
            "net_income_4q": null,
            "revenue": null,
            "revenue_4q": null,
            "common_shares": null,
            "book_valuer_per_share": null,
            "book_valuer_per_share_4q_avg": 0,
            "equity": null,
            "current_ratio": null,
            "debt_ratio": null,
            "inventory_turnover_ratio": null,
            "account_receivable_turnover_ratio": null,
            "reinvestment_rate": null,
            "research_to_sale_ratio": null,
            "price_fair": 0,
            "eps_avg_yearly": 0,
            "eps_latest_yearly": 0,
            "eps_growth_yearly": 0
        },
        "20134": {
            "year_quarter": 20134,
            "year": 2013,
            "quarter": 4,
            "eps": null,
            "eps_growth_year": null,
            "eps_4q": null,
            "eps_4q_growth_year": null,
            "roe": null,
            "roe_4q": 0,
            "gross_profit": null,
            "gross_margin": null,
            "gross_margin_4q_avg": 0,
            "net_income": null,
            "net_income_4q": null,
            "revenue": null,
            "revenue_4q": null,
            "common_shares": 0,
            "book_valuer_per_share": null,
            "book_valuer_per_share_4q_avg": 0,
            "equity": 0,
            "current_ratio": null,
            "debt_ratio": null,
            "inventory_turnover_ratio": null,
            "account_receivable_turnover_ratio": null,
            "reinvestment_rate": null,
            "research_to_sale_ratio": null,
            "price_fair": 0,
            "eps_avg_yearly": 0,
            "eps_latest_yearly": 0,
            "eps_growth_yearly": 0
        },
        "20141": {
            "year_quarter": 20141,
            "year": 2014,
            "quarter": 1,
            "eps": null,
            "eps_growth_year": null,
            "eps_4q": null,
            "eps_4q_growth_year": null,
            "roe": null,
            "roe_4q": 0,
            "gross_profit": 0,
            "gross_margin": null,
            "gross_margin_4q_avg": 0,
            "net_income": 0,
            "net_income_4q": null,
            "revenue": 0,
            "revenue_4q": null,
            "common_shares": 0,
            "book_valuer_per_share": null,
            "book_valuer_per_share_4q_avg": 0,
            "equity": 0,
            "current_ratio": null,
            "debt_ratio": null,
            "inventory_turnover_ratio": null,
            "account_receivable_turnover_ratio": null,
            "reinvestment_rate": null,
            "research_to_sale_ratio": null,
            "price_fair": 0,
            "eps_avg_yearly": 0,
            "eps_latest_yearly": 0,
            "eps_growth_yearly": 0
        },
        "20142": {
            "year_quarter": 20142,
            "year": 2014,
            "quarter": 2,
            "eps": null,
            "eps_growth_year": null,
            "eps_4q": null,
            "eps_4q_growth_year": null,
            "roe": null,
            "roe_4q": 0,
            "gross_profit": 0,
            "gross_margin": null,
            "gross_margin_4q_avg": 0,
            "net_income": 0,
            "net_income_4q": null,
            "revenue": 0,
            "revenue_4q": null,
            "common_shares": 0,
            "book_valuer_per_share": null,
            "book_valuer_per_share_4q_avg": 0,
            "equity": 0,
            "current_ratio": null,
            "debt_ratio": null,
            "inventory_turnover_ratio": null,
            "account_receivable_turnover_ratio": null,
            "reinvestment_rate": null,
            "research_to_sale_ratio": null,
            "price_fair": 0,
            "eps_avg_yearly": 0,
            "eps_latest_yearly": 0,
            "eps_growth_yearly": 0
        },
        "20143": {
            "year_quarter": 20143,
            "year": 2014,
            "quarter": 3,
            "eps": null,
            "eps_growth_year": null,
            "eps_4q": null,
            "eps_4q_growth_year": null,
            "roe": null,
            "roe_4q": 0,
            "gross_profit": 0,
            "gross_margin": null,
            "gross_margin_4q_avg": 0,
            "net_income": 0,
            "net_income_4q": null,
            "revenue": 0,
            "revenue_4q": null,
            "common_shares": 0,
            "book_valuer_per_share": null,
            "book_valuer_per_share_4q_avg": 0,
            "equity": 0,
            "current_ratio": null,
            "debt_ratio": null,
            "inventory_turnover_ratio": null,
            "account_receivable_turnover_ratio": null,
            "reinvestment_rate": null,
            "research_to_sale_ratio": null,
            "price_fair": 0,
            "eps_avg_yearly": 0,
            "eps_latest_yearly": 0,
            "eps_growth_yearly": 0
        },
        "20144": {
            "year_quarter": 20144,
            "year": 2014,
            "quarter": 4,
            "eps": null,
            "eps_growth_year": null,
            "eps_4q": null,
            "eps_4q_growth_year": null,
            "roe": null,
            "roe_4q": 0,
            "gross_profit": -10852,
            "gross_margin": null,
            "gross_margin_4q_avg": 0,
            "net_income": -127274,
            "net_income_4q": null,
            "revenue": 749873,
            "revenue_4q": null,
            "common_shares": 1633192,
            "book_valuer_per_share": 17.66,
            "book_valuer_per_share_4q_avg": 4.42,
            "equity": 2855811,
            "current_ratio": 228.99,
            "debt_ratio": 32.55,
            "inventory_turnover_ratio": null,
            "account_receivable_turnover_ratio": null,
            "reinvestment_rate": null,
            "research_to_sale_ratio": null,
            "price_fair": 0,
            "eps_avg_yearly": 0,
            "eps_latest_yearly": 0,
            "eps_growth_yearly": 0
        },
        "20151": {
            "year_quarter": 20151,
            "year": 2015,
            "quarter": 1,
            "eps": -0.58,
            "eps_growth_year": null,
            "eps_4q": -0.58,
            "eps_4q_growth_year": null,
            "roe": -3.34,
            "roe_4q": -3.34,
            "gross_profit": 6536,
            "gross_margin": 0.81,
            "gross_margin_4q_avg": 0.2,
            "net_income": -94020,
            "net_income_4q": null,
            "revenue": 810799,
            "revenue_4q": null,
            "common_shares": 1633192,
            "book_valuer_per_share": 17.1,
            "book_valuer_per_share_4q_avg": 8.69,
            "equity": 2766581,
            "current_ratio": 202.97,
            "debt_ratio": 33.41,
            "inventory_turnover_ratio": 1.41,
            "account_receivable_turnover_ratio": 1.14,
            "reinvestment_rate": null,
            "research_to_sale_ratio": 3.33,
            "price_fair": 0,
            "eps_avg_yearly": 0,
            "eps_latest_yearly": 0,
            "eps_growth_yearly": 0
        },
        "20152": {
            "year_quarter": 20152,
            "year": 2015,
            "quarter": 2,
            "eps": -0.52,
            "eps_growth_year": null,
            "eps_4q": -1.1,
            "eps_4q_growth_year": null,
            "roe": -3.07,
            "roe_4q": -6.41,
            "gross_profit": 32831,
            "gross_margin": 3.87,
            "gross_margin_4q_avg": 1.17,
            "net_income": -83878,
            "net_income_4q": null,
            "revenue": 847603,
            "revenue_4q": null,
            "common_shares": 1633192,
            "book_valuer_per_share": 16.67,
            "book_valuer_per_share_4q_avg": 12.86,
            "equity": 2697114,
            "current_ratio": 180.05,
            "debt_ratio": 36.8,
            "inventory_turnover_ratio": 1.33,
            "account_receivable_turnover_ratio": 1.15,
            "reinvestment_rate": null,
            "research_to_sale_ratio": 4.07,
            "price_fair": 0,
            "eps_avg_yearly": 0,
            "eps_latest_yearly": 0,
            "eps_growth_yearly": 0
        },
        "20153": {
            "year_quarter": 20153,
            "year": 2015,
            "quarter": 3,
            "eps": -0.92,
            "eps_growth_year": null,
            "eps_4q": -2.02,
            "eps_4q_growth_year": null,
            "roe": -5.68,
            "roe_4q": -12.09,
            "gross_profit": -62821,
            "gross_margin": -8.4,
            "gross_margin_4q_avg": -0.93,
            "net_income": -149147,
            "net_income_4q": null,
            "revenue": 747815,
            "revenue_4q": null,
            "common_shares": 1633192,
            "book_valuer_per_share": 15.78,
            "book_valuer_per_share_4q_avg": 16.8,
            "equity": 2552757,
            "current_ratio": 160.11,
            "debt_ratio": 39.58,
            "inventory_turnover_ratio": 1.15,
            "account_receivable_turnover_ratio": 1.07,
            "reinvestment_rate": null,
            "research_to_sale_ratio": 5.7,
            "price_fair": 0,
            "eps_avg_yearly": 0,
            "eps_latest_yearly": 0,
            "eps_growth_yearly": 0
        },
        "20154": {
            "year_quarter": 20154,
            "year": 2015,
            "quarter": 4,
            "eps": -1.37,
            "eps_growth_year": null,
            "eps_4q": -3.39,
            "eps_4q_growth_year": null,
            "roe": -9.15,
            "roe_4q": -21.24,
            "gross_profit": -66797,
            "gross_margin": -8.5,
            "gross_margin_4q_avg": -3.06,
            "net_income": -221516,
            "net_income_4q": null,
            "revenue": 785736,
            "revenue_4q": null,
            "common_shares": 1632847,
            "book_valuer_per_share": 14.14,
            "book_valuer_per_share_4q_avg": 15.92,
            "equity": 2287778,
            "current_ratio": 136.71,
            "debt_ratio": 46.3,
            "inventory_turnover_ratio": 1.17,
            "account_receivable_turnover_ratio": 1.17,
            "reinvestment_rate": null,
            "research_to_sale_ratio": 6.01,
            "price_fair": 0,
            "eps_avg_yearly": 0,
            "eps_latest_yearly": 0,
            "eps_growth_yearly": 0
        },
        "20161": {
            "year_quarter": 20161,
            "year": 2016,
            "quarter": 1,
            "eps": -0.7,
            "eps_growth_year": null,
            "eps_4q": -3.4,
            "eps_4q_growth_year": null,
            "roe": -3.76,
            "roe_4q": -21.66,
            "gross_profit": 30454,
            "gross_margin": 2.96,
            "gross_margin_4q_avg": -2.52,
            "net_income": -108326,
            "net_income_4q": null,
            "revenue": 1028532,
            "revenue_4q": null,
            "common_shares": 1670302,
            "book_valuer_per_share": 15.22,
            "book_valuer_per_share_4q_avg": 15.45,
            "equity": 3474265,
            "current_ratio": 227.38,
            "debt_ratio": 37.01,
            "inventory_turnover_ratio": 1.27,
            "account_receivable_turnover_ratio": 1.3,
            "reinvestment_rate": null,
            "research_to_sale_ratio": 3.29,
            "price_fair": 0,
            "eps_avg_yearly": 0,
            "eps_latest_yearly": 0,
            "eps_growth_yearly": 0
        },
        "20162": {
            "year_quarter": 20162,
            "year": 2016,
            "quarter": 2,
            "eps": -0.49,
            "eps_growth_year": null,
            "eps_4q": -3.35,
            "eps_4q_growth_year": null,
            "roe": -1.96,
            "roe_4q": -20.55,
            "gross_profit": 70533,
            "gross_margin": 6.08,
            "gross_margin_4q_avg": -1.97,
            "net_income": -68497,
            "net_income_4q": null,
            "revenue": 1159708,
            "revenue_4q": null,
            "common_shares": 1679102,
            "book_valuer_per_share": 14.72,
            "book_valuer_per_share_4q_avg": 14.97,
            "equity": 3512500,
            "current_ratio": 195.54,
            "debt_ratio": 41.43,
            "inventory_turnover_ratio": 1.26,
            "account_receivable_turnover_ratio": 1.19,
            "reinvestment_rate": null,
            "research_to_sale_ratio": 3.04,
            "price_fair": 0,
            "eps_avg_yearly": 0,
            "eps_latest_yearly": 0,
            "eps_growth_yearly": 0
        },
        "20163": {
            "year_quarter": 20163,
            "year": 2016,
            "quarter": 3,
            "eps": -0.72,
            "eps_growth_year": null,
            "eps_4q": -3.14,
            "eps_4q_growth_year": null,
            "roe": -3.58,
            "roe_4q": -18.450000000000003,
            "gross_profit": 35607,
            "gross_margin": 3.22,
            "gross_margin_4q_avg": 0.94,
            "net_income": -123657,
            "net_income_4q": null,
            "revenue": 1104872,
            "revenue_4q": null,
            "common_shares": 1686702,
            "book_valuer_per_share": 14.02,
            "book_valuer_per_share_4q_avg": 14.53,
            "equity": 3400146,
            "current_ratio": 192.16,
            "debt_ratio": 40.59,
            "inventory_turnover_ratio": 1.23,
            "account_receivable_turnover_ratio": 1.09,
            "reinvestment_rate": null,
            "research_to_sale_ratio": 4.33,
            "price_fair": 0,
            "eps_avg_yearly": 0,
            "eps_latest_yearly": 0,
            "eps_growth_yearly": 0
        },
        "20164": {
            "year_quarter": 20164,
            "year": 2016,
            "quarter": 4,
            "eps": -0.53,
            "eps_growth_year": null,
            "eps_4q": -2.36,
            "eps_4q_growth_year": null,
            "roe": -2.69,
            "roe_4q": -11.99,
            "gross_profit": 34886,
            "gross_margin": 3.22,
            "gross_margin_4q_avg": 3.87,
            "net_income": -89527,
            "net_income_4q": null,
            "revenue": 1084636,
            "revenue_4q": null,
            "common_shares": 1686702,
            "book_valuer_per_share": 13.24,
            "book_valuer_per_share_4q_avg": 14.3,
            "equity": 3264245,
            "current_ratio": 181.97,
            "debt_ratio": 43.38,
            "inventory_turnover_ratio": 1.23,
            "account_receivable_turnover_ratio": 1.1,
            "reinvestment_rate": null,
            "research_to_sale_ratio": 3.44,
            "price_fair": 0,
            "eps_avg_yearly": 0,
            "eps_latest_yearly": 0,
            "eps_growth_yearly": 0
        },
        "20171": {
            "year_quarter": 20171,
            "year": 2017,
            "quarter": 1,
            "eps": -0.57,
            "eps_growth_year": null,
            "eps_4q": -2.2,
            "eps_4q_growth_year": null,
            "roe": -2.83,
            "roe_4q": -11.059999999999999,
            "gross_profit": 92840,
            "gross_margin": 7.31,
            "gross_margin_4q_avg": 4.96,
            "net_income": -92038,
            "net_income_4q": null,
            "revenue": 1269952,
            "revenue_4q": null,
            "common_shares": 1743202,
            "book_valuer_per_share": 12.57,
            "book_valuer_per_share_4q_avg": 13.64,
            "equity": 3228915,
            "current_ratio": 170.4,
            "debt_ratio": 44.8,
            "inventory_turnover_ratio": 1.42,
            "account_receivable_turnover_ratio": 1.17,
            "reinvestment_rate": null,
            "research_to_sale_ratio": 3.07,
            "price_fair": 0,
            "eps_avg_yearly": 0,
            "eps_latest_yearly": 0,
            "eps_growth_yearly": 0
        },
        "20172": {
            "year_quarter": 20172,
            "year": 2017,
            "quarter": 2,
            "eps": -0.11,
            "eps_growth_year": null,
            "eps_4q": -1.81,
            "eps_4q_growth_year": null,
            "roe": -0.02,
            "roe_4q": -9.120000000000001,
            "gross_profit": 140112,
            "gross_margin": 10.49,
            "gross_margin_4q_avg": 6.06,
            "net_income": -605,
            "net_income_4q": null,
            "revenue": 1336163,
            "revenue_4q": null,
            "common_shares": 1784602,
            "book_valuer_per_share": 12.42,
            "book_valuer_per_share_4q_avg": 13.06,
            "equity": 3271843,
            "current_ratio": 177.49,
            "debt_ratio": 44.07,
            "inventory_turnover_ratio": 1.52,
            "account_receivable_turnover_ratio": 1.1,
            "reinvestment_rate": null,
            "research_to_sale_ratio": 2.99,
            "price_fair": 0,
            "eps_avg_yearly": 0,
            "eps_latest_yearly": 0,
            "eps_growth_yearly": 0
        },
        "20173": {
            "year_quarter": 20173,
            "year": 2017,
            "quarter": 3,
            "eps": -0.02,
            "eps_growth_year": null,
            "eps_4q": -0.93,
            "eps_4q_growth_year": null,
            "roe": 0.44,
            "roe_4q": -5.1,
            "gross_profit": 156280,
            "gross_margin": 11.61,
            "gross_margin_4q_avg": 8.16,
            "net_income": 15900,
            "net_income_4q": null,
            "revenue": 1345556,
            "revenue_4q": null,
            "common_shares": 2291243,
            "book_valuer_per_share": 12.26,
            "book_valuer_per_share_4q_avg": 12.62,
            "equity": 3885089,
            "current_ratio": 244.22,
            "debt_ratio": 35.15,
            "inventory_turnover_ratio": 1.57,
            "account_receivable_turnover_ratio": 1.06,
            "reinvestment_rate": null,
            "research_to_sale_ratio": 3.23,
            "price_fair": 0,
            "eps_avg_yearly": 0,
            "eps_latest_yearly": 0,
            "eps_growth_yearly": 0
        },
        "20174": {
            "year_quarter": 20174,
            "year": 2017,
            "quarter": 4,
            "eps": 0.03,
            "eps_growth_year": null,
            "eps_4q": -0.5,
            "eps_4q_growth_year": null,
            "roe": 0.79,
            "roe_4q": -1.62,
            "gross_profit": 173864,
            "gross_margin": 13.15,
            "gross_margin_4q_avg": 10.64,
            "net_income": 31395,
            "net_income_4q": null,
            "revenue": 1321952,
            "revenue_4q": null,
            "common_shares": 2303222,
            "book_valuer_per_share": 12.19,
            "book_valuer_per_share_4q_avg": 12.36,
            "equity": 4109419,
            "current_ratio": 237.72,
            "debt_ratio": 41.66,
            "inventory_turnover_ratio": 1.46,
            "account_receivable_turnover_ratio": 1.02,
            "reinvestment_rate": null,
            "research_to_sale_ratio": 3.32,
            "price_fair": 0,
            "eps_avg_yearly": 0,
            "eps_latest_yearly": 0,
            "eps_growth_yearly": 0
        },
        "20181": {
            "year_quarter": 20181,
            "year": 2018,
            "quarter": 1,
            "eps": 0.01,
            "eps_growth_year": null,
            "eps_4q": -0.05,
            "eps_4q_growth_year": null,
            "roe": 0.65,
            "roe_4q": 1.8599999999999999,
            "gross_profit": 180047,
            "gross_margin": 12.49,
            "gross_margin_4q_avg": 11.94,
            "net_income": 28469,
            "net_income_4q": null,
            "revenue": 1442043,
            "revenue_4q": null,
            "common_shares": 2777493,
            "book_valuer_per_share": 11.64,
            "book_valuer_per_share_4q_avg": 12.13,
            "equity": 4686325,
            "current_ratio": 218.19,
            "debt_ratio": 36.37,
            "inventory_turnover_ratio": 1.47,
            "account_receivable_turnover_ratio": 1.09,
            "reinvestment_rate": null,
            "research_to_sale_ratio": 2.69,
            "price_fair": 0.12,
            "eps_avg_yearly": 0.04,
            "eps_latest_yearly": 0.04,
            "eps_growth_yearly": -266.67
        },
        "20182": {
            "year_quarter": 20182,
            "year": 2018,
            "quarter": 2,
            "eps": 0.25,
            "eps_growth_year": null,
            "eps_4q": 0.26,
            "eps_4q_growth_year": null,
            "roe": 2.32,
            "roe_4q": 4.2,
            "gross_profit": 260052,
            "gross_margin": 16.05,
            "gross_margin_4q_avg": 13.33,
            "net_income": 113008,
            "net_income_4q": null,
            "revenue": 1620249,
            "revenue_4q": null,
            "common_shares": 2809209,
            "book_valuer_per_share": 12.65,
            "book_valuer_per_share_4q_avg": 12.19,
            "equity": 5041578,
            "current_ratio": 201.19,
            "debt_ratio": 38.33,
            "inventory_turnover_ratio": 1.46,
            "account_receivable_turnover_ratio": 1.14,
            "reinvestment_rate": null,
            "research_to_sale_ratio": 2.44,
            "price_fair": 18.2,
            "eps_avg_yearly": 0.52,
            "eps_latest_yearly": 1,
            "eps_growth_yearly": 4666.67
        },
        "20183": {
            "year_quarter": 20183,
            "year": 2018,
            "quarter": 3,
            "eps": 0.13,
            "eps_growth_year": null,
            "eps_4q": 0.4,
            "eps_4q_growth_year": null,
            "roe": 1.93,
            "roe_4q": 5.69,
            "gross_profit": 270218,
            "gross_margin": 15.36,
            "gross_margin_4q_avg": 14.26,
            "net_income": 98031,
            "net_income_4q": null,
            "revenue": 1758862,
            "revenue_4q": null,
            "common_shares": 2811111,
            "book_valuer_per_share": 12.78,
            "book_valuer_per_share_4q_avg": 12.32,
            "equity": 5142178,
            "current_ratio": 172.25,
            "debt_ratio": 41.81,
            "inventory_turnover_ratio": 1.42,
            "account_receivable_turnover_ratio": 1.12,
            "reinvestment_rate": null,
            "research_to_sale_ratio": 2.67,
            "price_fair": 18.2,
            "eps_avg_yearly": 0.52,
            "eps_latest_yearly": 0.52,
            "eps_growth_yearly": 3047.11
        },
        "20184": {
            "year_quarter": 20184,
            "year": 2018,
            "quarter": 4,
            "eps": -0.13,
            "eps_growth_year": -539.1,
            "eps_4q": 0.25,
            "eps_4q_growth_year": null,
            "roe": -0.01,
            "roe_4q": 4.890000000000001,
            "gross_profit": 163696,
            "gross_margin": 10.13,
            "gross_margin_4q_avg": 13.51,
            "net_income": -257,
            "net_income_4q": null,
            "revenue": 1615302,
            "revenue_4q": null,
            "common_shares": 2812153,
            "book_valuer_per_share": 12.7,
            "book_valuer_per_share_4q_avg": 12.44,
            "equity": 5152240,
            "current_ratio": 191.4,
            "debt_ratio": 45.32,
            "inventory_turnover_ratio": 1.19,
            "account_receivable_turnover_ratio": 1.02,
            "reinvestment_rate": null,
            "research_to_sale_ratio": 3.18,
            "price_fair": 18.2,
            "eps_avg_yearly": 0.52,
            "eps_latest_yearly": 0.52,
            "eps_growth_yearly": 3047.11
        },
        "20191": {
            "year_quarter": 20191,
            "year": 2019,
            "quarter": 1,
            "eps": -0.38,
            "eps_growth_year": -3900,
            "eps_4q": -0.14,
            "eps_4q_growth_year": null,
            "roe": -1.97,
            "roe_4q": 2.2699999999999996,
            "gross_profit": 27846,
            "gross_margin": 2.02,
            "gross_margin_4q_avg": 10.89,
            "net_income": -100475,
            "net_income_4q": null,
            "revenue": 1375939,
            "revenue_4q": null,
            "common_shares": 2814757,
            "book_valuer_per_share": 12.26,
            "book_valuer_per_share_4q_avg": 12.6,
            "equity": 5040562,
            "current_ratio": 215.66,
            "debt_ratio": 45.51,
            "inventory_turnover_ratio": 0.93,
            "account_receivable_turnover_ratio": 0.94,
            "reinvestment_rate": null,
            "research_to_sale_ratio": 2.12,
            "price_fair": 18.2,
            "eps_avg_yearly": 0.52,
            "eps_latest_yearly": 0.52,
            "eps_growth_yearly": 3047.11
        },
        "20192": {
            "year_quarter": 20192,
            "year": 2019,
            "quarter": 2,
            "eps": -0.43,
            "eps_growth_year": -272,
            "eps_4q": -0.81,
            "eps_4q_growth_year": -414.26,
            "roe": -2.38,
            "roe_4q": -2.4299999999999997,
            "gross_profit": 17040,
            "gross_margin": 1.2,
            "gross_margin_4q_avg": 7.18,
            "net_income": -116582,
            "net_income_4q": null,
            "revenue": 1422578,
            "revenue_4q": null,
            "common_shares": 2814757,
            "book_valuer_per_share": 11.65,
            "book_valuer_per_share_4q_avg": 12.35,
            "equity": 4765145,
            "current_ratio": 193.15,
            "debt_ratio": 47.26,
            "inventory_turnover_ratio": 0.87,
            "account_receivable_turnover_ratio": 1.01,
            "reinvestment_rate": null,
            "research_to_sale_ratio": 2.33,
            "price_fair": 18.2,
            "eps_avg_yearly": 0.52,
            "eps_latest_yearly": 0.52,
            "eps_growth_yearly": 3047.11
        },
        "20193": {
            "year_quarter": 20193,
            "year": 2019,
            "quarter": 3,
            "eps": -0.63,
            "eps_growth_year": -584.62,
            "eps_4q": -1.54,
            "eps_4q_growth_year": -483.16,
            "roe": -3.75,
            "roe_4q": -8.11,
            "gross_profit": -54288,
            "gross_margin": -4.27,
            "gross_margin_4q_avg": 2.27,
            "net_income": -177249,
            "net_income_4q": null,
            "revenue": 1271229,
            "revenue_4q": null,
            "common_shares": 2861781,
            "book_valuer_per_share": 11.16,
            "book_valuer_per_share_4q_avg": 11.94,
            "equity": 4678848,
            "current_ratio": 185.18,
            "debt_ratio": 46.96,
            "inventory_turnover_ratio": 0.81,
            "account_receivable_turnover_ratio": 0.91,
            "reinvestment_rate": null,
            "research_to_sale_ratio": 2.76,
            "price_fair": 18.2,
            "eps_avg_yearly": 0.52,
            "eps_latest_yearly": 0.52,
            "eps_growth_yearly": 3047.11
        },
        "20194": {
            "year_quarter": 20194,
            "year": 2019,
            "quarter": 4,
            "eps": -0.68,
            "eps_growth_year": null,
            "eps_4q": -2.07,
            "eps_4q_growth_year": -915.75,
            "roe": -4.48,
            "roe_4q": -12.58,
            "gross_profit": -82563,
            "gross_margin": -6.12,
            "gross_margin_4q_avg": -1.79,
            "net_income": -208469,
            "net_income_4q": null,
            "revenue": 1349479,
            "revenue_4q": null,
            "common_shares": 2937244,
            "book_valuer_per_share": 10.71,
            "book_valuer_per_share_4q_avg": 11.45,
            "equity": 4636224,
            "current_ratio": 218.06,
            "debt_ratio": 49.16,
            "inventory_turnover_ratio": 0.95,
            "account_receivable_turnover_ratio": 1.05,
            "reinvestment_rate": null,
            "research_to_sale_ratio": 2.66,
            "price_fair": 18.2,
            "eps_avg_yearly": 0.52,
            "eps_latest_yearly": 0.52,
            "eps_growth_yearly": 3047.11
        },
        "20201": {
            "year_quarter": 20201,
            "year": 2020,
            "quarter": 1,
            "eps": -0.45,
            "eps_growth_year": null,
            "eps_4q": -2.13,
            "eps_4q_growth_year": null,
            "roe": -2.69,
            "roe_4q": -13.3,
            "gross_profit": -18903,
            "gross_margin": -1.36,
            "gross_margin_4q_avg": -2.64,
            "net_income": -123053,
            "net_income_4q": null,
            "revenue": 1389674,
            "revenue_4q": null,
            "common_shares": 2960366,
            "book_valuer_per_share": 10.3,
            "book_valuer_per_share_4q_avg": 10.96,
            "equity": 4523571,
            "current_ratio": 197.05,
            "debt_ratio": 51.28,
            "inventory_turnover_ratio": 1.01,
            "account_receivable_turnover_ratio": 1.08,
            "reinvestment_rate": null,
            "research_to_sale_ratio": 2.34,
            "price_fair": 18.2,
            "eps_avg_yearly": 0.52,
            "eps_latest_yearly": 0.52,
            "eps_growth_yearly": 3047.11
        },
        "20202": {
            "year_quarter": 20202,
            "year": 2020,
            "quarter": 2,
            "eps": -0.38,
            "eps_growth_year": null,
            "eps_4q": -2.08,
            "eps_4q_growth_year": null,
            "roe": -2.26,
            "roe_4q": -13.18,
            "gross_profit": 34264,
            "gross_margin": 2.34,
            "gross_margin_4q_avg": -2.35,
            "net_income": -103357,
            "net_income_4q": null,
            "revenue": 1463921,
            "revenue_4q": null,
            "common_shares": 2980610,
            "book_valuer_per_share": 10.26,
            "book_valuer_per_share_4q_avg": 10.61,
            "equity": 4632013,
            "current_ratio": 188.25,
            "debt_ratio": 50.31,
            "inventory_turnover_ratio": 1.02,
            "account_receivable_turnover_ratio": 1.1,
            "reinvestment_rate": null,
            "research_to_sale_ratio": 2.27,
            "price_fair": 18.2,
            "eps_avg_yearly": 0.52,
            "eps_latest_yearly": 0.52,
            "eps_growth_yearly": 3047.11
        },
        "20203": {
            "year_quarter": 20203,
            "year": 2020,
            "quarter": 3,
            "eps": -0.52,
            "eps_growth_year": null,
            "eps_4q": -1.95,
            "eps_4q_growth_year": null,
            "roe": -3.57,
            "roe_4q": -13,
            "gross_profit": -51159,
            "gross_margin": -3.74,
            "gross_margin_4q_avg": -2.22,
            "net_income": -167583,
            "net_income_4q": null,
            "revenue": 1369525,
            "revenue_4q": null,
            "common_shares": 3081926,
            "book_valuer_per_share": 10.2,
            "book_valuer_per_share_4q_avg": 10.37,
            "equity": 4744001,
            "current_ratio": 218.09,
            "debt_ratio": 43.52,
            "inventory_turnover_ratio": 1.01,
            "account_receivable_turnover_ratio": 1.06,
            "reinvestment_rate": null,
            "research_to_sale_ratio": 2.33,
            "price_fair": 18.2,
            "eps_avg_yearly": 0.52,
            "eps_latest_yearly": 0.52,
            "eps_growth_yearly": 3047.11
        },
        "20204": {
            "year_quarter": 20204,
            "year": 2020,
            "quarter": 4,
            "eps": -0.3,
            "eps_growth_year": null,
            "eps_4q": -1.58,
            "eps_4q_growth_year": null,
            "roe": -1.91,
            "roe_4q": -10.43,
            "gross_profit": 27348,
            "gross_margin": 1.8,
            "gross_margin_4q_avg": -0.24,
            "net_income": -90794,
            "net_income_4q": null,
            "revenue": 1518340,
            "revenue_4q": null,
            "common_shares": 3121877,
            "book_valuer_per_share": 10.03,
            "book_valuer_per_share_4q_avg": 10.2,
            "equity": 4757861,
            "current_ratio": 190.43,
            "debt_ratio": 44.5,
            "inventory_turnover_ratio": 1.13,
            "account_receivable_turnover_ratio": 1.18,
            "reinvestment_rate": null,
            "research_to_sale_ratio": 1.96,
            "price_fair": 18.2,
            "eps_avg_yearly": 0.52,
            "eps_latest_yearly": 0.52,
            "eps_growth_yearly": 3047.11
        },
        "20211": {
            "year_quarter": 20211,
            "year": 2021,
            "quarter": 1,
            "eps": -0.06,
            "eps_growth_year": null,
            "eps_4q": -1.22,
            "eps_4q_growth_year": null,
            "roe": -0.03,
            "roe_4q": -7.77,
            "gross_profit": 132441,
            "gross_margin": 8.16,
            "gross_margin_4q_avg": 2.14,
            "net_income": -1286,
            "net_income_4q": null,
            "revenue": 1623638,
            "revenue_4q": null,
            "common_shares": 3137828,
            "book_valuer_per_share": 10.06,
            "book_valuer_per_share_4q_avg": 10.14,
            "equity": 4783082,
            "current_ratio": 180.41,
            "debt_ratio": 46.76,
            "inventory_turnover_ratio": 1.15,
            "account_receivable_turnover_ratio": 1.2,
            "reinvestment_rate": null,
            "research_to_sale_ratio": 1.61,
            "price_fair": 18.2,
            "eps_avg_yearly": 0.52,
            "eps_latest_yearly": 0.52,
            "eps_growth_yearly": 3047.11
        },
        "20212": {
            "year_quarter": 20212,
            "year": 2021,
            "quarter": 2,
            "eps": 0.13,
            "eps_growth_year": null,
            "eps_4q": -0.73,
            "eps_4q_growth_year": null,
            "roe": 1.62,
            "roe_4q": -3.8899999999999997,
            "gross_profit": 229345,
            "gross_margin": 13.16,
            "gross_margin_4q_avg": 4.85,
            "net_income": 78534,
            "net_income_4q": null,
            "revenue": 1742857,
            "revenue_4q": null,
            "common_shares": 3139341,
            "book_valuer_per_share": 10.28,
            "book_valuer_per_share_4q_avg": 10.14,
            "equity": 4905839,
            "current_ratio": 192.07,
            "debt_ratio": 50.29,
            "inventory_turnover_ratio": 1.12,
            "account_receivable_turnover_ratio": 1.24,
            "reinvestment_rate": null,
            "research_to_sale_ratio": 1.75,
            "price_fair": 18.2,
            "eps_avg_yearly": 0.52,
            "eps_latest_yearly": 0.52,
            "eps_growth_yearly": 3047.11
        },
        "20213": {
            "year_quarter": 20213,
            "year": 2021,
            "quarter": 3,
            "eps": 0.24,
            "eps_growth_year": null,
            "eps_4q": 0.02,
            "eps_4q_growth_year": null,
            "roe": 2.48,
            "roe_4q": 2.1599999999999993,
            "gross_profit": 285263,
            "gross_margin": 14.74,
            "gross_margin_4q_avg": 9.47,
            "net_income": 130169,
            "net_income_4q": null,
            "revenue": 1935047,
            "revenue_4q": null,
            "common_shares": 3234067,
            "book_valuer_per_share": 11.77,
            "book_valuer_per_share_4q_avg": 10.54,
            "equity": 5591701,
            "current_ratio": 241.82,
            "debt_ratio": 41.71,
            "inventory_turnover_ratio": 1.16,
            "account_receivable_turnover_ratio": 1.3,
            "reinvestment_rate": null,
            "research_to_sale_ratio": 1.81,
            "price_fair": 22.05,
            "eps_avg_yearly": 0.63,
            "eps_latest_yearly": 0.96,
            "eps_growth_yearly": 2369.95
        },
        "20214": {
            "year_quarter": 20214,
            "year": 2021,
            "quarter": 4,
            "eps": 0.4,
            "eps_growth_year": null,
            "eps_4q": 0.7,
            "eps_4q_growth_year": null,
            "roe": 3.01,
            "roe_4q": 7.08,
            "gross_profit": 342874,
            "gross_margin": 17.42,
            "gross_margin_4q_avg": 13.37,
            "net_income": 180062,
            "net_income_4q": null,
            "revenue": 1967858,
            "revenue_4q": null,
            "common_shares": 3306664,
            "book_valuer_per_share": 13.53,
            "book_valuer_per_share_4q_avg": 11.41,
            "equity": 6369364,
            "current_ratio": 245.53,
            "debt_ratio": 35.54,
            "inventory_turnover_ratio": 1.12,
            "account_receivable_turnover_ratio": 1.25,
            "reinvestment_rate": null,
            "research_to_sale_ratio": 1.67,
            "price_fair": 28.84,
            "eps_avg_yearly": 0.82,
            "eps_latest_yearly": 1.6,
            "eps_growth_yearly": 1949.29
        },
        "20221": {
            "year_quarter": 20221,
            "year": 2022,
            "quarter": 1,
            "eps": 0.65,
            "eps_growth_year": null,
            "eps_4q": 1.41,
            "eps_4q_growth_year": null,
            "roe": 4.55,
            "roe_4q": 11.66,
            "gross_profit": 450152,
            "gross_margin": 21.36,
            "gross_margin_4q_avg": 16.67,
            "net_income": 292009,
            "net_income_4q": null,
            "revenue": 2107288,
            "revenue_4q": null,
            "common_shares": 3309191,
            "book_valuer_per_share": 13.92,
            "book_valuer_per_share_4q_avg": 12.38,
            "equity": 6453199,
            "current_ratio": 232.62,
            "debt_ratio": 40.72,
            "inventory_turnover_ratio": 1.11,
            "account_receivable_turnover_ratio": 1.3,
            "reinvestment_rate": null,
            "research_to_sale_ratio": 1.27,
            "price_fair": 46.76,
            "eps_avg_yearly": 1.34,
            "eps_latest_yearly": 2.6,
            "eps_growth_yearly": 2052.63
        },
        "20222": {
            "year_quarter": 20222,
            "year": 2022,
            "quarter": 2,
            "eps": 0.68,
            "eps_growth_year": 423.08,
            "eps_4q": 1.96,
            "eps_4q_growth_year": null,
            "roe": 4.51,
            "roe_4q": 14.549999999999999,
            "gross_profit": 471940,
            "gross_margin": 20.95,
            "gross_margin_4q_avg": 18.62,
            "net_income": 313520,
            "net_income_4q": null,
            "revenue": 2252981,
            "revenue_4q": null,
            "common_shares": 3332035,
            "book_valuer_per_share": 16.16,
            "book_valuer_per_share_4q_avg": 13.85,
            "equity": 7454690,
            "current_ratio": 302.67,
            "debt_ratio": 41.38,
            "inventory_turnover_ratio": 1.11,
            "account_receivable_turnover_ratio": 1.35,
            "reinvestment_rate": null,
            "research_to_sale_ratio": 1.2,
            "price_fair": 58.8,
            "eps_avg_yearly": 1.68,
            "eps_latest_yearly": 2.72,
            "eps_growth_yearly": 136.32
        },
        "20223": {
            "year_quarter": 20223,
            "year": 2022,
            "quarter": 3,
            "eps": 0.95,
            "eps_growth_year": 295.83,
            "eps_4q": 2.67,
            "eps_4q_growth_year": 17391.38,
            "roe": 5.25,
            "roe_4q": 17.32,
            "gross_profit": 520688,
            "gross_margin": 21.5,
            "gross_margin_4q_avg": 20.31,
            "net_income": 401683,
            "net_income_4q": null,
            "revenue": 2421524,
            "revenue_4q": null,
            "common_shares": 3332035,
            "book_valuer_per_share": 17.09,
            "book_valuer_per_share_4q_avg": 15.18,
            "equity": 7855744,
            "current_ratio": 320.2,
            "debt_ratio": 39.27,
            "inventory_turnover_ratio": 1.1,
            "account_receivable_turnover_ratio": 1.41,
            "reinvestment_rate": null,
            "research_to_sale_ratio": 1.88,
            "price_fair": 81.76,
            "eps_avg_yearly": 2.34,
            "eps_latest_yearly": 3.8,
            "eps_growth_yearly": 206.48
        },
        "20224": {
            "year_quarter": 20224,
            "year": 2022,
            "quarter": 4,
            "eps": 0.19,
            "eps_growth_year": -53.22,
            "eps_4q": 2.46,
            "eps_4q_growth_year": 251.13,
            "roe": 1.25,
            "roe_4q": 15.559999999999999,
            "gross_profit": 293214,
            "gross_margin": 13.98,
            "gross_margin_4q_avg": 19.45,
            "net_income": 98875,
            "net_income_4q": null,
            "revenue": 2098088,
            "revenue_4q": null,
            "common_shares": 3332035,
            "book_valuer_per_share": 17.33,
            "book_valuer_per_share_4q_avg": 16.13,
            "equity": 7988655,
            "current_ratio": 326.9,
            "debt_ratio": 37.82,
            "inventory_turnover_ratio": 1,
            "account_receivable_turnover_ratio": 1.33,
            "reinvestment_rate": null,
            "research_to_sale_ratio": 2.13,
            "price_fair": 72.57,
            "eps_avg_yearly": 2.07,
            "eps_latest_yearly": 0.76,
            "eps_growth_yearly": 118.74
        },
        "20231": {
            "year_quarter": 20231,
            "year": 2023,
            "quarter": 1,
            "eps": 0.03,
            "eps_growth_year": -95.38,
            "eps_4q": 1.84,
            "eps_4q_growth_year": 30.35,
            "roe": 0.29,
            "roe_4q": 11.3,
            "gross_profit": 201526,
            "gross_margin": 11.4,
            "gross_margin_4q_avg": 16.96,
            "net_income": 22719,
            "net_income_4q": null,
            "revenue": 1767108,
            "revenue_4q": null,
            "common_shares": 3332062,
            "book_valuer_per_share": 16.36,
            "book_valuer_per_share_4q_avg": 16.74,
            "equity": 7435240,
            "current_ratio": 277.33,
            "debt_ratio": 41.03,
            "inventory_turnover_ratio": 0.86,
            "account_receivable_turnover_ratio": 1.39,
            "reinvestment_rate": 174.58,
            "research_to_sale_ratio": 2.8,
            "price_fair": 62.8,
            "eps_avg_yearly": 1.79,
            "eps_latest_yearly": 0.12,
            "eps_growth_yearly": 53.65
        },
        "20232": {
            "year_quarter": 20232,
            "year": 2023,
            "quarter": 2,
            "eps": 0.25,
            "eps_growth_year": -63.24,
            "eps_4q": 1.41,
            "eps_4q_growth_year": -27.72,
            "roe": 1.36,
            "roe_4q": 8.15,
            "gross_profit": 264894,
            "gross_margin": 13.81,
            "gross_margin_4q_avg": 15.17,
            "net_income": 101504,
            "net_income_4q": null,
            "revenue": 1917970,
            "revenue_4q": null,
            "common_shares": 3332157,
            "book_valuer_per_share": 16.61,
            "book_valuer_per_share_4q_avg": 16.85,
            "equity": 7537201,
            "current_ratio": 262.54,
            "debt_ratio": 40.88,
            "inventory_turnover_ratio": 0.94,
            "account_receivable_turnover_ratio": 1.57,
            "reinvestment_rate": 122.47,
            "research_to_sale_ratio": 2.56,
            "price_fair": 59.33,
            "eps_avg_yearly": 1.7,
            "eps_latest_yearly": 1,
            "eps_growth_yearly": 413.61
        }
    },
    "months": {
        "2014-10": {
            "month": "2014-10",
            "price": "14.88",
            "revenue": 241487
        },
        "2014-11": {
            "month": "2014-11",
            "price": "13.32",
            "revenue": 254775
        },
        "2014-12": {
            "month": "2014-12",
            "price": "13.81",
            "revenue": 253612
        },
        "2015-01": {
            "month": "2015-01",
            "price": "15.49",
            "revenue": 254992
        },
        "2015-02": {
            "month": "2015-02",
            "price": "15.07",
            "revenue": 256207
        },
        "2015-03": {
            "month": "2015-03",
            "price": "14.82",
            "revenue": 299601
        },
        "2015-04": {
            "month": "2015-04",
            "price": "14.07",
            "revenue": 285013
        },
        "2015-05": {
            "month": "2015-05",
            "price": "12.52",
            "revenue": 281324
        },
        "2015-06": {
            "month": "2015-06",
            "price": "10.24",
            "revenue": 281266
        },
        "2015-07": {
            "month": "2015-07",
            "price": "8.65",
            "revenue": 236342
        },
        "2015-08": {
            "month": "2015-08",
            "price": "7.84",
            "revenue": 244767
        },
        "2015-09": {
            "month": "2015-09",
            "price": "8.33",
            "revenue": 265507
        },
        "2015-10": {
            "month": "2015-10",
            "price": "8.81",
            "revenue": 285384
        },
        "2015-11": {
            "month": "2015-11",
            "price": "8.77",
            "revenue": 279865
        },
        "2015-12": {
            "month": "2015-12",
            "price": "8.89",
            "revenue": 221757
        },
        "2016-01": {
            "month": "2016-01",
            "price": "8.06",
            "revenue": 345434
        },
        "2016-02": {
            "month": "2016-02",
            "price": "9.27",
            "revenue": 306952
        },
        "2016-03": {
            "month": "2016-03",
            "price": "11.98",
            "revenue": 376145
        },
        "2016-04": {
            "month": "2016-04",
            "price": "11.57",
            "revenue": 396650
        },
        "2016-05": {
            "month": "2016-05",
            "price": "11.06",
            "revenue": 389025
        },
        "2016-06": {
            "month": "2016-06",
            "price": "11.87",
            "revenue": 374033
        },
        "2016-07": {
            "month": "2016-07",
            "price": "12.00",
            "revenue": 374312
        },
        "2016-08": {
            "month": "2016-08",
            "price": "11.63",
            "revenue": 372730
        },
        "2016-09": {
            "month": "2016-09",
            "price": "11.15",
            "revenue": 357830
        },
        "2016-10": {
            "month": "2016-10",
            "price": "10.12",
            "revenue": 353374
        },
        "2016-11": {
            "month": "2016-11",
            "price": "9.28",
            "revenue": 374708
        },
        "2016-12": {
            "month": "2016-12",
            "price": "9.87",
            "revenue": 356553
        },
        "2017-01": {
            "month": "2017-01",
            "price": "10.26",
            "revenue": 395572
        },
        "2017-02": {
            "month": "2017-02",
            "price": "10.67",
            "revenue": 414128
        },
        "2017-03": {
            "month": "2017-03",
            "price": "12.68",
            "revenue": 460252
        },
        "2017-04": {
            "month": "2017-04",
            "price": "14.99",
            "revenue": 430676
        },
        "2017-05": {
            "month": "2017-05",
            "price": "13.93",
            "revenue": 437628
        },
        "2017-06": {
            "month": "2017-06",
            "price": "13.22",
            "revenue": 467859
        },
        "2017-07": {
            "month": "2017-07",
            "price": "13.89",
            "revenue": 440812
        },
        "2017-08": {
            "month": "2017-08",
            "price": "14.36",
            "revenue": 446361
        },
        "2017-09": {
            "month": "2017-09",
            "price": "15.60",
            "revenue": 458382
        },
        "2017-10": {
            "month": "2017-10",
            "price": "21.76",
            "revenue": 452485
        },
        "2017-11": {
            "month": "2017-11",
            "price": "25.90",
            "revenue": 446500
        },
        "2017-12": {
            "month": "2017-12",
            "price": "23.12",
            "revenue": 422967
        },
        "2018-01": {
            "month": "2018-01",
            "price": "24.74",
            "revenue": 476831
        },
        "2018-02": {
            "month": "2018-02",
            "price": "21.45",
            "revenue": 470258
        },
        "2018-03": {
            "month": "2018-03",
            "price": "23.94",
            "revenue": 494954
        },
        "2018-04": {
            "month": "2018-04",
            "price": "23.31",
            "revenue": 523651
        },
        "2018-05": {
            "month": "2018-05",
            "price": "26.65",
            "revenue": 539092
        },
        "2018-06": {
            "month": "2018-06",
            "price": "37.90",
            "revenue": 557506
        },
        "2018-07": {
            "month": "2018-07",
            "price": "33.75",
            "revenue": 582061
        },
        "2018-08": {
            "month": "2018-08",
            "price": "29.51",
            "revenue": 581659
        },
        "2018-09": {
            "month": "2018-09",
            "price": "23.88",
            "revenue": 595143
        },
        "2018-10": {
            "month": "2018-10",
            "price": "19.21",
            "revenue": 601312
        },
        "2018-11": {
            "month": "2018-11",
            "price": "19.49",
            "revenue": 544310
        },
        "2018-12": {
            "month": "2018-12",
            "price": "21.48",
            "revenue": 469679
        },
        "2019-01": {
            "month": "2019-01",
            "price": "19.84",
            "revenue": 492199
        },
        "2019-02": {
            "month": "2019-02",
            "price": "22.77",
            "revenue": 437154
        },
        "2019-03": {
            "month": "2019-03",
            "price": "21.31",
            "revenue": 446586
        },
        "2019-04": {
            "month": "2019-04",
            "price": "21.00",
            "revenue": 467480
        },
        "2019-05": {
            "month": "2019-05",
            "price": "17.06",
            "revenue": 474286
        },
        "2019-06": {
            "month": "2019-06",
            "price": "17.96",
            "revenue": 480812
        },
        "2019-07": {
            "month": "2019-07",
            "price": "21.32",
            "revenue": 430777
        },
        "2019-08": {
            "month": "2019-08",
            "price": "23.71",
            "revenue": 410891
        },
        "2019-09": {
            "month": "2019-09",
            "price": "28.90",
            "revenue": 429562
        },
        "2019-10": {
            "month": "2019-10",
            "price": "28.38",
            "revenue": 438360
        },
        "2019-11": {
            "month": "2019-11",
            "price": "27.18",
            "revenue": 455827
        },
        "2019-12": {
            "month": "2019-12",
            "price": "27.18",
            "revenue": 455292
        },
        "2020-01": {
            "month": "2020-01",
            "price": "26.73",
            "revenue": 442859
        },
        "2020-02": {
            "month": "2020-02",
            "price": "25.57",
            "revenue": 469573
        },
        "2020-03": {
            "month": "2020-03",
            "price": "25.45",
            "revenue": 477242
        },
        "2020-04": {
            "month": "2020-04",
            "price": "25.10",
            "revenue": 494095
        },
        "2020-05": {
            "month": "2020-05",
            "price": "26.44",
            "revenue": 492719
        },
        "2020-06": {
            "month": "2020-06",
            "price": "27.10",
            "revenue": 477108
        },
        "2020-07": {
            "month": "2020-07",
            "price": "29.25",
            "revenue": 447228
        },
        "2020-08": {
            "month": "2020-08",
            "price": "28.91",
            "revenue": 441845
        },
        "2020-09": {
            "month": "2020-09",
            "price": "28.55",
            "revenue": 480452
        },
        "2020-10": {
            "month": "2020-10",
            "price": "28.42",
            "revenue": 485092
        },
        "2020-11": {
            "month": "2020-11",
            "price": "29.01",
            "revenue": 517980
        },
        "2020-12": {
            "month": "2020-12",
            "price": "37.97",
            "revenue": 515267
        },
        "2021-01": {
            "month": "2021-01",
            "price": "46.12",
            "revenue": 543479
        },
        "2021-02": {
            "month": "2021-02",
            "price": "47.70",
            "revenue": 527986
        },
        "2021-03": {
            "month": "2021-03",
            "price": "51.23",
            "revenue": 552172
        },
        "2021-04": {
            "month": "2021-04",
            "price": "68.89",
            "revenue": 568283
        },
        "2021-05": {
            "month": "2021-05",
            "price": "58.75",
            "revenue": 570367
        },
        "2021-06": {
            "month": "2021-06",
            "price": "76.86",
            "revenue": 604207
        },
        "2021-07": {
            "month": "2021-07",
            "price": "99.33",
            "revenue": 630952
        },
        "2021-08": {
            "month": "2021-08",
            "price": "100.23",
            "revenue": 645402
        },
        "2021-09": {
            "month": "2021-09",
            "price": "108.86",
            "revenue": 658694
        },
        "2021-10": {
            "month": "2021-10",
            "price": "128.30",
            "revenue": 669933
        },
        "2021-11": {
            "month": "2021-11",
            "price": "152.09",
            "revenue": 665433
        },
        "2021-12": {
            "month": "2021-12",
            "price": "141.68",
            "revenue": 632492
        },
        "2022-01": {
            "month": "2022-01",
            "price": "119.92",
            "revenue": 693507
        },
        "2022-02": {
            "month": "2022-02",
            "price": "111.97",
            "revenue": 679481
        },
        "2022-03": {
            "month": "2022-03",
            "price": "122.78",
            "revenue": 734300
        },
        "2022-04": {
            "month": "2022-04",
            "price": "120.42",
            "revenue": 737506
        },
        "2022-05": {
            "month": "2022-05",
            "price": "116.29",
            "revenue": 751116
        },
        "2022-06": {
            "month": "2022-06",
            "price": "124.19",
            "revenue": 764360
        },
        "2022-07": {
            "month": "2022-07",
            "price": "93.29",
            "revenue": 801439
        },
        "2022-08": {
            "month": "2022-08",
            "price": "106.06",
            "revenue": 813388
        },
        "2022-09": {
            "month": "2022-09",
            "price": "107.04",
            "revenue": 806698
        },
        "2022-10": {
            "month": "2022-10",
            "price": "89.22",
            "revenue": 735718
        },
        "2022-11": {
            "month": "2022-11",
            "price": "95.56",
            "revenue": 683900
        },
        "2022-12": {
            "month": "2022-12",
            "price": "92.89",
            "revenue": 678469
        },
        "2023-01": {
            "month": "2023-01",
            "price": "89.62",
            "revenue": 607218
        },
        "2023-02": {
            "month": "2023-02",
            "price": "96.67",
            "revenue": 560261
        },
        "2023-03": {
            "month": "2023-03",
            "price": "90.00",
            "revenue": 599629
        },
        "2023-04": {
            "month": "2023-04",
            "price": "84.96",
            "revenue": 610369
        },
        "2023-05": {
            "month": "2023-05",
            "price": "77.63",
            "revenue": 673293
        },
        "2023-06": {
            "month": "2023-06",
            "price": "84.72",
            "revenue": 634307
        },
        "2023-07": {
            "month": "2023-07",
            "price": "84.16",
            "revenue": 635007
        },
        "2023-08": {
            "month": "2023-08",
            "price": "76.49",
            "revenue": 600166
        },
        "2023-09": {
            "month": "2023-09",
            "price": "77.34",
            "revenue": 550640
        }
    }
}
