{
    "summary": {
        "stock_name": "上緯投控",
        "stock_id": "3708",
        "category": "化工",
        "main_business": "一般投資業",
        "website_url": "http://www.swancor.com/tw/",
        "ceo": "蔡朝陽",
        "pe_ratio": 11,
        "report_year_from": 2016,
        "report_year_to": 2023,
        "age": 7,
        "eps_negative_percentage": 0,
        "eps_growth_avg": {
            "last_all": 31.06,
            "last_2y": 1.83,
            "last_4y": 17.28,
            "last_8y": null,
            "last_12y": null,
            "last_16y": null,
            "last_20y": null,
            "at_2006_last_3y": null,
            "at_2007_last_3y": null,
            "at_2008_last_3y": null,
            "at_2009_last_3y": null,
            "at_2010_last_3y": null,
            "at_2011_last_3y": null,
            "at_2012_last_3y": null,
            "at_2013_last_3y": null,
            "at_2014_last_3y": null,
            "at_2015_last_3y": null,
            "at_2016_last_3y": null,
            "at_2017_last_3y": null,
            "at_2018_last_3y": null,
            "at_2019_last_3y": null,
            "at_2020_last_3y": 39.23,
            "at_2021_last_3y": -3.4,
            "at_2022_last_3y": -3.4,
            "at_2023_last_3y": -3.4,
            "at_2006_last_all": null,
            "at_2007_last_all": null,
            "at_2008_last_all": null,
            "at_2009_last_all": null,
            "at_2010_last_all": null,
            "at_2011_last_all": null,
            "at_2012_last_all": null,
            "at_2013_last_all": null,
            "at_2014_last_all": null,
            "at_2015_last_all": null,
            "at_2016_last_all": null,
            "at_2017_last_all": null,
            "at_2018_last_all": 100,
            "at_2019_last_all": 60.29,
            "at_2020_last_all": 39.23,
            "at_2021_last_all": 17.28,
            "at_2022_last_all": 31.06,
            "at_2023_last_all": 31.06
        },
        "latest_eps": 8.87,
        "latest_price": 94.1,
        "latest_roe": 12.28,
        "latest_gross_margin": 18.84,
        "latest_equity": 7987479,
        "latest_revenue": 1698486,
        "latest_gross_profit": 319999,
        "latest_net_income": 18004,
        "latest_debt_ratio": 41.55,
        "latest_current_ratio": 223.56,
        "latest_account_receivable_turnover_ratio": 0.36,
        "latest_inventory_turnover_ratio": 1.56,
        "latest_reinvestment_rate": 111.72,
        "latest_research_to_sale_ratio": 3.06
    },
    "eps_dividends": {
        "2001": {
            "cash": 0,
            "stock": 0,
            "eps": 0
        },
        "2002": {
            "cash": 0,
            "stock": 0,
            "eps": 0
        },
        "2003": {
            "cash": 0,
            "stock": 0,
            "eps": 0
        },
        "2004": {
            "cash": 0,
            "stock": 0,
            "eps": 0
        },
        "2005": {
            "cash": 0,
            "stock": 0,
            "eps": 0
        },
        "2006": {
            "cash": 0,
            "stock": 0,
            "eps": 0
        },
        "2007": {
            "cash": 0,
            "stock": 0,
            "eps": 0
        },
        "2008": {
            "cash": 0,
            "stock": 0,
            "eps": 0
        },
        "2009": {
            "cash": 0,
            "stock": 0,
            "eps": 0
        },
        "2010": {
            "cash": 0,
            "stock": 0,
            "eps": 0
        },
        "2011": {
            "cash": 0,
            "stock": 0,
            "eps": 0
        },
        "2012": {
            "cash": 0,
            "stock": 0,
            "eps": 0
        },
        "2013": {
            "cash": 0,
            "stock": 0,
            "eps": 0
        },
        "2014": {
            "cash": 0,
            "stock": 0,
            "eps": 0
        },
        "2015": {
            "cash": 0,
            "stock": 0,
            "eps": 0
        },
        "2016": {
            "cash": 0,
            "stock": 0,
            "eps": 0.58
        },
        "2017": {
            "cash": 1,
            "stock": 0,
            "eps": 2.45
        },
        "2018": {
            "cash": 2,
            "stock": 0,
            "eps": 11.09
        },
        "2019": {
            "cash": 5,
            "stock": 0,
            "eps": 8.97
        },
        "2020": {
            "cash": 4,
            "stock": 0,
            "eps": 6.82
        },
        "2021": {
            "cash": 3.5,
            "stock": 0,
            "eps": 2.01
        },
        "2022": {
            "cash": 1.5,
            "stock": 0,
            "eps": 9.35
        },
        "2023": {
            "cash": 5,
            "stock": 0,
            "eps": 0.2
        }
    },
    "dividends": {
        "2017-09-26": {
            "cash": 1,
            "stock": 0
        },
        "2018-08-21": {
            "cash": 2,
            "stock": 0
        },
        "2019-08-05": {
            "cash": 5,
            "stock": 0
        },
        "2020-08-21": {
            "cash": 4,
            "stock": 0
        },
        "2021-09-06": {
            "cash": 3.5,
            "stock": 0
        },
        "2022-08-05": {
            "cash": 1.5,
            "stock": 0
        },
        "2023-03-10": {
            "cash": 5,
            "stock": 0
        }
    },
    "prices": {
        "200101": "無",
        "200102": "無",
        "200103": "無",
        "200104": "無",
        "200105": "無",
        "200106": "無",
        "200107": "無",
        "200108": "無",
        "200109": "無",
        "200110": "無",
        "200111": "無",
        "200112": "無",
        "200201": "無",
        "200202": "無",
        "200203": "無",
        "200204": "無",
        "200205": "無",
        "200206": "無",
        "200207": "無",
        "200208": "無",
        "200209": "無",
        "200210": "無",
        "200211": "無",
        "200212": "無",
        "200301": "無",
        "200302": "無",
        "200303": "無",
        "200304": "無",
        "200305": "無",
        "200306": "無",
        "200307": "無",
        "200308": "無",
        "200309": "無",
        "200310": "無",
        "200311": "無",
        "200312": "無",
        "200401": "無",
        "200402": "無",
        "200403": "無",
        "200404": "無",
        "200405": "無",
        "200406": "無",
        "200407": "無",
        "200408": "無",
        "200409": "無",
        "200410": "無",
        "200411": "無",
        "200412": "無",
        "200501": "無",
        "200502": "無",
        "200503": "無",
        "200504": "無",
        "200505": "無",
        "200506": "無",
        "200507": "無",
        "200508": "無",
        "200509": "無",
        "200510": "無",
        "200511": "無",
        "200512": "無",
        "200601": "無",
        "200602": "無",
        "200603": "無",
        "200604": "無",
        "200605": "無",
        "200606": "無",
        "200607": "無",
        "200608": "無",
        "200609": "無",
        "200610": "無",
        "200611": "無",
        "200612": "無",
        "200701": "無",
        "200702": "無",
        "200703": "無",
        "200704": "無",
        "200705": "無",
        "200706": "無",
        "200707": "無",
        "200708": "無",
        "200709": "無",
        "200710": "無",
        "200711": "無",
        "200712": "無",
        "200801": "無",
        "200802": "無",
        "200803": "無",
        "200804": "無",
        "200805": "無",
        "200806": "無",
        "200807": "無",
        "200808": "無",
        "200809": "無",
        "200810": "無",
        "200811": "無",
        "200812": "無",
        "200901": "無",
        "200902": "無",
        "200903": "無",
        "200904": "無",
        "200905": "無",
        "200906": "無",
        "200907": "無",
        "200908": "無",
        "200909": "無",
        "200910": "無",
        "200911": "無",
        "200912": "無",
        "201001": "無",
        "201002": "無",
        "201003": "無",
        "201004": "無",
        "201005": "無",
        "201006": "無",
        "201007": "無",
        "201008": "無",
        "201009": "無",
        "201010": "無",
        "201011": "無",
        "201012": "無",
        "201101": "無",
        "201102": "無",
        "201103": "無",
        "201104": "無",
        "201105": "無",
        "201106": "無",
        "201107": "無",
        "201108": "無",
        "201109": "無",
        "201110": "無",
        "201111": "無",
        "201112": "無",
        "201201": "無",
        "201202": "無",
        "201203": "無",
        "201204": "無",
        "201205": "無",
        "201206": "無",
        "201207": "無",
        "201208": "無",
        "201209": "無",
        "201210": "無",
        "201211": "無",
        "201212": "無",
        "201301": "無",
        "201302": "無",
        "201303": "無",
        "201304": "無",
        "201305": "無",
        "201306": "無",
        "201307": "無",
        "201308": "無",
        "201309": "無",
        "201310": "無",
        "201311": "無",
        "201312": "無",
        "201401": "無",
        "201402": "無",
        "201403": "無",
        "201404": "無",
        "201405": "無",
        "201406": "無",
        "201407": "無",
        "201408": "無",
        "201409": "無",
        "201410": "無",
        "201411": "無",
        "201412": "無",
        "201501": "無",
        "201502": "無",
        "201503": "無",
        "201504": "無",
        "201505": "無",
        "201506": "無",
        "201507": "無",
        "201508": "無",
        "201509": "無",
        "201510": "無",
        "201511": "無",
        "201512": "無",
        "201601": "無",
        "201602": "無",
        "201603": "無",
        "201604": "無",
        "201605": "無",
        "201606": "無",
        "201607": "無",
        "201608": "149.50",
        "201609": "122.95",
        "201610": "81.26",
        "201611": "67.43",
        "201612": "71.68",
        "201701": "73.68",
        "201702": "77.92",
        "201703": "73.09",
        "201704": "67.46",
        "201705": "66.04",
        "201706": "67.31",
        "201707": "76.58",
        "201708": "85.04",
        "201709": "83.48",
        "201710": "77.11",
        "201711": "74.46",
        "201712": "83.63",
        "201801": "84.63",
        "201802": "76.57",
        "201803": "91.15",
        "201804": "165.14",
        "201805": "103.49",
        "201806": "98.75",
        "201807": "78.25",
        "201808": "72.23",
        "201809": "66.32",
        "201810": "67.78",
        "201811": "69.47",
        "201812": "67.05",
        "201901": "74.79",
        "201902": "102.03",
        "201903": "98.40",
        "201904": "101.87",
        "201905": "92.23",
        "201906": "96.04",
        "201907": "80.87",
        "201908": "77.70",
        "201909": "81.35",
        "201910": "85.73",
        "201911": "81.64",
        "201912": "81.93",
        "202001": "81.41",
        "202002": "74.37",
        "202003": "64.21",
        "202004": "65.39",
        "202005": "82.47",
        "202006": "84.72",
        "202007": "97.64",
        "202008": "110.40",
        "202009": "153.07",
        "202010": "163.00",
        "202011": "165.21",
        "202012": "153.20",
        "202101": "143.22",
        "202102": "146.81",
        "202103": "141.52",
        "202104": "141.32",
        "202105": "122.90",
        "202106": "117.69",
        "202107": "111.20",
        "202108": "93.50",
        "202109": "89.54",
        "202110": "104.42",
        "202111": "93.78",
        "202112": "91.82",
        "202201": "92.22",
        "202202": "94.11",
        "202203": "95.54",
        "202204": "124.16",
        "202205": "125.24",
        "202206": "123.12",
        "202207": "112.02",
        "202208": "104.09",
        "202209": "93.63",
        "202210": "91.83",
        "202211": "93.56",
        "202212": "96.68",
        "202301": "101.53",
        "202302": "106.53",
        "202303": "103.42",
        "202304": "103.79",
        "202305": "97.46"
    },
    "quarters": {
        "20011": {
            "year_quarter": 20011,
            "year": 2001,
            "quarter": 1,
            "eps": null,
            "eps_growth_year": null,
            "eps_4q": null,
            "eps_4q_growth_year": null,
            "roe": null,
            "roe_4q": 0,
            "gross_profit": null,
            "gross_margin": null,
            "gross_margin_4q_avg": 0,
            "net_income": null,
            "revenue": null,
            "common_shares": null,
            "book_valuer_per_share": null,
            "book_valuer_per_share_4q_avg": 0,
            "equity": null,
            "current_ratio": null,
            "debt_ratio": null,
            "inventory_turnover_ratio": null,
            "account_receivable_turnover_ratio": null,
            "reinvestment_rate": null,
            "research_to_sale_ratio": null,
            "price_fair": 0,
            "eps_avg_yearly": 0,
            "eps_latest_yearly": 0,
            "eps_growth_yearly": 0
        },
        "20012": {
            "year_quarter": 20012,
            "year": 2001,
            "quarter": 2,
            "eps": null,
            "eps_growth_year": null,
            "eps_4q": null,
            "eps_4q_growth_year": null,
            "roe": null,
            "roe_4q": 0,
            "gross_profit": null,
            "gross_margin": null,
            "gross_margin_4q_avg": 0,
            "net_income": null,
            "revenue": null,
            "common_shares": null,
            "book_valuer_per_share": null,
            "book_valuer_per_share_4q_avg": 0,
            "equity": null,
            "current_ratio": null,
            "debt_ratio": null,
            "inventory_turnover_ratio": null,
            "account_receivable_turnover_ratio": null,
            "reinvestment_rate": null,
            "research_to_sale_ratio": null,
            "price_fair": 0,
            "eps_avg_yearly": 0,
            "eps_latest_yearly": 0,
            "eps_growth_yearly": 0
        },
        "20013": {
            "year_quarter": 20013,
            "year": 2001,
            "quarter": 3,
            "eps": null,
            "eps_growth_year": null,
            "eps_4q": null,
            "eps_4q_growth_year": null,
            "roe": null,
            "roe_4q": 0,
            "gross_profit": null,
            "gross_margin": null,
            "gross_margin_4q_avg": 0,
            "net_income": null,
            "revenue": null,
            "common_shares": null,
            "book_valuer_per_share": null,
            "book_valuer_per_share_4q_avg": 0,
            "equity": null,
            "current_ratio": null,
            "debt_ratio": null,
            "inventory_turnover_ratio": null,
            "account_receivable_turnover_ratio": null,
            "reinvestment_rate": null,
            "research_to_sale_ratio": null,
            "price_fair": 0,
            "eps_avg_yearly": 0,
            "eps_latest_yearly": 0,
            "eps_growth_yearly": 0
        },
        "20014": {
            "year_quarter": 20014,
            "year": 2001,
            "quarter": 4,
            "eps": null,
            "eps_growth_year": null,
            "eps_4q": null,
            "eps_4q_growth_year": null,
            "roe": null,
            "roe_4q": 0,
            "gross_profit": null,
            "gross_margin": null,
            "gross_margin_4q_avg": 0,
            "net_income": null,
            "revenue": null,
            "common_shares": null,
            "book_valuer_per_share": null,
            "book_valuer_per_share_4q_avg": 0,
            "equity": null,
            "current_ratio": null,
            "debt_ratio": null,
            "inventory_turnover_ratio": null,
            "account_receivable_turnover_ratio": null,
            "reinvestment_rate": null,
            "research_to_sale_ratio": null,
            "price_fair": 0,
            "eps_avg_yearly": 0,
            "eps_latest_yearly": 0,
            "eps_growth_yearly": 0
        },
        "20021": {
            "year_quarter": 20021,
            "year": 2002,
            "quarter": 1,
            "eps": null,
            "eps_growth_year": null,
            "eps_4q": null,
            "eps_4q_growth_year": null,
            "roe": null,
            "roe_4q": 0,
            "gross_profit": null,
            "gross_margin": null,
            "gross_margin_4q_avg": 0,
            "net_income": null,
            "revenue": null,
            "common_shares": null,
            "book_valuer_per_share": null,
            "book_valuer_per_share_4q_avg": 0,
            "equity": null,
            "current_ratio": null,
            "debt_ratio": null,
            "inventory_turnover_ratio": null,
            "account_receivable_turnover_ratio": null,
            "reinvestment_rate": null,
            "research_to_sale_ratio": null,
            "price_fair": 0,
            "eps_avg_yearly": 0,
            "eps_latest_yearly": 0,
            "eps_growth_yearly": 0
        },
        "20022": {
            "year_quarter": 20022,
            "year": 2002,
            "quarter": 2,
            "eps": null,
            "eps_growth_year": null,
            "eps_4q": null,
            "eps_4q_growth_year": null,
            "roe": null,
            "roe_4q": 0,
            "gross_profit": null,
            "gross_margin": null,
            "gross_margin_4q_avg": 0,
            "net_income": null,
            "revenue": null,
            "common_shares": null,
            "book_valuer_per_share": null,
            "book_valuer_per_share_4q_avg": 0,
            "equity": null,
            "current_ratio": null,
            "debt_ratio": null,
            "inventory_turnover_ratio": null,
            "account_receivable_turnover_ratio": null,
            "reinvestment_rate": null,
            "research_to_sale_ratio": null,
            "price_fair": 0,
            "eps_avg_yearly": 0,
            "eps_latest_yearly": 0,
            "eps_growth_yearly": 0
        },
        "20023": {
            "year_quarter": 20023,
            "year": 2002,
            "quarter": 3,
            "eps": null,
            "eps_growth_year": null,
            "eps_4q": null,
            "eps_4q_growth_year": null,
            "roe": null,
            "roe_4q": 0,
            "gross_profit": null,
            "gross_margin": null,
            "gross_margin_4q_avg": 0,
            "net_income": null,
            "revenue": null,
            "common_shares": null,
            "book_valuer_per_share": null,
            "book_valuer_per_share_4q_avg": 0,
            "equity": null,
            "current_ratio": null,
            "debt_ratio": null,
            "inventory_turnover_ratio": null,
            "account_receivable_turnover_ratio": null,
            "reinvestment_rate": null,
            "research_to_sale_ratio": null,
            "price_fair": 0,
            "eps_avg_yearly": 0,
            "eps_latest_yearly": 0,
            "eps_growth_yearly": 0
        },
        "20024": {
            "year_quarter": 20024,
            "year": 2002,
            "quarter": 4,
            "eps": null,
            "eps_growth_year": null,
            "eps_4q": null,
            "eps_4q_growth_year": null,
            "roe": null,
            "roe_4q": 0,
            "gross_profit": null,
            "gross_margin": null,
            "gross_margin_4q_avg": 0,
            "net_income": null,
            "revenue": null,
            "common_shares": null,
            "book_valuer_per_share": null,
            "book_valuer_per_share_4q_avg": 0,
            "equity": null,
            "current_ratio": null,
            "debt_ratio": null,
            "inventory_turnover_ratio": null,
            "account_receivable_turnover_ratio": null,
            "reinvestment_rate": null,
            "research_to_sale_ratio": null,
            "price_fair": 0,
            "eps_avg_yearly": 0,
            "eps_latest_yearly": 0,
            "eps_growth_yearly": 0
        },
        "20031": {
            "year_quarter": 20031,
            "year": 2003,
            "quarter": 1,
            "eps": null,
            "eps_growth_year": null,
            "eps_4q": null,
            "eps_4q_growth_year": null,
            "roe": null,
            "roe_4q": 0,
            "gross_profit": null,
            "gross_margin": null,
            "gross_margin_4q_avg": 0,
            "net_income": null,
            "revenue": null,
            "common_shares": null,
            "book_valuer_per_share": null,
            "book_valuer_per_share_4q_avg": 0,
            "equity": null,
            "current_ratio": null,
            "debt_ratio": null,
            "inventory_turnover_ratio": null,
            "account_receivable_turnover_ratio": null,
            "reinvestment_rate": null,
            "research_to_sale_ratio": null,
            "price_fair": 0,
            "eps_avg_yearly": 0,
            "eps_latest_yearly": 0,
            "eps_growth_yearly": 0
        },
        "20032": {
            "year_quarter": 20032,
            "year": 2003,
            "quarter": 2,
            "eps": null,
            "eps_growth_year": null,
            "eps_4q": null,
            "eps_4q_growth_year": null,
            "roe": null,
            "roe_4q": 0,
            "gross_profit": null,
            "gross_margin": null,
            "gross_margin_4q_avg": 0,
            "net_income": null,
            "revenue": null,
            "common_shares": null,
            "book_valuer_per_share": null,
            "book_valuer_per_share_4q_avg": 0,
            "equity": null,
            "current_ratio": null,
            "debt_ratio": null,
            "inventory_turnover_ratio": null,
            "account_receivable_turnover_ratio": null,
            "reinvestment_rate": null,
            "research_to_sale_ratio": null,
            "price_fair": 0,
            "eps_avg_yearly": 0,
            "eps_latest_yearly": 0,
            "eps_growth_yearly": 0
        },
        "20033": {
            "year_quarter": 20033,
            "year": 2003,
            "quarter": 3,
            "eps": null,
            "eps_growth_year": null,
            "eps_4q": null,
            "eps_4q_growth_year": null,
            "roe": null,
            "roe_4q": 0,
            "gross_profit": null,
            "gross_margin": null,
            "gross_margin_4q_avg": 0,
            "net_income": null,
            "revenue": null,
            "common_shares": null,
            "book_valuer_per_share": null,
            "book_valuer_per_share_4q_avg": 0,
            "equity": null,
            "current_ratio": null,
            "debt_ratio": null,
            "inventory_turnover_ratio": null,
            "account_receivable_turnover_ratio": null,
            "reinvestment_rate": null,
            "research_to_sale_ratio": null,
            "price_fair": 0,
            "eps_avg_yearly": 0,
            "eps_latest_yearly": 0,
            "eps_growth_yearly": 0
        },
        "20034": {
            "year_quarter": 20034,
            "year": 2003,
            "quarter": 4,
            "eps": null,
            "eps_growth_year": null,
            "eps_4q": null,
            "eps_4q_growth_year": null,
            "roe": null,
            "roe_4q": 0,
            "gross_profit": null,
            "gross_margin": null,
            "gross_margin_4q_avg": 0,
            "net_income": null,
            "revenue": null,
            "common_shares": null,
            "book_valuer_per_share": null,
            "book_valuer_per_share_4q_avg": 0,
            "equity": null,
            "current_ratio": null,
            "debt_ratio": null,
            "inventory_turnover_ratio": null,
            "account_receivable_turnover_ratio": null,
            "reinvestment_rate": null,
            "research_to_sale_ratio": null,
            "price_fair": 0,
            "eps_avg_yearly": 0,
            "eps_latest_yearly": 0,
            "eps_growth_yearly": 0
        },
        "20041": {
            "year_quarter": 20041,
            "year": 2004,
            "quarter": 1,
            "eps": null,
            "eps_growth_year": null,
            "eps_4q": null,
            "eps_4q_growth_year": null,
            "roe": null,
            "roe_4q": 0,
            "gross_profit": null,
            "gross_margin": null,
            "gross_margin_4q_avg": 0,
            "net_income": null,
            "revenue": null,
            "common_shares": null,
            "book_valuer_per_share": null,
            "book_valuer_per_share_4q_avg": 0,
            "equity": null,
            "current_ratio": null,
            "debt_ratio": null,
            "inventory_turnover_ratio": null,
            "account_receivable_turnover_ratio": null,
            "reinvestment_rate": null,
            "research_to_sale_ratio": null,
            "price_fair": 0,
            "eps_avg_yearly": 0,
            "eps_latest_yearly": 0,
            "eps_growth_yearly": 0
        },
        "20042": {
            "year_quarter": 20042,
            "year": 2004,
            "quarter": 2,
            "eps": null,
            "eps_growth_year": null,
            "eps_4q": null,
            "eps_4q_growth_year": null,
            "roe": null,
            "roe_4q": 0,
            "gross_profit": null,
            "gross_margin": null,
            "gross_margin_4q_avg": 0,
            "net_income": null,
            "revenue": null,
            "common_shares": null,
            "book_valuer_per_share": null,
            "book_valuer_per_share_4q_avg": 0,
            "equity": null,
            "current_ratio": null,
            "debt_ratio": null,
            "inventory_turnover_ratio": null,
            "account_receivable_turnover_ratio": null,
            "reinvestment_rate": null,
            "research_to_sale_ratio": null,
            "price_fair": 0,
            "eps_avg_yearly": 0,
            "eps_latest_yearly": 0,
            "eps_growth_yearly": 0
        },
        "20043": {
            "year_quarter": 20043,
            "year": 2004,
            "quarter": 3,
            "eps": null,
            "eps_growth_year": null,
            "eps_4q": null,
            "eps_4q_growth_year": null,
            "roe": null,
            "roe_4q": 0,
            "gross_profit": null,
            "gross_margin": null,
            "gross_margin_4q_avg": 0,
            "net_income": null,
            "revenue": null,
            "common_shares": null,
            "book_valuer_per_share": null,
            "book_valuer_per_share_4q_avg": 0,
            "equity": null,
            "current_ratio": null,
            "debt_ratio": null,
            "inventory_turnover_ratio": null,
            "account_receivable_turnover_ratio": null,
            "reinvestment_rate": null,
            "research_to_sale_ratio": null,
            "price_fair": 0,
            "eps_avg_yearly": 0,
            "eps_latest_yearly": 0,
            "eps_growth_yearly": 0
        },
        "20044": {
            "year_quarter": 20044,
            "year": 2004,
            "quarter": 4,
            "eps": null,
            "eps_growth_year": null,
            "eps_4q": null,
            "eps_4q_growth_year": null,
            "roe": null,
            "roe_4q": 0,
            "gross_profit": null,
            "gross_margin": null,
            "gross_margin_4q_avg": 0,
            "net_income": null,
            "revenue": null,
            "common_shares": null,
            "book_valuer_per_share": null,
            "book_valuer_per_share_4q_avg": 0,
            "equity": null,
            "current_ratio": null,
            "debt_ratio": null,
            "inventory_turnover_ratio": null,
            "account_receivable_turnover_ratio": null,
            "reinvestment_rate": null,
            "research_to_sale_ratio": null,
            "price_fair": 0,
            "eps_avg_yearly": 0,
            "eps_latest_yearly": 0,
            "eps_growth_yearly": 0
        },
        "20051": {
            "year_quarter": 20051,
            "year": 2005,
            "quarter": 1,
            "eps": null,
            "eps_growth_year": null,
            "eps_4q": null,
            "eps_4q_growth_year": null,
            "roe": null,
            "roe_4q": 0,
            "gross_profit": null,
            "gross_margin": null,
            "gross_margin_4q_avg": 0,
            "net_income": null,
            "revenue": null,
            "common_shares": null,
            "book_valuer_per_share": null,
            "book_valuer_per_share_4q_avg": 0,
            "equity": null,
            "current_ratio": null,
            "debt_ratio": null,
            "inventory_turnover_ratio": null,
            "account_receivable_turnover_ratio": null,
            "reinvestment_rate": null,
            "research_to_sale_ratio": null,
            "price_fair": 0,
            "eps_avg_yearly": 0,
            "eps_latest_yearly": 0,
            "eps_growth_yearly": 0
        },
        "20052": {
            "year_quarter": 20052,
            "year": 2005,
            "quarter": 2,
            "eps": null,
            "eps_growth_year": null,
            "eps_4q": null,
            "eps_4q_growth_year": null,
            "roe": null,
            "roe_4q": 0,
            "gross_profit": null,
            "gross_margin": null,
            "gross_margin_4q_avg": 0,
            "net_income": null,
            "revenue": null,
            "common_shares": null,
            "book_valuer_per_share": null,
            "book_valuer_per_share_4q_avg": 0,
            "equity": null,
            "current_ratio": null,
            "debt_ratio": null,
            "inventory_turnover_ratio": null,
            "account_receivable_turnover_ratio": null,
            "reinvestment_rate": null,
            "research_to_sale_ratio": null,
            "price_fair": 0,
            "eps_avg_yearly": 0,
            "eps_latest_yearly": 0,
            "eps_growth_yearly": 0
        },
        "20053": {
            "year_quarter": 20053,
            "year": 2005,
            "quarter": 3,
            "eps": null,
            "eps_growth_year": null,
            "eps_4q": null,
            "eps_4q_growth_year": null,
            "roe": null,
            "roe_4q": 0,
            "gross_profit": null,
            "gross_margin": null,
            "gross_margin_4q_avg": 0,
            "net_income": null,
            "revenue": null,
            "common_shares": null,
            "book_valuer_per_share": null,
            "book_valuer_per_share_4q_avg": 0,
            "equity": null,
            "current_ratio": null,
            "debt_ratio": null,
            "inventory_turnover_ratio": null,
            "account_receivable_turnover_ratio": null,
            "reinvestment_rate": null,
            "research_to_sale_ratio": null,
            "price_fair": 0,
            "eps_avg_yearly": 0,
            "eps_latest_yearly": 0,
            "eps_growth_yearly": 0
        },
        "20054": {
            "year_quarter": 20054,
            "year": 2005,
            "quarter": 4,
            "eps": null,
            "eps_growth_year": null,
            "eps_4q": null,
            "eps_4q_growth_year": null,
            "roe": null,
            "roe_4q": 0,
            "gross_profit": null,
            "gross_margin": null,
            "gross_margin_4q_avg": 0,
            "net_income": null,
            "revenue": null,
            "common_shares": null,
            "book_valuer_per_share": null,
            "book_valuer_per_share_4q_avg": 0,
            "equity": null,
            "current_ratio": null,
            "debt_ratio": null,
            "inventory_turnover_ratio": null,
            "account_receivable_turnover_ratio": null,
            "reinvestment_rate": null,
            "research_to_sale_ratio": null,
            "price_fair": 0,
            "eps_avg_yearly": 0,
            "eps_latest_yearly": 0,
            "eps_growth_yearly": 0
        },
        "20061": {
            "year_quarter": 20061,
            "year": 2006,
            "quarter": 1,
            "eps": null,
            "eps_growth_year": null,
            "eps_4q": null,
            "eps_4q_growth_year": null,
            "roe": null,
            "roe_4q": 0,
            "gross_profit": null,
            "gross_margin": null,
            "gross_margin_4q_avg": 0,
            "net_income": null,
            "revenue": null,
            "common_shares": null,
            "book_valuer_per_share": null,
            "book_valuer_per_share_4q_avg": 0,
            "equity": null,
            "current_ratio": null,
            "debt_ratio": null,
            "inventory_turnover_ratio": null,
            "account_receivable_turnover_ratio": null,
            "reinvestment_rate": null,
            "research_to_sale_ratio": null,
            "price_fair": 0,
            "eps_avg_yearly": 0,
            "eps_latest_yearly": 0,
            "eps_growth_yearly": 0
        },
        "20062": {
            "year_quarter": 20062,
            "year": 2006,
            "quarter": 2,
            "eps": null,
            "eps_growth_year": null,
            "eps_4q": null,
            "eps_4q_growth_year": null,
            "roe": null,
            "roe_4q": 0,
            "gross_profit": null,
            "gross_margin": null,
            "gross_margin_4q_avg": 0,
            "net_income": null,
            "revenue": null,
            "common_shares": null,
            "book_valuer_per_share": null,
            "book_valuer_per_share_4q_avg": 0,
            "equity": null,
            "current_ratio": null,
            "debt_ratio": null,
            "inventory_turnover_ratio": null,
            "account_receivable_turnover_ratio": null,
            "reinvestment_rate": null,
            "research_to_sale_ratio": null,
            "price_fair": 0,
            "eps_avg_yearly": 0,
            "eps_latest_yearly": 0,
            "eps_growth_yearly": 0
        },
        "20063": {
            "year_quarter": 20063,
            "year": 2006,
            "quarter": 3,
            "eps": null,
            "eps_growth_year": null,
            "eps_4q": null,
            "eps_4q_growth_year": null,
            "roe": null,
            "roe_4q": 0,
            "gross_profit": null,
            "gross_margin": null,
            "gross_margin_4q_avg": 0,
            "net_income": null,
            "revenue": null,
            "common_shares": null,
            "book_valuer_per_share": null,
            "book_valuer_per_share_4q_avg": 0,
            "equity": null,
            "current_ratio": null,
            "debt_ratio": null,
            "inventory_turnover_ratio": null,
            "account_receivable_turnover_ratio": null,
            "reinvestment_rate": null,
            "research_to_sale_ratio": null,
            "price_fair": 0,
            "eps_avg_yearly": 0,
            "eps_latest_yearly": 0,
            "eps_growth_yearly": 0
        },
        "20064": {
            "year_quarter": 20064,
            "year": 2006,
            "quarter": 4,
            "eps": null,
            "eps_growth_year": null,
            "eps_4q": null,
            "eps_4q_growth_year": null,
            "roe": null,
            "roe_4q": 0,
            "gross_profit": null,
            "gross_margin": null,
            "gross_margin_4q_avg": 0,
            "net_income": null,
            "revenue": null,
            "common_shares": null,
            "book_valuer_per_share": null,
            "book_valuer_per_share_4q_avg": 0,
            "equity": null,
            "current_ratio": null,
            "debt_ratio": null,
            "inventory_turnover_ratio": null,
            "account_receivable_turnover_ratio": null,
            "reinvestment_rate": null,
            "research_to_sale_ratio": null,
            "price_fair": 0,
            "eps_avg_yearly": 0,
            "eps_latest_yearly": 0,
            "eps_growth_yearly": 0
        },
        "20071": {
            "year_quarter": 20071,
            "year": 2007,
            "quarter": 1,
            "eps": null,
            "eps_growth_year": null,
            "eps_4q": null,
            "eps_4q_growth_year": null,
            "roe": null,
            "roe_4q": 0,
            "gross_profit": null,
            "gross_margin": null,
            "gross_margin_4q_avg": 0,
            "net_income": null,
            "revenue": null,
            "common_shares": null,
            "book_valuer_per_share": null,
            "book_valuer_per_share_4q_avg": 0,
            "equity": null,
            "current_ratio": null,
            "debt_ratio": null,
            "inventory_turnover_ratio": null,
            "account_receivable_turnover_ratio": null,
            "reinvestment_rate": null,
            "research_to_sale_ratio": null,
            "price_fair": 0,
            "eps_avg_yearly": 0,
            "eps_latest_yearly": 0,
            "eps_growth_yearly": 0
        },
        "20072": {
            "year_quarter": 20072,
            "year": 2007,
            "quarter": 2,
            "eps": null,
            "eps_growth_year": null,
            "eps_4q": null,
            "eps_4q_growth_year": null,
            "roe": null,
            "roe_4q": 0,
            "gross_profit": null,
            "gross_margin": null,
            "gross_margin_4q_avg": 0,
            "net_income": null,
            "revenue": null,
            "common_shares": null,
            "book_valuer_per_share": null,
            "book_valuer_per_share_4q_avg": 0,
            "equity": null,
            "current_ratio": null,
            "debt_ratio": null,
            "inventory_turnover_ratio": null,
            "account_receivable_turnover_ratio": null,
            "reinvestment_rate": null,
            "research_to_sale_ratio": null,
            "price_fair": 0,
            "eps_avg_yearly": 0,
            "eps_latest_yearly": 0,
            "eps_growth_yearly": 0
        },
        "20073": {
            "year_quarter": 20073,
            "year": 2007,
            "quarter": 3,
            "eps": null,
            "eps_growth_year": null,
            "eps_4q": null,
            "eps_4q_growth_year": null,
            "roe": null,
            "roe_4q": 0,
            "gross_profit": null,
            "gross_margin": null,
            "gross_margin_4q_avg": 0,
            "net_income": null,
            "revenue": null,
            "common_shares": null,
            "book_valuer_per_share": null,
            "book_valuer_per_share_4q_avg": 0,
            "equity": null,
            "current_ratio": null,
            "debt_ratio": null,
            "inventory_turnover_ratio": null,
            "account_receivable_turnover_ratio": null,
            "reinvestment_rate": null,
            "research_to_sale_ratio": null,
            "price_fair": 0,
            "eps_avg_yearly": 0,
            "eps_latest_yearly": 0,
            "eps_growth_yearly": 0
        },
        "20074": {
            "year_quarter": 20074,
            "year": 2007,
            "quarter": 4,
            "eps": null,
            "eps_growth_year": null,
            "eps_4q": null,
            "eps_4q_growth_year": null,
            "roe": null,
            "roe_4q": 0,
            "gross_profit": null,
            "gross_margin": null,
            "gross_margin_4q_avg": 0,
            "net_income": null,
            "revenue": null,
            "common_shares": null,
            "book_valuer_per_share": null,
            "book_valuer_per_share_4q_avg": 0,
            "equity": null,
            "current_ratio": null,
            "debt_ratio": null,
            "inventory_turnover_ratio": null,
            "account_receivable_turnover_ratio": null,
            "reinvestment_rate": null,
            "research_to_sale_ratio": null,
            "price_fair": 0,
            "eps_avg_yearly": 0,
            "eps_latest_yearly": 0,
            "eps_growth_yearly": 0
        },
        "20081": {
            "year_quarter": 20081,
            "year": 2008,
            "quarter": 1,
            "eps": null,
            "eps_growth_year": null,
            "eps_4q": null,
            "eps_4q_growth_year": null,
            "roe": null,
            "roe_4q": 0,
            "gross_profit": null,
            "gross_margin": null,
            "gross_margin_4q_avg": 0,
            "net_income": null,
            "revenue": null,
            "common_shares": null,
            "book_valuer_per_share": null,
            "book_valuer_per_share_4q_avg": 0,
            "equity": null,
            "current_ratio": null,
            "debt_ratio": null,
            "inventory_turnover_ratio": null,
            "account_receivable_turnover_ratio": null,
            "reinvestment_rate": null,
            "research_to_sale_ratio": null,
            "price_fair": 0,
            "eps_avg_yearly": 0,
            "eps_latest_yearly": 0,
            "eps_growth_yearly": 0
        },
        "20082": {
            "year_quarter": 20082,
            "year": 2008,
            "quarter": 2,
            "eps": null,
            "eps_growth_year": null,
            "eps_4q": null,
            "eps_4q_growth_year": null,
            "roe": null,
            "roe_4q": 0,
            "gross_profit": null,
            "gross_margin": null,
            "gross_margin_4q_avg": 0,
            "net_income": null,
            "revenue": null,
            "common_shares": null,
            "book_valuer_per_share": null,
            "book_valuer_per_share_4q_avg": 0,
            "equity": null,
            "current_ratio": null,
            "debt_ratio": null,
            "inventory_turnover_ratio": null,
            "account_receivable_turnover_ratio": null,
            "reinvestment_rate": null,
            "research_to_sale_ratio": null,
            "price_fair": 0,
            "eps_avg_yearly": 0,
            "eps_latest_yearly": 0,
            "eps_growth_yearly": 0
        },
        "20083": {
            "year_quarter": 20083,
            "year": 2008,
            "quarter": 3,
            "eps": null,
            "eps_growth_year": null,
            "eps_4q": null,
            "eps_4q_growth_year": null,
            "roe": null,
            "roe_4q": 0,
            "gross_profit": null,
            "gross_margin": null,
            "gross_margin_4q_avg": 0,
            "net_income": null,
            "revenue": null,
            "common_shares": null,
            "book_valuer_per_share": null,
            "book_valuer_per_share_4q_avg": 0,
            "equity": null,
            "current_ratio": null,
            "debt_ratio": null,
            "inventory_turnover_ratio": null,
            "account_receivable_turnover_ratio": null,
            "reinvestment_rate": null,
            "research_to_sale_ratio": null,
            "price_fair": 0,
            "eps_avg_yearly": 0,
            "eps_latest_yearly": 0,
            "eps_growth_yearly": 0
        },
        "20084": {
            "year_quarter": 20084,
            "year": 2008,
            "quarter": 4,
            "eps": null,
            "eps_growth_year": null,
            "eps_4q": null,
            "eps_4q_growth_year": null,
            "roe": null,
            "roe_4q": 0,
            "gross_profit": null,
            "gross_margin": null,
            "gross_margin_4q_avg": 0,
            "net_income": null,
            "revenue": null,
            "common_shares": null,
            "book_valuer_per_share": null,
            "book_valuer_per_share_4q_avg": 0,
            "equity": null,
            "current_ratio": null,
            "debt_ratio": null,
            "inventory_turnover_ratio": null,
            "account_receivable_turnover_ratio": null,
            "reinvestment_rate": null,
            "research_to_sale_ratio": null,
            "price_fair": 0,
            "eps_avg_yearly": 0,
            "eps_latest_yearly": 0,
            "eps_growth_yearly": 0
        },
        "20091": {
            "year_quarter": 20091,
            "year": 2009,
            "quarter": 1,
            "eps": null,
            "eps_growth_year": null,
            "eps_4q": null,
            "eps_4q_growth_year": null,
            "roe": null,
            "roe_4q": 0,
            "gross_profit": null,
            "gross_margin": null,
            "gross_margin_4q_avg": 0,
            "net_income": null,
            "revenue": null,
            "common_shares": null,
            "book_valuer_per_share": null,
            "book_valuer_per_share_4q_avg": 0,
            "equity": null,
            "current_ratio": null,
            "debt_ratio": null,
            "inventory_turnover_ratio": null,
            "account_receivable_turnover_ratio": null,
            "reinvestment_rate": null,
            "research_to_sale_ratio": null,
            "price_fair": 0,
            "eps_avg_yearly": 0,
            "eps_latest_yearly": 0,
            "eps_growth_yearly": 0
        },
        "20092": {
            "year_quarter": 20092,
            "year": 2009,
            "quarter": 2,
            "eps": null,
            "eps_growth_year": null,
            "eps_4q": null,
            "eps_4q_growth_year": null,
            "roe": null,
            "roe_4q": 0,
            "gross_profit": null,
            "gross_margin": null,
            "gross_margin_4q_avg": 0,
            "net_income": null,
            "revenue": null,
            "common_shares": null,
            "book_valuer_per_share": null,
            "book_valuer_per_share_4q_avg": 0,
            "equity": null,
            "current_ratio": null,
            "debt_ratio": null,
            "inventory_turnover_ratio": null,
            "account_receivable_turnover_ratio": null,
            "reinvestment_rate": null,
            "research_to_sale_ratio": null,
            "price_fair": 0,
            "eps_avg_yearly": 0,
            "eps_latest_yearly": 0,
            "eps_growth_yearly": 0
        },
        "20093": {
            "year_quarter": 20093,
            "year": 2009,
            "quarter": 3,
            "eps": null,
            "eps_growth_year": null,
            "eps_4q": null,
            "eps_4q_growth_year": null,
            "roe": null,
            "roe_4q": 0,
            "gross_profit": null,
            "gross_margin": null,
            "gross_margin_4q_avg": 0,
            "net_income": null,
            "revenue": null,
            "common_shares": null,
            "book_valuer_per_share": null,
            "book_valuer_per_share_4q_avg": 0,
            "equity": null,
            "current_ratio": null,
            "debt_ratio": null,
            "inventory_turnover_ratio": null,
            "account_receivable_turnover_ratio": null,
            "reinvestment_rate": null,
            "research_to_sale_ratio": null,
            "price_fair": 0,
            "eps_avg_yearly": 0,
            "eps_latest_yearly": 0,
            "eps_growth_yearly": 0
        },
        "20094": {
            "year_quarter": 20094,
            "year": 2009,
            "quarter": 4,
            "eps": null,
            "eps_growth_year": null,
            "eps_4q": null,
            "eps_4q_growth_year": null,
            "roe": null,
            "roe_4q": 0,
            "gross_profit": null,
            "gross_margin": null,
            "gross_margin_4q_avg": 0,
            "net_income": null,
            "revenue": null,
            "common_shares": null,
            "book_valuer_per_share": null,
            "book_valuer_per_share_4q_avg": 0,
            "equity": null,
            "current_ratio": null,
            "debt_ratio": null,
            "inventory_turnover_ratio": null,
            "account_receivable_turnover_ratio": null,
            "reinvestment_rate": null,
            "research_to_sale_ratio": null,
            "price_fair": 0,
            "eps_avg_yearly": 0,
            "eps_latest_yearly": 0,
            "eps_growth_yearly": 0
        },
        "20101": {
            "year_quarter": 20101,
            "year": 2010,
            "quarter": 1,
            "eps": null,
            "eps_growth_year": null,
            "eps_4q": null,
            "eps_4q_growth_year": null,
            "roe": null,
            "roe_4q": 0,
            "gross_profit": null,
            "gross_margin": null,
            "gross_margin_4q_avg": 0,
            "net_income": null,
            "revenue": null,
            "common_shares": null,
            "book_valuer_per_share": null,
            "book_valuer_per_share_4q_avg": 0,
            "equity": null,
            "current_ratio": null,
            "debt_ratio": null,
            "inventory_turnover_ratio": null,
            "account_receivable_turnover_ratio": null,
            "reinvestment_rate": null,
            "research_to_sale_ratio": null,
            "price_fair": 0,
            "eps_avg_yearly": 0,
            "eps_latest_yearly": 0,
            "eps_growth_yearly": 0
        },
        "20102": {
            "year_quarter": 20102,
            "year": 2010,
            "quarter": 2,
            "eps": null,
            "eps_growth_year": null,
            "eps_4q": null,
            "eps_4q_growth_year": null,
            "roe": null,
            "roe_4q": 0,
            "gross_profit": null,
            "gross_margin": null,
            "gross_margin_4q_avg": 0,
            "net_income": null,
            "revenue": null,
            "common_shares": null,
            "book_valuer_per_share": null,
            "book_valuer_per_share_4q_avg": 0,
            "equity": null,
            "current_ratio": null,
            "debt_ratio": null,
            "inventory_turnover_ratio": null,
            "account_receivable_turnover_ratio": null,
            "reinvestment_rate": null,
            "research_to_sale_ratio": null,
            "price_fair": 0,
            "eps_avg_yearly": 0,
            "eps_latest_yearly": 0,
            "eps_growth_yearly": 0
        },
        "20103": {
            "year_quarter": 20103,
            "year": 2010,
            "quarter": 3,
            "eps": null,
            "eps_growth_year": null,
            "eps_4q": null,
            "eps_4q_growth_year": null,
            "roe": null,
            "roe_4q": 0,
            "gross_profit": null,
            "gross_margin": null,
            "gross_margin_4q_avg": 0,
            "net_income": null,
            "revenue": null,
            "common_shares": null,
            "book_valuer_per_share": null,
            "book_valuer_per_share_4q_avg": 0,
            "equity": null,
            "current_ratio": null,
            "debt_ratio": null,
            "inventory_turnover_ratio": null,
            "account_receivable_turnover_ratio": null,
            "reinvestment_rate": null,
            "research_to_sale_ratio": null,
            "price_fair": 0,
            "eps_avg_yearly": 0,
            "eps_latest_yearly": 0,
            "eps_growth_yearly": 0
        },
        "20104": {
            "year_quarter": 20104,
            "year": 2010,
            "quarter": 4,
            "eps": null,
            "eps_growth_year": null,
            "eps_4q": null,
            "eps_4q_growth_year": null,
            "roe": null,
            "roe_4q": 0,
            "gross_profit": null,
            "gross_margin": null,
            "gross_margin_4q_avg": 0,
            "net_income": null,
            "revenue": null,
            "common_shares": null,
            "book_valuer_per_share": null,
            "book_valuer_per_share_4q_avg": 0,
            "equity": null,
            "current_ratio": null,
            "debt_ratio": null,
            "inventory_turnover_ratio": null,
            "account_receivable_turnover_ratio": null,
            "reinvestment_rate": null,
            "research_to_sale_ratio": null,
            "price_fair": 0,
            "eps_avg_yearly": 0,
            "eps_latest_yearly": 0,
            "eps_growth_yearly": 0
        },
        "20111": {
            "year_quarter": 20111,
            "year": 2011,
            "quarter": 1,
            "eps": null,
            "eps_growth_year": null,
            "eps_4q": null,
            "eps_4q_growth_year": null,
            "roe": null,
            "roe_4q": 0,
            "gross_profit": null,
            "gross_margin": null,
            "gross_margin_4q_avg": 0,
            "net_income": null,
            "revenue": null,
            "common_shares": null,
            "book_valuer_per_share": null,
            "book_valuer_per_share_4q_avg": 0,
            "equity": null,
            "current_ratio": null,
            "debt_ratio": null,
            "inventory_turnover_ratio": null,
            "account_receivable_turnover_ratio": null,
            "reinvestment_rate": null,
            "research_to_sale_ratio": null,
            "price_fair": 0,
            "eps_avg_yearly": 0,
            "eps_latest_yearly": 0,
            "eps_growth_yearly": 0
        },
        "20112": {
            "year_quarter": 20112,
            "year": 2011,
            "quarter": 2,
            "eps": null,
            "eps_growth_year": null,
            "eps_4q": null,
            "eps_4q_growth_year": null,
            "roe": null,
            "roe_4q": 0,
            "gross_profit": null,
            "gross_margin": null,
            "gross_margin_4q_avg": 0,
            "net_income": null,
            "revenue": null,
            "common_shares": null,
            "book_valuer_per_share": null,
            "book_valuer_per_share_4q_avg": 0,
            "equity": null,
            "current_ratio": null,
            "debt_ratio": null,
            "inventory_turnover_ratio": null,
            "account_receivable_turnover_ratio": null,
            "reinvestment_rate": null,
            "research_to_sale_ratio": null,
            "price_fair": 0,
            "eps_avg_yearly": 0,
            "eps_latest_yearly": 0,
            "eps_growth_yearly": 0
        },
        "20113": {
            "year_quarter": 20113,
            "year": 2011,
            "quarter": 3,
            "eps": null,
            "eps_growth_year": null,
            "eps_4q": null,
            "eps_4q_growth_year": null,
            "roe": null,
            "roe_4q": 0,
            "gross_profit": null,
            "gross_margin": null,
            "gross_margin_4q_avg": 0,
            "net_income": null,
            "revenue": null,
            "common_shares": null,
            "book_valuer_per_share": null,
            "book_valuer_per_share_4q_avg": 0,
            "equity": null,
            "current_ratio": null,
            "debt_ratio": null,
            "inventory_turnover_ratio": null,
            "account_receivable_turnover_ratio": null,
            "reinvestment_rate": null,
            "research_to_sale_ratio": null,
            "price_fair": 0,
            "eps_avg_yearly": 0,
            "eps_latest_yearly": 0,
            "eps_growth_yearly": 0
        },
        "20114": {
            "year_quarter": 20114,
            "year": 2011,
            "quarter": 4,
            "eps": null,
            "eps_growth_year": null,
            "eps_4q": null,
            "eps_4q_growth_year": null,
            "roe": null,
            "roe_4q": 0,
            "gross_profit": null,
            "gross_margin": null,
            "gross_margin_4q_avg": 0,
            "net_income": null,
            "revenue": null,
            "common_shares": null,
            "book_valuer_per_share": null,
            "book_valuer_per_share_4q_avg": 0,
            "equity": null,
            "current_ratio": null,
            "debt_ratio": null,
            "inventory_turnover_ratio": null,
            "account_receivable_turnover_ratio": null,
            "reinvestment_rate": null,
            "research_to_sale_ratio": null,
            "price_fair": 0,
            "eps_avg_yearly": 0,
            "eps_latest_yearly": 0,
            "eps_growth_yearly": 0
        },
        "20121": {
            "year_quarter": 20121,
            "year": 2012,
            "quarter": 1,
            "eps": null,
            "eps_growth_year": null,
            "eps_4q": null,
            "eps_4q_growth_year": null,
            "roe": null,
            "roe_4q": 0,
            "gross_profit": null,
            "gross_margin": null,
            "gross_margin_4q_avg": 0,
            "net_income": null,
            "revenue": null,
            "common_shares": null,
            "book_valuer_per_share": null,
            "book_valuer_per_share_4q_avg": 0,
            "equity": null,
            "current_ratio": null,
            "debt_ratio": null,
            "inventory_turnover_ratio": null,
            "account_receivable_turnover_ratio": null,
            "reinvestment_rate": null,
            "research_to_sale_ratio": null,
            "price_fair": 0,
            "eps_avg_yearly": 0,
            "eps_latest_yearly": 0,
            "eps_growth_yearly": 0
        },
        "20122": {
            "year_quarter": 20122,
            "year": 2012,
            "quarter": 2,
            "eps": null,
            "eps_growth_year": null,
            "eps_4q": null,
            "eps_4q_growth_year": null,
            "roe": null,
            "roe_4q": 0,
            "gross_profit": null,
            "gross_margin": null,
            "gross_margin_4q_avg": 0,
            "net_income": null,
            "revenue": null,
            "common_shares": null,
            "book_valuer_per_share": null,
            "book_valuer_per_share_4q_avg": 0,
            "equity": null,
            "current_ratio": null,
            "debt_ratio": null,
            "inventory_turnover_ratio": null,
            "account_receivable_turnover_ratio": null,
            "reinvestment_rate": null,
            "research_to_sale_ratio": null,
            "price_fair": 0,
            "eps_avg_yearly": 0,
            "eps_latest_yearly": 0,
            "eps_growth_yearly": 0
        },
        "20123": {
            "year_quarter": 20123,
            "year": 2012,
            "quarter": 3,
            "eps": null,
            "eps_growth_year": null,
            "eps_4q": null,
            "eps_4q_growth_year": null,
            "roe": null,
            "roe_4q": 0,
            "gross_profit": null,
            "gross_margin": null,
            "gross_margin_4q_avg": 0,
            "net_income": null,
            "revenue": null,
            "common_shares": null,
            "book_valuer_per_share": null,
            "book_valuer_per_share_4q_avg": 0,
            "equity": null,
            "current_ratio": null,
            "debt_ratio": null,
            "inventory_turnover_ratio": null,
            "account_receivable_turnover_ratio": null,
            "reinvestment_rate": null,
            "research_to_sale_ratio": null,
            "price_fair": 0,
            "eps_avg_yearly": 0,
            "eps_latest_yearly": 0,
            "eps_growth_yearly": 0
        },
        "20124": {
            "year_quarter": 20124,
            "year": 2012,
            "quarter": 4,
            "eps": null,
            "eps_growth_year": null,
            "eps_4q": null,
            "eps_4q_growth_year": null,
            "roe": null,
            "roe_4q": 0,
            "gross_profit": null,
            "gross_margin": null,
            "gross_margin_4q_avg": 0,
            "net_income": null,
            "revenue": null,
            "common_shares": null,
            "book_valuer_per_share": null,
            "book_valuer_per_share_4q_avg": 0,
            "equity": null,
            "current_ratio": null,
            "debt_ratio": null,
            "inventory_turnover_ratio": null,
            "account_receivable_turnover_ratio": null,
            "reinvestment_rate": null,
            "research_to_sale_ratio": null,
            "price_fair": 0,
            "eps_avg_yearly": 0,
            "eps_latest_yearly": 0,
            "eps_growth_yearly": 0
        },
        "20131": {
            "year_quarter": 20131,
            "year": 2013,
            "quarter": 1,
            "eps": null,
            "eps_growth_year": null,
            "eps_4q": null,
            "eps_4q_growth_year": null,
            "roe": null,
            "roe_4q": 0,
            "gross_profit": null,
            "gross_margin": null,
            "gross_margin_4q_avg": 0,
            "net_income": null,
            "revenue": null,
            "common_shares": null,
            "book_valuer_per_share": null,
            "book_valuer_per_share_4q_avg": 0,
            "equity": null,
            "current_ratio": null,
            "debt_ratio": null,
            "inventory_turnover_ratio": null,
            "account_receivable_turnover_ratio": null,
            "reinvestment_rate": null,
            "research_to_sale_ratio": null,
            "price_fair": 0,
            "eps_avg_yearly": 0,
            "eps_latest_yearly": 0,
            "eps_growth_yearly": 0
        },
        "20132": {
            "year_quarter": 20132,
            "year": 2013,
            "quarter": 2,
            "eps": null,
            "eps_growth_year": null,
            "eps_4q": null,
            "eps_4q_growth_year": null,
            "roe": null,
            "roe_4q": 0,
            "gross_profit": null,
            "gross_margin": null,
            "gross_margin_4q_avg": 0,
            "net_income": null,
            "revenue": null,
            "common_shares": null,
            "book_valuer_per_share": null,
            "book_valuer_per_share_4q_avg": 0,
            "equity": null,
            "current_ratio": null,
            "debt_ratio": null,
            "inventory_turnover_ratio": null,
            "account_receivable_turnover_ratio": null,
            "reinvestment_rate": null,
            "research_to_sale_ratio": null,
            "price_fair": 0,
            "eps_avg_yearly": 0,
            "eps_latest_yearly": 0,
            "eps_growth_yearly": 0
        },
        "20133": {
            "year_quarter": 20133,
            "year": 2013,
            "quarter": 3,
            "eps": null,
            "eps_growth_year": null,
            "eps_4q": null,
            "eps_4q_growth_year": null,
            "roe": null,
            "roe_4q": 0,
            "gross_profit": null,
            "gross_margin": null,
            "gross_margin_4q_avg": 0,
            "net_income": null,
            "revenue": null,
            "common_shares": null,
            "book_valuer_per_share": null,
            "book_valuer_per_share_4q_avg": 0,
            "equity": null,
            "current_ratio": null,
            "debt_ratio": null,
            "inventory_turnover_ratio": null,
            "account_receivable_turnover_ratio": null,
            "reinvestment_rate": null,
            "research_to_sale_ratio": null,
            "price_fair": 0,
            "eps_avg_yearly": 0,
            "eps_latest_yearly": 0,
            "eps_growth_yearly": 0
        },
        "20134": {
            "year_quarter": 20134,
            "year": 2013,
            "quarter": 4,
            "eps": null,
            "eps_growth_year": null,
            "eps_4q": null,
            "eps_4q_growth_year": null,
            "roe": null,
            "roe_4q": 0,
            "gross_profit": null,
            "gross_margin": null,
            "gross_margin_4q_avg": 0,
            "net_income": null,
            "revenue": null,
            "common_shares": null,
            "book_valuer_per_share": null,
            "book_valuer_per_share_4q_avg": 0,
            "equity": null,
            "current_ratio": null,
            "debt_ratio": null,
            "inventory_turnover_ratio": null,
            "account_receivable_turnover_ratio": null,
            "reinvestment_rate": null,
            "research_to_sale_ratio": null,
            "price_fair": 0,
            "eps_avg_yearly": 0,
            "eps_latest_yearly": 0,
            "eps_growth_yearly": 0
        },
        "20141": {
            "year_quarter": 20141,
            "year": 2014,
            "quarter": 1,
            "eps": null,
            "eps_growth_year": null,
            "eps_4q": null,
            "eps_4q_growth_year": null,
            "roe": null,
            "roe_4q": 0,
            "gross_profit": null,
            "gross_margin": null,
            "gross_margin_4q_avg": 0,
            "net_income": null,
            "revenue": null,
            "common_shares": null,
            "book_valuer_per_share": null,
            "book_valuer_per_share_4q_avg": 0,
            "equity": null,
            "current_ratio": null,
            "debt_ratio": null,
            "inventory_turnover_ratio": null,
            "account_receivable_turnover_ratio": null,
            "reinvestment_rate": null,
            "research_to_sale_ratio": null,
            "price_fair": 0,
            "eps_avg_yearly": 0,
            "eps_latest_yearly": 0,
            "eps_growth_yearly": 0
        },
        "20142": {
            "year_quarter": 20142,
            "year": 2014,
            "quarter": 2,
            "eps": null,
            "eps_growth_year": null,
            "eps_4q": null,
            "eps_4q_growth_year": null,
            "roe": null,
            "roe_4q": 0,
            "gross_profit": null,
            "gross_margin": null,
            "gross_margin_4q_avg": 0,
            "net_income": null,
            "revenue": null,
            "common_shares": null,
            "book_valuer_per_share": null,
            "book_valuer_per_share_4q_avg": 0,
            "equity": null,
            "current_ratio": null,
            "debt_ratio": null,
            "inventory_turnover_ratio": null,
            "account_receivable_turnover_ratio": null,
            "reinvestment_rate": null,
            "research_to_sale_ratio": null,
            "price_fair": 0,
            "eps_avg_yearly": 0,
            "eps_latest_yearly": 0,
            "eps_growth_yearly": 0
        },
        "20143": {
            "year_quarter": 20143,
            "year": 2014,
            "quarter": 3,
            "eps": null,
            "eps_growth_year": null,
            "eps_4q": null,
            "eps_4q_growth_year": null,
            "roe": null,
            "roe_4q": 0,
            "gross_profit": null,
            "gross_margin": null,
            "gross_margin_4q_avg": 0,
            "net_income": null,
            "revenue": null,
            "common_shares": null,
            "book_valuer_per_share": null,
            "book_valuer_per_share_4q_avg": 0,
            "equity": null,
            "current_ratio": null,
            "debt_ratio": null,
            "inventory_turnover_ratio": null,
            "account_receivable_turnover_ratio": null,
            "reinvestment_rate": null,
            "research_to_sale_ratio": null,
            "price_fair": 0,
            "eps_avg_yearly": 0,
            "eps_latest_yearly": 0,
            "eps_growth_yearly": 0
        },
        "20144": {
            "year_quarter": 20144,
            "year": 2014,
            "quarter": 4,
            "eps": null,
            "eps_growth_year": null,
            "eps_4q": null,
            "eps_4q_growth_year": null,
            "roe": null,
            "roe_4q": 0,
            "gross_profit": null,
            "gross_margin": null,
            "gross_margin_4q_avg": 0,
            "net_income": null,
            "revenue": null,
            "common_shares": null,
            "book_valuer_per_share": null,
            "book_valuer_per_share_4q_avg": 0,
            "equity": null,
            "current_ratio": null,
            "debt_ratio": null,
            "inventory_turnover_ratio": null,
            "account_receivable_turnover_ratio": null,
            "reinvestment_rate": null,
            "research_to_sale_ratio": null,
            "price_fair": 0,
            "eps_avg_yearly": 0,
            "eps_latest_yearly": 0,
            "eps_growth_yearly": 0
        },
        "20151": {
            "year_quarter": 20151,
            "year": 2015,
            "quarter": 1,
            "eps": null,
            "eps_growth_year": null,
            "eps_4q": null,
            "eps_4q_growth_year": null,
            "roe": null,
            "roe_4q": 0,
            "gross_profit": null,
            "gross_margin": null,
            "gross_margin_4q_avg": 0,
            "net_income": null,
            "revenue": null,
            "common_shares": null,
            "book_valuer_per_share": null,
            "book_valuer_per_share_4q_avg": 0,
            "equity": null,
            "current_ratio": null,
            "debt_ratio": null,
            "inventory_turnover_ratio": null,
            "account_receivable_turnover_ratio": null,
            "reinvestment_rate": null,
            "research_to_sale_ratio": null,
            "price_fair": 0,
            "eps_avg_yearly": 0,
            "eps_latest_yearly": 0,
            "eps_growth_yearly": 0
        },
        "20152": {
            "year_quarter": 20152,
            "year": 2015,
            "quarter": 2,
            "eps": null,
            "eps_growth_year": null,
            "eps_4q": null,
            "eps_4q_growth_year": null,
            "roe": null,
            "roe_4q": 0,
            "gross_profit": null,
            "gross_margin": null,
            "gross_margin_4q_avg": 0,
            "net_income": null,
            "revenue": null,
            "common_shares": null,
            "book_valuer_per_share": null,
            "book_valuer_per_share_4q_avg": 0,
            "equity": null,
            "current_ratio": null,
            "debt_ratio": null,
            "inventory_turnover_ratio": null,
            "account_receivable_turnover_ratio": null,
            "reinvestment_rate": null,
            "research_to_sale_ratio": null,
            "price_fair": 0,
            "eps_avg_yearly": 0,
            "eps_latest_yearly": 0,
            "eps_growth_yearly": 0
        },
        "20153": {
            "year_quarter": 20153,
            "year": 2015,
            "quarter": 3,
            "eps": null,
            "eps_growth_year": null,
            "eps_4q": null,
            "eps_4q_growth_year": null,
            "roe": null,
            "roe_4q": 0,
            "gross_profit": 0,
            "gross_margin": null,
            "gross_margin_4q_avg": 0,
            "net_income": 0,
            "revenue": 0,
            "common_shares": 0,
            "book_valuer_per_share": null,
            "book_valuer_per_share_4q_avg": 0,
            "equity": 0,
            "current_ratio": null,
            "debt_ratio": null,
            "inventory_turnover_ratio": null,
            "account_receivable_turnover_ratio": null,
            "reinvestment_rate": null,
            "research_to_sale_ratio": null,
            "price_fair": 0,
            "eps_avg_yearly": 0,
            "eps_latest_yearly": 0,
            "eps_growth_yearly": 0
        },
        "20154": {
            "year_quarter": 20154,
            "year": 2015,
            "quarter": 4,
            "eps": null,
            "eps_growth_year": null,
            "eps_4q": null,
            "eps_4q_growth_year": null,
            "roe": null,
            "roe_4q": 0,
            "gross_profit": 0,
            "gross_margin": null,
            "gross_margin_4q_avg": 0,
            "net_income": 0,
            "revenue": 0,
            "common_shares": 0,
            "book_valuer_per_share": null,
            "book_valuer_per_share_4q_avg": 0,
            "equity": 0,
            "current_ratio": null,
            "debt_ratio": null,
            "inventory_turnover_ratio": null,
            "account_receivable_turnover_ratio": null,
            "reinvestment_rate": null,
            "research_to_sale_ratio": null,
            "price_fair": 0,
            "eps_avg_yearly": 0,
            "eps_latest_yearly": 0,
            "eps_growth_yearly": 0
        },
        "20161": {
            "year_quarter": 20161,
            "year": 2016,
            "quarter": 1,
            "eps": null,
            "eps_growth_year": null,
            "eps_4q": null,
            "eps_4q_growth_year": null,
            "roe": null,
            "roe_4q": 0,
            "gross_profit": null,
            "gross_margin": null,
            "gross_margin_4q_avg": 0,
            "net_income": null,
            "revenue": null,
            "common_shares": null,
            "book_valuer_per_share": null,
            "book_valuer_per_share_4q_avg": 0,
            "equity": null,
            "current_ratio": null,
            "debt_ratio": null,
            "inventory_turnover_ratio": null,
            "account_receivable_turnover_ratio": null,
            "reinvestment_rate": null,
            "research_to_sale_ratio": null,
            "price_fair": 0,
            "eps_avg_yearly": 0,
            "eps_latest_yearly": 0,
            "eps_growth_yearly": 0
        },
        "20162": {
            "year_quarter": 20162,
            "year": 2016,
            "quarter": 2,
            "eps": null,
            "eps_growth_year": null,
            "eps_4q": null,
            "eps_4q_growth_year": null,
            "roe": null,
            "roe_4q": 0,
            "gross_profit": null,
            "gross_margin": null,
            "gross_margin_4q_avg": 0,
            "net_income": null,
            "revenue": null,
            "common_shares": null,
            "book_valuer_per_share": null,
            "book_valuer_per_share_4q_avg": 0,
            "equity": null,
            "current_ratio": null,
            "debt_ratio": null,
            "inventory_turnover_ratio": null,
            "account_receivable_turnover_ratio": null,
            "reinvestment_rate": null,
            "research_to_sale_ratio": null,
            "price_fair": 0,
            "eps_avg_yearly": 0,
            "eps_latest_yearly": 0,
            "eps_growth_yearly": 0
        },
        "20163": {
            "year_quarter": 20163,
            "year": 2016,
            "quarter": 3,
            "eps": 0.03,
            "eps_growth_year": null,
            "eps_4q": null,
            "eps_4q_growth_year": null,
            "roe": 0.08,
            "roe_4q": 0.08,
            "gross_profit": 87808,
            "gross_margin": 24.69,
            "gross_margin_4q_avg": 6.17,
            "net_income": 3534,
            "revenue": 355612,
            "common_shares": 908471,
            "book_valuer_per_share": 44.33,
            "book_valuer_per_share_4q_avg": 11.08,
            "equity": 4573081,
            "current_ratio": 146.34,
            "debt_ratio": 53.94,
            "inventory_turnover_ratio": 0.8,
            "account_receivable_turnover_ratio": 0.11,
            "reinvestment_rate": null,
            "research_to_sale_ratio": 3.72,
            "price_fair": 0,
            "eps_avg_yearly": 0,
            "eps_latest_yearly": 0,
            "eps_growth_yearly": 0
        },
        "20164": {
            "year_quarter": 20164,
            "year": 2016,
            "quarter": 4,
            "eps": 0.55,
            "eps_growth_year": null,
            "eps_4q": null,
            "eps_4q_growth_year": null,
            "roe": 1.36,
            "roe_4q": 1.4400000000000002,
            "gross_profit": 322292,
            "gross_margin": 24.25,
            "gross_margin_4q_avg": 12.24,
            "net_income": 61863,
            "revenue": 1329196,
            "common_shares": 908471,
            "book_valuer_per_share": 44.18,
            "book_valuer_per_share_4q_avg": 22.13,
            "equity": 4507453,
            "current_ratio": 119.36,
            "debt_ratio": 60.43,
            "inventory_turnover_ratio": 2.94,
            "account_receivable_turnover_ratio": 0.39,
            "reinvestment_rate": null,
            "research_to_sale_ratio": 3.15,
            "price_fair": 77,
            "eps_avg_yearly": 2.2,
            "eps_latest_yearly": 2.2,
            "eps_growth_yearly": 6933.33
        },
        "20171": {
            "year_quarter": 20171,
            "year": 2017,
            "quarter": 1,
            "eps": 0.01,
            "eps_growth_year": null,
            "eps_4q": null,
            "eps_4q_growth_year": null,
            "roe": 0.12,
            "roe_4q": 1.56,
            "gross_profit": 173892,
            "gross_margin": 18.56,
            "gross_margin_4q_avg": 16.88,
            "net_income": 5115,
            "revenue": 936852,
            "common_shares": 908471,
            "book_valuer_per_share": 41.75,
            "book_valuer_per_share_4q_avg": 32.57,
            "equity": 4226221,
            "current_ratio": 138.72,
            "debt_ratio": 56.64,
            "inventory_turnover_ratio": 2.14,
            "account_receivable_turnover_ratio": 0.32,
            "reinvestment_rate": null,
            "research_to_sale_ratio": 4.75,
            "price_fair": 39.2,
            "eps_avg_yearly": 1.12,
            "eps_latest_yearly": 0.04,
            "eps_growth_yearly": 3270.3
        },
        "20172": {
            "year_quarter": 20172,
            "year": 2017,
            "quarter": 2,
            "eps": 1.28,
            "eps_growth_year": null,
            "eps_4q": 1.87,
            "eps_4q_growth_year": null,
            "roe": 2.63,
            "roe_4q": 4.19,
            "gross_profit": 346727,
            "gross_margin": 28.95,
            "gross_margin_4q_avg": 24.11,
            "net_income": 111513,
            "revenue": 1197728,
            "common_shares": 908471,
            "book_valuer_per_share": 42.68,
            "book_valuer_per_share_4q_avg": 43.24,
            "equity": 4269002,
            "current_ratio": 180.11,
            "debt_ratio": 44.23,
            "inventory_turnover_ratio": 2.55,
            "account_receivable_turnover_ratio": 0.49,
            "reinvestment_rate": null,
            "research_to_sale_ratio": 4.82,
            "price_fair": 85.87,
            "eps_avg_yearly": 2.45,
            "eps_latest_yearly": 5.12,
            "eps_growth_yearly": 19113.54
        },
        "20173": {
            "year_quarter": 20173,
            "year": 2017,
            "quarter": 3,
            "eps": 0.44,
            "eps_growth_year": 1366.67,
            "eps_4q": 2.3,
            "eps_4q_growth_year": null,
            "roe": 1.1,
            "roe_4q": 5.21,
            "gross_profit": 281548,
            "gross_margin": 21.2,
            "gross_margin_4q_avg": 23.24,
            "net_income": 47034,
            "revenue": 1328149,
            "common_shares": 908471,
            "book_valuer_per_share": 43.38,
            "book_valuer_per_share_4q_avg": 43,
            "equity": 4317141,
            "current_ratio": 271.56,
            "debt_ratio": 37.03,
            "inventory_turnover_ratio": 3.2,
            "account_receivable_turnover_ratio": 0.57,
            "reinvestment_rate": null,
            "research_to_sale_ratio": 2.85,
            "price_fair": 79.8,
            "eps_avg_yearly": 2.28,
            "eps_latest_yearly": 1.76,
            "eps_growth_yearly": 14269.53
        },
        "20174": {
            "year_quarter": 20174,
            "year": 2017,
            "quarter": 4,
            "eps": 0.72,
            "eps_growth_year": 32.02,
            "eps_4q": 2.46,
            "eps_4q_growth_year": null,
            "roe": 1.66,
            "roe_4q": 5.51,
            "gross_profit": 237456,
            "gross_margin": 16.47,
            "gross_margin_4q_avg": 21.3,
            "net_income": 72498,
            "revenue": 1441781,
            "common_shares": 908471,
            "book_valuer_per_share": 44.32,
            "book_valuer_per_share_4q_avg": 43.03,
            "equity": 4433873,
            "current_ratio": 237.11,
            "debt_ratio": 41.1,
            "inventory_turnover_ratio": 2.78,
            "account_receivable_turnover_ratio": 0.62,
            "reinvestment_rate": null,
            "research_to_sale_ratio": 2.46,
            "price_fair": 84,
            "eps_avg_yearly": 2.4,
            "eps_latest_yearly": 2.88,
            "eps_growth_yearly": 11466.53
        },
        "20181": {
            "year_quarter": 20181,
            "year": 2018,
            "quarter": 1,
            "eps": -0.47,
            "eps_growth_year": -4800,
            "eps_4q": 1.98,
            "eps_4q_growth_year": null,
            "roe": -1.07,
            "roe_4q": 4.32,
            "gross_profit": 144818,
            "gross_margin": 12.61,
            "gross_margin_4q_avg": 19.81,
            "net_income": -47368,
            "revenue": 1148805,
            "common_shares": 908471,
            "book_valuer_per_share": 44.42,
            "book_valuer_per_share_4q_avg": 43.7,
            "equity": 4420965,
            "current_ratio": 246.77,
            "debt_ratio": 40.92,
            "inventory_turnover_ratio": 1.74,
            "account_receivable_turnover_ratio": 0.49,
            "reinvestment_rate": null,
            "research_to_sale_ratio": 2.61,
            "price_fair": 84,
            "eps_avg_yearly": 2.4,
            "eps_latest_yearly": 2.88,
            "eps_growth_yearly": 11466.53
        },
        "20182": {
            "year_quarter": 20182,
            "year": 2018,
            "quarter": 2,
            "eps": 0.6,
            "eps_growth_year": -53.12,
            "eps_4q": 1.28,
            "eps_4q_growth_year": -31.47,
            "roe": 1.37,
            "roe_4q": 3.06,
            "gross_profit": 288712,
            "gross_margin": 16.72,
            "gross_margin_4q_avg": 16.75,
            "net_income": 59875,
            "revenue": 1726983,
            "common_shares": 908471,
            "book_valuer_per_share": 43.17,
            "book_valuer_per_share_4q_avg": 43.82,
            "equity": 4329148,
            "current_ratio": 223.69,
            "debt_ratio": 43.11,
            "inventory_turnover_ratio": 2.26,
            "account_receivable_turnover_ratio": 0.68,
            "reinvestment_rate": null,
            "research_to_sale_ratio": 1.84,
            "price_fair": 84,
            "eps_avg_yearly": 2.4,
            "eps_latest_yearly": 2.88,
            "eps_growth_yearly": 11466.53
        },
        "20183": {
            "year_quarter": 20183,
            "year": 2018,
            "quarter": 3,
            "eps": 7.59,
            "eps_growth_year": 1625,
            "eps_4q": 8.34,
            "eps_4q_growth_year": 263.01,
            "roe": 14.97,
            "roe_4q": 16.93,
            "gross_profit": 267712,
            "gross_margin": 17.62,
            "gross_margin_4q_avg": 15.86,
            "net_income": 695481,
            "revenue": 1519256,
            "common_shares": 935046,
            "book_valuer_per_share": 48.91,
            "book_valuer_per_share_4q_avg": 45.21,
            "equity": 4959956,
            "current_ratio": 219.2,
            "debt_ratio": 40.54,
            "inventory_turnover_ratio": 2.05,
            "account_receivable_turnover_ratio": 0.53,
            "reinvestment_rate": null,
            "research_to_sale_ratio": 2.7,
            "price_fair": 247.1,
            "eps_avg_yearly": 7.06,
            "eps_latest_yearly": 30.36,
            "eps_growth_yearly": 10332.11
        },
        "20184": {
            "year_quarter": 20184,
            "year": 2018,
            "quarter": 4,
            "eps": 3.37,
            "eps_growth_year": 366.14,
            "eps_4q": 11.01,
            "eps_4q_growth_year": 348.3,
            "roe": 6.05,
            "roe_4q": 21.32,
            "gross_profit": 485680,
            "gross_margin": 26.98,
            "gross_margin_4q_avg": 18.48,
            "net_income": 309726,
            "revenue": 1800150,
            "common_shares": 935046,
            "book_valuer_per_share": 52.4,
            "book_valuer_per_share_4q_avg": 47.23,
            "equity": 5284938,
            "current_ratio": 230.72,
            "debt_ratio": 39.24,
            "inventory_turnover_ratio": 2.51,
            "account_receivable_turnover_ratio": 0.57,
            "reinvestment_rate": null,
            "research_to_sale_ratio": 0.92,
            "price_fair": 279.2,
            "eps_avg_yearly": 7.98,
            "eps_latest_yearly": 13.48,
            "eps_growth_yearly": 8824.32
        },
        "20191": {
            "year_quarter": 20191,
            "year": 2019,
            "quarter": 1,
            "eps": 0.72,
            "eps_growth_year": null,
            "eps_4q": 12.19,
            "eps_4q_growth_year": 514.82,
            "roe": 1.46,
            "roe_4q": 23.85,
            "gross_profit": 333197,
            "gross_margin": 21.88,
            "gross_margin_4q_avg": 20.8,
            "net_income": 78241,
            "revenue": 1523110,
            "common_shares": 935046,
            "book_valuer_per_share": 53.75,
            "book_valuer_per_share_4q_avg": 49.56,
            "equity": 5431035,
            "current_ratio": 249.8,
            "debt_ratio": 36.16,
            "inventory_turnover_ratio": 2.46,
            "account_receivable_turnover_ratio": 0.47,
            "reinvestment_rate": null,
            "research_to_sale_ratio": 1.72,
            "price_fair": 256.9,
            "eps_avg_yearly": 7.34,
            "eps_latest_yearly": 2.88,
            "eps_growth_yearly": 7681.96
        },
        "20192": {
            "year_quarter": 20192,
            "year": 2019,
            "quarter": 2,
            "eps": 3.81,
            "eps_growth_year": 535,
            "eps_4q": 15.42,
            "eps_4q_growth_year": 1099.86,
            "roe": 6.64,
            "roe_4q": 29.119999999999997,
            "gross_profit": 352444,
            "gross_margin": 22.54,
            "gross_margin_4q_avg": 22.26,
            "net_income": 357232,
            "revenue": 1563619,
            "common_shares": 935046,
            "book_valuer_per_share": 52.74,
            "book_valuer_per_share_4q_avg": 51.95,
            "equity": 5331112,
            "current_ratio": 249.75,
            "debt_ratio": 42.63,
            "inventory_turnover_ratio": 2.29,
            "account_receivable_turnover_ratio": 0.5,
            "reinvestment_rate": null,
            "research_to_sale_ratio": 2.51,
            "price_fair": 287.62,
            "eps_avg_yearly": 8.22,
            "eps_latest_yearly": 15.24,
            "eps_growth_yearly": 7019.15
        },
        "20193": {
            "year_quarter": 20193,
            "year": 2019,
            "quarter": 3,
            "eps": 0.5,
            "eps_growth_year": -93.41,
            "eps_4q": 8.4,
            "eps_4q_growth_year": 0.62,
            "roe": 1.01,
            "roe_4q": 15.16,
            "gross_profit": 283062,
            "gross_margin": 18.42,
            "gross_margin_4q_avg": 22.46,
            "net_income": 53465,
            "revenue": 1536735,
            "common_shares": 935046,
            "book_valuer_per_share": 52.23,
            "book_valuer_per_share_4q_avg": 52.78,
            "equity": 5278989,
            "current_ratio": 223.83,
            "debt_ratio": 45.35,
            "inventory_turnover_ratio": 2.52,
            "account_receivable_turnover_ratio": 0.51,
            "reinvestment_rate": null,
            "research_to_sale_ratio": 2.37,
            "price_fair": 265.86,
            "eps_avg_yearly": 7.6,
            "eps_latest_yearly": 2,
            "eps_growth_yearly": 6282.49
        },
        "20194": {
            "year_quarter": 20194,
            "year": 2019,
            "quarter": 4,
            "eps": 3.94,
            "eps_growth_year": 16.89,
            "eps_4q": 8.97,
            "eps_4q_growth_year": -18.6,
            "roe": 6.72,
            "roe_4q": 15.829999999999998,
            "gross_profit": 262251,
            "gross_margin": 15.94,
            "gross_margin_4q_avg": 19.7,
            "net_income": 364839,
            "revenue": 1644933,
            "common_shares": 935046,
            "book_valuer_per_share": 55.48,
            "book_valuer_per_share_4q_avg": 53.55,
            "equity": 5572269,
            "current_ratio": 240.85,
            "debt_ratio": 42.46,
            "inventory_turnover_ratio": 2.61,
            "account_receivable_turnover_ratio": 0.51,
            "reinvestment_rate": null,
            "research_to_sale_ratio": 2.26,
            "price_fair": 291.84,
            "eps_avg_yearly": 8.34,
            "eps_latest_yearly": 15.76,
            "eps_growth_yearly": 5961.53
        },
        "20201": {
            "year_quarter": 20201,
            "year": 2020,
            "quarter": 1,
            "eps": 0.49,
            "eps_growth_year": -31.94,
            "eps_4q": 8.73,
            "eps_4q_growth_year": -28.38,
            "roe": 0.88,
            "roe_4q": 15.25,
            "gross_profit": 195483,
            "gross_margin": 17.65,
            "gross_margin_4q_avg": 18.64,
            "net_income": 49108,
            "revenue": 1107658,
            "common_shares": 935046,
            "book_valuer_per_share": 55.64,
            "book_valuer_per_share_4q_avg": 54.02,
            "equity": 5586367,
            "current_ratio": 247.47,
            "debt_ratio": 40.22,
            "inventory_turnover_ratio": 1.27,
            "account_receivable_turnover_ratio": 0.33,
            "reinvestment_rate": null,
            "research_to_sale_ratio": 3.1,
            "price_fair": 273.23,
            "eps_avg_yearly": 7.81,
            "eps_latest_yearly": 1.96,
            "eps_growth_yearly": 5435.55
        },
        "20202": {
            "year_quarter": 20202,
            "year": 2020,
            "quarter": 2,
            "eps": 2.73,
            "eps_growth_year": -28.35,
            "eps_4q": 7.65,
            "eps_4q_growth_year": -50.39,
            "roe": 5.01,
            "roe_4q": 13.62,
            "gross_profit": 456774,
            "gross_margin": 19.37,
            "gross_margin_4q_avg": 17.85,
            "net_income": 276351,
            "revenue": 2357982,
            "common_shares": 935046,
            "book_valuer_per_share": 53.87,
            "book_valuer_per_share_4q_avg": 54.31,
            "equity": 5440397,
            "current_ratio": 203.66,
            "debt_ratio": 46.65,
            "inventory_turnover_ratio": 2.42,
            "account_receivable_turnover_ratio": 0.65,
            "reinvestment_rate": 86.46,
            "research_to_sale_ratio": 1.95,
            "price_fair": 281.62,
            "eps_avg_yearly": 8.05,
            "eps_latest_yearly": 10.92,
            "eps_growth_yearly": 5158.09
        },
        "20203": {
            "year_quarter": 20203,
            "year": 2020,
            "quarter": 3,
            "eps": 2.41,
            "eps_growth_year": 382,
            "eps_4q": 9.55,
            "eps_4q_growth_year": 13.78,
            "roe": 4.44,
            "roe_4q": 17.05,
            "gross_profit": 575036,
            "gross_margin": 19.12,
            "gross_margin_4q_avg": 18.02,
            "net_income": 255662,
            "revenue": 3006765,
            "common_shares": 935046,
            "book_valuer_per_share": 55.41,
            "book_valuer_per_share_4q_avg": 55.1,
            "equity": 6083077,
            "current_ratio": 184.53,
            "debt_ratio": 44.89,
            "inventory_turnover_ratio": 3.16,
            "account_receivable_turnover_ratio": 0.66,
            "reinvestment_rate": -26.63,
            "research_to_sale_ratio": 1.89,
            "price_fair": 285.6,
            "eps_avg_yearly": 8.16,
            "eps_latest_yearly": 9.64,
            "eps_growth_yearly": 4786.31
        },
        "20204": {
            "year_quarter": 20204,
            "year": 2020,
            "quarter": 4,
            "eps": 1.19,
            "eps_growth_year": -69.86,
            "eps_4q": 6.77,
            "eps_4q_growth_year": -24.52,
            "roe": 2.36,
            "roe_4q": 12.690000000000001,
            "gross_profit": 516424,
            "gross_margin": 15.21,
            "gross_margin_4q_avg": 17.84,
            "net_income": 147184,
            "revenue": 3395495,
            "common_shares": 935046,
            "book_valuer_per_share": 57.32,
            "book_valuer_per_share_4q_avg": 55.56,
            "equity": 6415597,
            "current_ratio": 174.65,
            "debt_ratio": 47.5,
            "inventory_turnover_ratio": 3.19,
            "account_receivable_turnover_ratio": 0.61,
            "reinvestment_rate": -73.3,
            "research_to_sale_ratio": 1.87,
            "price_fair": 292,
            "eps_avg_yearly": 8.34,
            "eps_latest_yearly": 4.76,
            "eps_growth_yearly": 4276.61
        },
        "20211": {
            "year_quarter": 20211,
            "year": 2021,
            "quarter": 1,
            "eps": 0.59,
            "eps_growth_year": 20.41,
            "eps_4q": 6.88,
            "eps_4q_growth_year": -21.27,
            "roe": 1.26,
            "roe_4q": 13.07,
            "gross_profit": 359430,
            "gross_margin": 13.69,
            "gross_margin_4q_avg": 16.85,
            "net_income": 81648,
            "revenue": 2625455,
            "common_shares": 935046,
            "book_valuer_per_share": 58.15,
            "book_valuer_per_share_4q_avg": 56.19,
            "equity": 6525174,
            "current_ratio": 170.66,
            "debt_ratio": 47.43,
            "inventory_turnover_ratio": 2.02,
            "account_receivable_turnover_ratio": 0.43,
            "reinvestment_rate": -62.3,
            "research_to_sale_ratio": 2.44,
            "price_fair": 297.8,
            "eps_avg_yearly": 8.51,
            "eps_latest_yearly": 2.36,
            "eps_growth_yearly": 4290.25
        },
        "20212": {
            "year_quarter": 20212,
            "year": 2021,
            "quarter": 2,
            "eps": 0.41,
            "eps_growth_year": -84.98,
            "eps_4q": 4.58,
            "eps_4q_growth_year": -40.16,
            "roe": 0.68,
            "roe_4q": 8.74,
            "gross_profit": 411566,
            "gross_margin": 14.72,
            "gross_margin_4q_avg": 15.69,
            "net_income": 44495,
            "revenue": 2796540,
            "common_shares": 935046,
            "book_valuer_per_share": 58.39,
            "book_valuer_per_share_4q_avg": 57.32,
            "equity": 6521597,
            "current_ratio": 168.72,
            "debt_ratio": 50.86,
            "inventory_turnover_ratio": 1.88,
            "account_receivable_turnover_ratio": 0.47,
            "reinvestment_rate": 50.17,
            "research_to_sale_ratio": 1.9,
            "price_fair": 289.1,
            "eps_avg_yearly": 8.26,
            "eps_latest_yearly": 1.64,
            "eps_growth_yearly": 652.96
        },
        "20213": {
            "year_quarter": 20213,
            "year": 2021,
            "quarter": 3,
            "eps": -0.1,
            "eps_growth_year": -104.15,
            "eps_4q": 2.09,
            "eps_4q_growth_year": -78.15,
            "roe": -0.37,
            "roe_4q": 3.9299999999999997,
            "gross_profit": 200912,
            "gross_margin": 8.48,
            "gross_margin_4q_avg": 13.03,
            "net_income": -23585,
            "revenue": 2370044,
            "common_shares": 935046,
            "book_valuer_per_share": 56.95,
            "book_valuer_per_share_4q_avg": 57.7,
            "equity": 6367877,
            "current_ratio": 168.69,
            "debt_ratio": 57.98,
            "inventory_turnover_ratio": 1.6,
            "account_receivable_turnover_ratio": 0.43,
            "reinvestment_rate": 66.92,
            "research_to_sale_ratio": 2.44,
            "price_fair": 306.6,
            "eps_avg_yearly": 8.76,
            "eps_latest_yearly": 1.64,
            "eps_growth_yearly": 723.38
        },
        "20214": {
            "year_quarter": 20214,
            "year": 2021,
            "quarter": 4,
            "eps": 1.11,
            "eps_growth_year": -6.78,
            "eps_4q": 2,
            "eps_4q_growth_year": -70.39,
            "roe": 1.8,
            "roe_4q": 3.37,
            "gross_profit": 367621,
            "gross_margin": 12.6,
            "gross_margin_4q_avg": 12.37,
            "net_income": 116294,
            "revenue": 2918261,
            "common_shares": 935046,
            "book_valuer_per_share": 58.54,
            "book_valuer_per_share_4q_avg": 58.01,
            "equity": 6560326,
            "current_ratio": 159.2,
            "debt_ratio": 54.99,
            "inventory_turnover_ratio": 1.93,
            "account_receivable_turnover_ratio": 0.57,
            "reinvestment_rate": 105.83,
            "research_to_sale_ratio": 2.26,
            "price_fair": 323.75,
            "eps_avg_yearly": 9.25,
            "eps_latest_yearly": 1.64,
            "eps_growth_yearly": 762.45
        },
        "20221": {
            "year_quarter": 20221,
            "year": 2022,
            "quarter": 1,
            "eps": 0.63,
            "eps_growth_year": 6.78,
            "eps_4q": 2.04,
            "eps_4q_growth_year": -70.29,
            "roe": 0.98,
            "roe_4q": 3.0900000000000003,
            "gross_profit": 300254,
            "gross_margin": 12.08,
            "gross_margin_4q_avg": 11.97,
            "net_income": 65627,
            "revenue": 2486273,
            "common_shares": 935046,
            "book_valuer_per_share": 60.54,
            "book_valuer_per_share_4q_avg": 58.61,
            "equity": 6876715,
            "current_ratio": 164.97,
            "debt_ratio": 52.58,
            "inventory_turnover_ratio": 1.74,
            "account_receivable_turnover_ratio": 0.52,
            "reinvestment_rate": 117.89,
            "research_to_sale_ratio": 1.89,
            "price_fair": 305.63,
            "eps_avg_yearly": 8.73,
            "eps_latest_yearly": 2.52,
            "eps_growth_yearly": 690.5
        },
        "20222": {
            "year_quarter": 20222,
            "year": 2022,
            "quarter": 2,
            "eps": 1.1,
            "eps_growth_year": 168.29,
            "eps_4q": 2.61,
            "eps_4q_growth_year": -42.95,
            "roe": 1.65,
            "roe_4q": 4.06,
            "gross_profit": 410527,
            "gross_margin": 15.65,
            "gross_margin_4q_avg": 12.2,
            "net_income": 115621,
            "revenue": 2622862,
            "common_shares": 980963,
            "book_valuer_per_share": 60.76,
            "book_valuer_per_share_4q_avg": 59.2,
            "equity": 7169715,
            "current_ratio": 164.34,
            "debt_ratio": 49.71,
            "inventory_turnover_ratio": 1.62,
            "account_receivable_turnover_ratio": 0.57,
            "reinvestment_rate": 113.68,
            "research_to_sale_ratio": 1.79,
            "price_fair": 294.8,
            "eps_avg_yearly": 8.42,
            "eps_latest_yearly": 4.4,
            "eps_growth_yearly": 662.49
        },
        "20223": {
            "year_quarter": 20223,
            "year": 2022,
            "quarter": 3,
            "eps": 6.46,
            "eps_growth_year": null,
            "eps_4q": 9.16,
            "eps_4q_growth_year": 338.91,
            "roe": 8.53,
            "roe_4q": 12.96,
            "gross_profit": 349471,
            "gross_margin": 14.83,
            "gross_margin_4q_avg": 13.79,
            "net_income": 640865,
            "revenue": 2356276,
            "common_shares": 981311,
            "book_valuer_per_share": 67.6,
            "book_valuer_per_share_4q_avg": 61.86,
            "equity": 7862333,
            "current_ratio": 199.6,
            "debt_ratio": 44.58,
            "inventory_turnover_ratio": 1.52,
            "account_receivable_turnover_ratio": 0.5,
            "reinvestment_rate": 102.28,
            "research_to_sale_ratio": 2.87,
            "price_fair": 283.5,
            "eps_avg_yearly": 8.1,
            "eps_latest_yearly": 25.84,
            "eps_growth_yearly": 468.86
        },
        "20224": {
            "year_quarter": 20224,
            "year": 2022,
            "quarter": 4,
            "eps": 1.16,
            "eps_growth_year": 5.24,
            "eps_4q": 9.27,
            "eps_4q_growth_year": 362.67,
            "roe": 1.74,
            "roe_4q": 12.9,
            "gross_profit": 468182,
            "gross_margin": 20.3,
            "gross_margin_4q_avg": 15.72,
            "net_income": 137866,
            "revenue": 2306043,
            "common_shares": 981311,
            "book_valuer_per_share": 68.35,
            "book_valuer_per_share_4q_avg": 64.31,
            "equity": 7947467,
            "current_ratio": 206.22,
            "debt_ratio": 44.32,
            "inventory_turnover_ratio": 1.75,
            "account_receivable_turnover_ratio": 0.47,
            "reinvestment_rate": 108.13,
            "research_to_sale_ratio": 2.29,
            "price_fair": 261.4,
            "eps_avg_yearly": 7.47,
            "eps_latest_yearly": 4.64,
            "eps_growth_yearly": 461.3
        },
        "20231": {
            "year_quarter": 20231,
            "year": 2023,
            "quarter": 1,
            "eps": 0.2,
            "eps_growth_year": -68.25,
            "eps_4q": 8.87,
            "eps_4q_growth_year": 334.23,
            "roe": 0.23,
            "roe_4q": 12.15,
            "gross_profit": 319999,
            "gross_margin": 18.84,
            "gross_margin_4q_avg": 17.41,
            "net_income": 18004,
            "revenue": 1698486,
            "common_shares": 981322,
            "book_valuer_per_share": 68.73,
            "book_valuer_per_share_4q_avg": 66.36,
            "equity": 7987479,
            "current_ratio": 223.56,
            "debt_ratio": 41.55,
            "inventory_turnover_ratio": 1.56,
            "account_receivable_turnover_ratio": 0.36,
            "reinvestment_rate": 111.72,
            "research_to_sale_ratio": 3.06,
            "price_fair": 256.2,
            "eps_avg_yearly": 7.32,
            "eps_latest_yearly": 0.8,
            "eps_growth_yearly": 460.12
        }
    },
    "months": {
        "2016-08": {
            "month": "2016-08",
            "price": "149.50",
            "revenue": 0
        },
        "2016-09": {
            "month": "2016-09",
            "price": "122.95",
            "revenue": 355613
        },
        "2016-10": {
            "month": "2016-10",
            "price": "81.26",
            "revenue": 461301
        },
        "2016-11": {
            "month": "2016-11",
            "price": "67.43",
            "revenue": 462292
        },
        "2016-12": {
            "month": "2016-12",
            "price": "71.68",
            "revenue": 404976
        },
        "2017-01": {
            "month": "2017-01",
            "price": "73.68",
            "revenue": 235614
        },
        "2017-02": {
            "month": "2017-02",
            "price": "77.92",
            "revenue": 330731
        },
        "2017-03": {
            "month": "2017-03",
            "price": "73.09",
            "revenue": 370506
        },
        "2017-04": {
            "month": "2017-04",
            "price": "67.46",
            "revenue": 351002
        },
        "2017-05": {
            "month": "2017-05",
            "price": "66.04",
            "revenue": 363547
        },
        "2017-06": {
            "month": "2017-06",
            "price": "67.31",
            "revenue": 483182
        },
        "2017-07": {
            "month": "2017-07",
            "price": "76.58",
            "revenue": 386944
        },
        "2017-08": {
            "month": "2017-08",
            "price": "85.04",
            "revenue": 464676
        },
        "2017-09": {
            "month": "2017-09",
            "price": "83.48",
            "revenue": 476559
        },
        "2017-10": {
            "month": "2017-10",
            "price": "77.11",
            "revenue": 441424
        },
        "2017-11": {
            "month": "2017-11",
            "price": "74.46",
            "revenue": 547094
        },
        "2017-12": {
            "month": "2017-12",
            "price": "83.63",
            "revenue": 453221
        },
        "2018-01": {
            "month": "2018-01",
            "price": "84.63",
            "revenue": 446476
        },
        "2018-02": {
            "month": "2018-02",
            "price": "76.57",
            "revenue": 214866
        },
        "2018-03": {
            "month": "2018-03",
            "price": "91.15",
            "revenue": 487463
        },
        "2018-04": {
            "month": "2018-04",
            "price": "165.14",
            "revenue": 509284
        },
        "2018-05": {
            "month": "2018-05",
            "price": "103.49",
            "revenue": 670241
        },
        "2018-06": {
            "month": "2018-06",
            "price": "98.75",
            "revenue": 547468
        },
        "2018-07": {
            "month": "2018-07",
            "price": "78.25",
            "revenue": 489920
        },
        "2018-08": {
            "month": "2018-08",
            "price": "72.23",
            "revenue": 466680
        },
        "2018-09": {
            "month": "2018-09",
            "price": "66.32",
            "revenue": 562646
        },
        "2018-10": {
            "month": "2018-10",
            "price": "67.78",
            "revenue": 663503
        },
        "2018-11": {
            "month": "2018-11",
            "price": "69.47",
            "revenue": 506857
        },
        "2018-12": {
            "month": "2018-12",
            "price": "67.05",
            "revenue": 629790
        },
        "2019-01": {
            "month": "2019-01",
            "price": "74.79",
            "revenue": 563689
        },
        "2019-02": {
            "month": "2019-02",
            "price": "102.03",
            "revenue": 290439
        },
        "2019-03": {
            "month": "2019-03",
            "price": "98.40",
            "revenue": 668982
        },
        "2019-04": {
            "month": "2019-04",
            "price": "101.87",
            "revenue": 566613
        },
        "2019-05": {
            "month": "2019-05",
            "price": "92.23",
            "revenue": 543091
        },
        "2019-06": {
            "month": "2019-06",
            "price": "96.04",
            "revenue": 453914
        },
        "2019-07": {
            "month": "2019-07",
            "price": "80.87",
            "revenue": 470367
        },
        "2019-08": {
            "month": "2019-08",
            "price": "77.70",
            "revenue": 499264
        },
        "2019-09": {
            "month": "2019-09",
            "price": "81.35",
            "revenue": 567105
        },
        "2019-10": {
            "month": "2019-10",
            "price": "85.73",
            "revenue": 531144
        },
        "2019-11": {
            "month": "2019-11",
            "price": "81.64",
            "revenue": 517528
        },
        "2019-12": {
            "month": "2019-12",
            "price": "81.93",
            "revenue": 592037
        },
        "2020-01": {
            "month": "2020-01",
            "price": "81.41",
            "revenue": 370619
        },
        "2020-02": {
            "month": "2020-02",
            "price": "74.37",
            "revenue": 203138
        },
        "2020-03": {
            "month": "2020-03",
            "price": "64.21",
            "revenue": 533901
        },
        "2020-04": {
            "month": "2020-04",
            "price": "65.39",
            "revenue": 753753
        },
        "2020-05": {
            "month": "2020-05",
            "price": "82.47",
            "revenue": 770123
        },
        "2020-06": {
            "month": "2020-06",
            "price": "84.72",
            "revenue": 834106
        },
        "2020-07": {
            "month": "2020-07",
            "price": "97.64",
            "revenue": 874007
        },
        "2020-08": {
            "month": "2020-08",
            "price": "110.40",
            "revenue": 1016098
        },
        "2020-09": {
            "month": "2020-09",
            "price": "153.07",
            "revenue": 1116660
        },
        "2020-10": {
            "month": "2020-10",
            "price": "163.00",
            "revenue": 1158096
        },
        "2020-11": {
            "month": "2020-11",
            "price": "165.21",
            "revenue": 1303972
        },
        "2020-12": {
            "month": "2020-12",
            "price": "153.20",
            "revenue": 943406
        },
        "2021-01": {
            "month": "2021-01",
            "price": "143.22",
            "revenue": 1088688
        },
        "2021-02": {
            "month": "2021-02",
            "price": "146.81",
            "revenue": 633581
        },
        "2021-03": {
            "month": "2021-03",
            "price": "141.52",
            "revenue": 903186
        },
        "2021-04": {
            "month": "2021-04",
            "price": "141.32",
            "revenue": 1163838
        },
        "2021-05": {
            "month": "2021-05",
            "price": "122.90",
            "revenue": 862129
        },
        "2021-06": {
            "month": "2021-06",
            "price": "117.69",
            "revenue": 770573
        },
        "2021-07": {
            "month": "2021-07",
            "price": "111.20",
            "revenue": 708797
        },
        "2021-08": {
            "month": "2021-08",
            "price": "93.50",
            "revenue": 754049
        },
        "2021-09": {
            "month": "2021-09",
            "price": "89.54",
            "revenue": 907198
        },
        "2021-10": {
            "month": "2021-10",
            "price": "104.42",
            "revenue": 1170858
        },
        "2021-11": {
            "month": "2021-11",
            "price": "93.78",
            "revenue": 792467
        },
        "2021-12": {
            "month": "2021-12",
            "price": "91.82",
            "revenue": 964292
        },
        "2022-01": {
            "month": "2022-01",
            "price": "92.22",
            "revenue": 922338
        },
        "2022-02": {
            "month": "2022-02",
            "price": "94.11",
            "revenue": 671819
        },
        "2022-03": {
            "month": "2022-03",
            "price": "95.54",
            "revenue": 892115
        },
        "2022-04": {
            "month": "2022-04",
            "price": "124.16",
            "revenue": 828487
        },
        "2022-05": {
            "month": "2022-05",
            "price": "125.24",
            "revenue": 915611
        },
        "2022-06": {
            "month": "2022-06",
            "price": "123.12",
            "revenue": 878765
        },
        "2022-07": {
            "month": "2022-07",
            "price": "112.02",
            "revenue": 679366
        },
        "2022-08": {
            "month": "2022-08",
            "price": "104.09",
            "revenue": 814660
        },
        "2022-09": {
            "month": "2022-09",
            "price": "93.63",
            "revenue": 862250
        },
        "2022-10": {
            "month": "2022-10",
            "price": "91.83",
            "revenue": 897550
        },
        "2022-11": {
            "month": "2022-11",
            "price": "93.56",
            "revenue": 738864
        },
        "2022-12": {
            "month": "2022-12",
            "price": "96.68",
            "revenue": 711417
        },
        "2023-01": {
            "month": "2023-01",
            "price": "101.53",
            "revenue": 458449
        },
        "2023-02": {
            "month": "2023-02",
            "price": "106.53",
            "revenue": 528203
        },
        "2023-03": {
            "month": "2023-03",
            "price": "103.42",
            "revenue": 712881
        },
        "2023-04": {
            "month": "2023-04",
            "price": "103.79",
            "revenue": 561809
        }
    }
}
