{
    "summary": {
        "stock_name": "永日",
        "stock_id": "4102",
        "category": "生技醫療",
        "main_business": "化學藥品、醫藥品製造及買賣業務<br>精密化學材料、其他化學材料製造及買賣業務<br>國際貿易業",
        "website_url": "http://www.yungzip.com",
        "ceo": "林青煌",
        "pe_ratio": 15,
        "report_year_from": 2001,
        "report_year_to": 2023,
        "age": 22,
        "eps_negative_percentage": 30,
        "eps_growth_avg": {
            "last_all": -22.04,
            "last_2y": 6.4,
            "last_4y": 6.4,
            "last_8y": 6.4,
            "last_12y": -25.92,
            "last_16y": -33.83,
            "last_20y": -22.04,
            "at_2006_last_3y": 15.29,
            "at_2007_last_3y": 13.44,
            "at_2008_last_3y": -24.06,
            "at_2009_last_3y": -52.28,
            "at_2010_last_3y": -44.73,
            "at_2011_last_3y": -34.93,
            "at_2012_last_3y": -33.55,
            "at_2013_last_3y": -50.17,
            "at_2014_last_3y": -76.33,
            "at_2015_last_3y": -97.94,
            "at_2016_last_3y": -100,
            "at_2017_last_3y": null,
            "at_2018_last_3y": null,
            "at_2019_last_3y": null,
            "at_2020_last_3y": -1.35,
            "at_2021_last_3y": -40.4,
            "at_2022_last_3y": 6.4,
            "at_2023_last_3y": 6.4,
            "at_2006_last_all": 7.08,
            "at_2007_last_all": -4.52,
            "at_2008_last_all": -18.16,
            "at_2009_last_all": -18.16,
            "at_2010_last_all": -12.35,
            "at_2011_last_all": -14.65,
            "at_2012_last_all": -22.78,
            "at_2013_last_all": -29.8,
            "at_2014_last_all": -29.8,
            "at_2015_last_all": -29.8,
            "at_2016_last_all": -29.8,
            "at_2017_last_all": -29.8,
            "at_2018_last_all": -29.8,
            "at_2019_last_all": -29.8,
            "at_2020_last_all": -27.43,
            "at_2021_last_all": -31.43,
            "at_2022_last_all": -22.04,
            "at_2023_last_all": -22.04
        },
        "latest_eps": 1.95,
        "latest_price": 30.1,
        "latest_roe": 13.96,
        "latest_gross_margin": 34.09,
        "latest_equity": 689262,
        "latest_revenue": 135766,
        "latest_gross_profit": 46287,
        "latest_net_income": 19588,
        "latest_debt_ratio": 31.09,
        "latest_current_ratio": 330.2,
        "latest_account_receivable_turnover_ratio": 1.06,
        "latest_inventory_turnover_ratio": 0.58,
        "latest_reinvestment_rate": 131.29,
        "latest_research_to_sale_ratio": 6.24
    },
    "eps_dividends": {
        "1999": {
            "cash": 2,
            "stock": 2,
            "eps": 0
        },
        "2000": {
            "cash": 1,
            "stock": 1,
            "eps": 0
        },
        "2001": {
            "cash": 1,
            "stock": 0,
            "eps": 0.66
        },
        "2002": {
            "cash": 1,
            "stock": 0,
            "eps": 0.49
        },
        "2003": {
            "cash": 0,
            "stock": 0,
            "eps": 0.22
        },
        "2004": {
            "cash": 1,
            "stock": 0,
            "eps": 0.33
        },
        "2005": {
            "cash": 1,
            "stock": 0,
            "eps": 0.53
        },
        "2006": {
            "cash": 1,
            "stock": 0,
            "eps": 0.56
        },
        "2007": {
            "cash": 1,
            "stock": 0,
            "eps": 0.21
        },
        "2008": {
            "cash": 1,
            "stock": 0,
            "eps": -0.48
        },
        "2009": {
            "cash": 1,
            "stock": 0,
            "eps": 2.26
        },
        "2010": {
            "cash": 1,
            "stock": 1,
            "eps": 2.9
        },
        "2011": {
            "cash": 2,
            "stock": 1,
            "eps": 1.94
        },
        "2012": {
            "cash": 2,
            "stock": 0,
            "eps": 0.08
        },
        "2013": {
            "cash": 0,
            "stock": 0,
            "eps": -1.57
        },
        "2014": {
            "cash": 0,
            "stock": 0,
            "eps": -1.57
        },
        "2015": {
            "cash": 0,
            "stock": 0,
            "eps": -0.66
        },
        "2016": {
            "cash": 0,
            "stock": 0,
            "eps": -1.61
        },
        "2017": {
            "cash": 0,
            "stock": 0,
            "eps": -0.58
        },
        "2018": {
            "cash": 0,
            "stock": 0,
            "eps": -0.35
        },
        "2019": {
            "cash": 0,
            "stock": 0,
            "eps": 0.74
        },
        "2020": {
            "cash": 0,
            "stock": 0,
            "eps": 0.73
        },
        "2021": {
            "cash": 0,
            "stock": 0,
            "eps": 0.15
        },
        "2022": {
            "cash": 0,
            "stock": 0,
            "eps": 1.65
        },
        "2023": {
            "cash": 1,
            "stock": 0,
            "eps": 0.43
        }
    },
    "dividends": {
        "1999-05-15": {
            "cash": 2.19,
            "stock": 1.95
        },
        "2000-04-29": {
            "cash": 1,
            "stock": 1
        },
        "2001-06-07": {
            "cash": 0.5,
            "stock": 0
        },
        "2002-05-24": {
            "cash": 0.5,
            "stock": 0
        },
        "2003-05-29": {
            "cash": 0.44,
            "stock": 0
        },
        "2004-03-22": {
            "cash": 0.5,
            "stock": 0
        },
        "2005-03-06": {
            "cash": 0.5,
            "stock": 0
        },
        "2006-03-12": {
            "cash": 0.5,
            "stock": 0
        },
        "2007-03-16": {
            "cash": 0.5,
            "stock": 0
        },
        "2008-03-14": {
            "cash": 0.5,
            "stock": 0
        },
        "2009-04-24": {
            "cash": 0.5,
            "stock": 0
        },
        "2010-03-18": {
            "cash": 1,
            "stock": 1
        },
        "2011-03-21": {
            "cash": 1.5,
            "stock": 0.5
        },
        "2012-06-15": {
            "cash": 1.8,
            "stock": 0
        },
        "2013-06-14": {
            "cash": 0.3,
            "stock": 0
        },
        "2015-08-18": {
            "cash": 0.3,
            "stock": 0
        },
        "2021-09-17": {
            "cash": 0.1,
            "stock": 0
        },
        "2022-07-29": {
            "cash": 0.1,
            "stock": 0
        },
        "2023-03-07": {
            "cash": 0.8,
            "stock": 0
        }
    },
    "prices": {
        "200101": "無",
        "200102": "無",
        "200103": "15.21",
        "200104": "25.08",
        "200105": "19.29",
        "200106": "20.14",
        "200107": "17.26",
        "200108": "16.05",
        "200109": "13.55",
        "200110": "12.37",
        "200111": "13.79",
        "200112": "15.53",
        "200201": "16.75",
        "200202": "17.08",
        "200203": "16.79",
        "200204": "17.30",
        "200205": "16.31",
        "200206": "15.44",
        "200207": "14.35",
        "200208": "13.68",
        "200209": "12.79",
        "200210": "11.62",
        "200211": "12.35",
        "200212": "12.60",
        "200301": "12.42",
        "200302": "12.14",
        "200303": "12.08",
        "200304": "14.18",
        "200305": "13.11",
        "200306": "12.32",
        "200307": "12.04",
        "200308": "11.73",
        "200309": "11.46",
        "200310": "11.41",
        "200311": "11.70",
        "200312": "12.09",
        "200401": "12.11",
        "200402": "13.48",
        "200403": "12.85",
        "200404": "12.67",
        "200405": "11.61",
        "200406": "11.48",
        "200407": "11.12",
        "200408": "10.29",
        "200409": "10.63",
        "200410": "10.77",
        "200411": "10.86",
        "200412": "11.17",
        "200501": "11.99",
        "200502": "12.57",
        "200503": "12.77",
        "200504": "12.16",
        "200505": "11.63",
        "200506": "11.72",
        "200507": "11.42",
        "200508": "11.42",
        "200509": "11.14",
        "200510": "12.99",
        "200511": "16.92",
        "200512": "13.70",
        "200601": "13.38",
        "200602": "13.84",
        "200603": "13.63",
        "200604": "12.85",
        "200605": "13.03",
        "200606": "12.44",
        "200607": "11.60",
        "200608": "11.31",
        "200609": "11.29",
        "200610": "12.46",
        "200611": "12.35",
        "200612": "13.04",
        "200701": "13.70",
        "200702": "13.41",
        "200703": "12.95",
        "200704": "14.30",
        "200705": "15.36",
        "200706": "17.13",
        "200707": "33.77",
        "200708": "26.63",
        "200709": "27.68",
        "200710": "24.98",
        "200711": "18.46",
        "200712": "17.27",
        "200801": "15.79",
        "200802": "17.10",
        "200803": "17.37",
        "200804": "20.31",
        "200805": "20.47",
        "200806": "17.58",
        "200807": "15.14",
        "200808": "15.00",
        "200809": "12.76",
        "200810": "12.71",
        "200811": "11.89",
        "200812": "11.17",
        "200901": "12.82",
        "200902": "14.72",
        "200903": "21.27",
        "200904": "31.05",
        "200905": "32.21",
        "200906": "28.07",
        "200907": "40.80",
        "200908": "42.91",
        "200909": "45.78",
        "200910": "43.23",
        "200911": "40.48",
        "200912": "44.84",
        "201001": "40.17",
        "201002": "33.16",
        "201003": "36.70",
        "201004": "40.41",
        "201005": "38.56",
        "201006": "36.70",
        "201007": "38.18",
        "201008": "54.53",
        "201009": "56.95",
        "201010": "68.20",
        "201011": "81.27",
        "201012": "77.77",
        "201101": "70.72",
        "201102": "60.14",
        "201103": "65.55",
        "201104": "68.39",
        "201105": "79.36",
        "201106": "77.78",
        "201107": "81.51",
        "201108": "56.22",
        "201109": "40.26",
        "201110": "43.37",
        "201111": "44.70",
        "201112": "39.09",
        "201201": "41.21",
        "201202": "50.99",
        "201203": "48.01",
        "201204": "40.80",
        "201205": "37.92",
        "201206": "37.46",
        "201207": "37.36",
        "201208": "35.79",
        "201209": "36.18",
        "201210": "35.42",
        "201211": "28.36",
        "201212": "31.37",
        "201301": "33.12",
        "201302": "32.83",
        "201303": "33.69",
        "201304": "32.70",
        "201305": "30.18",
        "201306": "30.14",
        "201307": "28.86",
        "201308": "28.00",
        "201309": "27.98",
        "201310": "30.17",
        "201311": "28.66",
        "201312": "29.10",
        "201401": "28.66",
        "201402": "28.16",
        "201403": "27.83",
        "201404": "27.17",
        "201405": "27.36",
        "201406": "27.11",
        "201407": "28.62",
        "201408": "26.71",
        "201409": "26.11",
        "201410": "23.46",
        "201411": "21.44",
        "201412": "21.87",
        "201501": "21.62",
        "201502": "21.00",
        "201503": "21.01",
        "201504": "20.69",
        "201505": "19.32",
        "201506": "17.70",
        "201507": "18.16",
        "201508": "17.30",
        "201509": "18.13",
        "201510": "20.35",
        "201511": "22.65",
        "201512": "24.67",
        "201601": "23.20",
        "201602": "24.71",
        "201603": "24.65",
        "201604": "22.28",
        "201605": "20.83",
        "201606": "20.04",
        "201607": "20.20",
        "201608": "19.32",
        "201609": "19.06",
        "201610": "17.83",
        "201611": "16.97",
        "201612": "16.91",
        "201701": "17.13",
        "201702": "18.48",
        "201703": "18.14",
        "201704": "17.66",
        "201705": "17.42",
        "201706": "17.28",
        "201707": "17.11",
        "201708": "16.77",
        "201709": "16.40",
        "201710": "17.16",
        "201711": "16.96",
        "201712": "16.74",
        "201801": "16.69",
        "201802": "15.83",
        "201803": "16.72",
        "201804": "16.75",
        "201805": "16.35",
        "201806": "16.07",
        "201807": "15.62",
        "201808": "15.64",
        "201809": "15.57",
        "201810": "14.45",
        "201811": "14.02",
        "201812": "14.10",
        "201901": "14.98",
        "201902": "15.13",
        "201903": "15.37",
        "201904": "16.52",
        "201905": "17.18",
        "201906": "17.01",
        "201907": "17.64",
        "201908": "17.10",
        "201909": "17.51",
        "201910": "17.38",
        "201911": "16.86",
        "201912": "16.42",
        "202001": "16.07",
        "202002": "16.62",
        "202003": "19.72",
        "202004": "20.84",
        "202005": "21.81",
        "202006": "28.02",
        "202007": "34.57",
        "202008": "32.72",
        "202009": "29.04",
        "202010": "25.58",
        "202011": "24.32",
        "202012": "24.19",
        "202101": "25.68",
        "202102": "25.47",
        "202103": "24.35",
        "202104": "23.42",
        "202105": "23.50",
        "202106": "21.99",
        "202107": "20.25",
        "202108": "19.64",
        "202109": "18.86",
        "202110": "17.86",
        "202111": "19.35",
        "202112": "19.84",
        "202201": "19.34",
        "202202": "19.83",
        "202203": "19.88",
        "202204": "22.58",
        "202205": "21.18",
        "202206": "18.44",
        "202207": "17.60",
        "202208": "19.56",
        "202209": "25.19",
        "202210": "26.82",
        "202211": "32.30",
        "202212": "37.22",
        "202301": "30.55",
        "202302": "30.52",
        "202303": "28.61",
        "202304": "30.80",
        "202305": "30.48"
    },
    "quarters": {
        "20011": {
            "year_quarter": 20011,
            "year": 2001,
            "quarter": 1,
            "eps": 0.07,
            "eps_growth_year": -61.11,
            "eps_4q": 0.35,
            "eps_4q_growth_year": null,
            "roe": 0.45,
            "roe_4q": 0.45,
            "gross_profit": 20607,
            "gross_margin": 34,
            "gross_margin_4q_avg": 34,
            "net_income": 2176,
            "revenue": 60601,
            "common_shares": 330506,
            "book_valuer_per_share": 14.59,
            "book_valuer_per_share_4q_avg": 14.59,
            "equity": 482276,
            "current_ratio": 1004,
            "debt_ratio": 10.79,
            "inventory_turnover_ratio": 0.38,
            "account_receivable_turnover_ratio": null,
            "reinvestment_rate": null,
            "research_to_sale_ratio": null,
            "price_fair": 0,
            "eps_avg_yearly": 0,
            "eps_latest_yearly": 0,
            "eps_growth_yearly": 0
        },
        "20012": {
            "year_quarter": 20012,
            "year": 2001,
            "quarter": 2,
            "eps": 0.11,
            "eps_growth_year": null,
            "eps_4q": 0.53,
            "eps_4q_growth_year": null,
            "roe": 0.77,
            "roe_4q": 1.22,
            "gross_profit": 23521,
            "gross_margin": 39,
            "gross_margin_4q_avg": 36.5,
            "net_income": 3687,
            "revenue": 60305,
            "common_shares": 330506,
            "book_valuer_per_share": 14.22,
            "book_valuer_per_share_4q_avg": 14.41,
            "equity": 469982,
            "current_ratio": 456.24,
            "debt_ratio": 17.91,
            "inventory_turnover_ratio": 0.38,
            "account_receivable_turnover_ratio": null,
            "reinvestment_rate": null,
            "research_to_sale_ratio": null,
            "price_fair": 0,
            "eps_avg_yearly": 0,
            "eps_latest_yearly": 0,
            "eps_growth_yearly": 0
        },
        "20013": {
            "year_quarter": 20013,
            "year": 2001,
            "quarter": 3,
            "eps": 0.12,
            "eps_growth_year": -58.62,
            "eps_4q": 0.37,
            "eps_4q_growth_year": null,
            "roe": 0.83,
            "roe_4q": 2.0500000000000003,
            "gross_profit": 21958,
            "gross_margin": 41.14,
            "gross_margin_4q_avg": 38.05,
            "net_income": 3923,
            "revenue": 53368,
            "common_shares": 330506,
            "book_valuer_per_share": 14.34,
            "book_valuer_per_share_4q_avg": 14.38,
            "equity": 473905,
            "current_ratio": 268.52,
            "debt_ratio": 24.78,
            "inventory_turnover_ratio": 0.33,
            "account_receivable_turnover_ratio": null,
            "reinvestment_rate": null,
            "research_to_sale_ratio": null,
            "price_fair": 0,
            "eps_avg_yearly": 0,
            "eps_latest_yearly": 0,
            "eps_growth_yearly": 0
        },
        "20014": {
            "year_quarter": 20014,
            "year": 2001,
            "quarter": 4,
            "eps": 0.36,
            "eps_growth_year": 414.29,
            "eps_4q": 0.65,
            "eps_4q_growth_year": 58.73,
            "roe": 2.5,
            "roe_4q": 4.55,
            "gross_profit": 24213,
            "gross_margin": 41.14,
            "gross_margin_4q_avg": 38.82,
            "net_income": 11978,
            "revenue": 58850,
            "common_shares": 330506,
            "book_valuer_per_share": 14.69,
            "book_valuer_per_share_4q_avg": 14.46,
            "equity": 485585,
            "current_ratio": 382.53,
            "debt_ratio": 15.76,
            "inventory_turnover_ratio": 0.38,
            "account_receivable_turnover_ratio": null,
            "reinvestment_rate": null,
            "research_to_sale_ratio": null,
            "price_fair": 0,
            "eps_avg_yearly": 0,
            "eps_latest_yearly": 0,
            "eps_growth_yearly": 0
        },
        "20021": {
            "year_quarter": 20021,
            "year": 2002,
            "quarter": 1,
            "eps": 0.16,
            "eps_growth_year": 128.57,
            "eps_4q": 0.76,
            "eps_4q_growth_year": 121.35,
            "roe": 1.06,
            "roe_4q": 5.16,
            "gross_profit": 20593,
            "gross_margin": 34.7,
            "gross_margin_4q_avg": 39,
            "net_income": 5189,
            "revenue": 59349,
            "common_shares": 330506,
            "book_valuer_per_share": 14.85,
            "book_valuer_per_share_4q_avg": 14.53,
            "equity": 490773,
            "current_ratio": 520.17,
            "debt_ratio": 12.5,
            "inventory_turnover_ratio": 0.42,
            "account_receivable_turnover_ratio": null,
            "reinvestment_rate": null,
            "research_to_sale_ratio": null,
            "price_fair": 1.92,
            "eps_avg_yearly": 0.64,
            "eps_latest_yearly": 0.64,
            "eps_growth_yearly": -222.22
        },
        "20022": {
            "year_quarter": 20022,
            "year": 2002,
            "quarter": 2,
            "eps": 0.08,
            "eps_growth_year": -27.27,
            "eps_4q": 0.69,
            "eps_4q_growth_year": 29.01,
            "roe": 0.58,
            "roe_4q": 4.970000000000001,
            "gross_profit": 24304,
            "gross_margin": 41.93,
            "gross_margin_4q_avg": 39.73,
            "net_income": 2785,
            "revenue": 57958,
            "common_shares": 330506,
            "book_valuer_per_share": 14.42,
            "book_valuer_per_share_4q_avg": 14.58,
            "equity": 476614,
            "current_ratio": 380.2,
            "debt_ratio": 15.36,
            "inventory_turnover_ratio": 0.35,
            "account_receivable_turnover_ratio": null,
            "reinvestment_rate": null,
            "research_to_sale_ratio": null,
            "price_fair": 1.44,
            "eps_avg_yearly": 0.48,
            "eps_latest_yearly": 0.32,
            "eps_growth_yearly": -211.11
        },
        "20023": {
            "year_quarter": 20023,
            "year": 2002,
            "quarter": 3,
            "eps": 0.05,
            "eps_growth_year": -58.33,
            "eps_4q": 0.69,
            "eps_4q_growth_year": 86.49,
            "roe": 0.32,
            "roe_4q": 4.46,
            "gross_profit": 17179,
            "gross_margin": 31.83,
            "gross_margin_4q_avg": 37.4,
            "net_income": 1549,
            "revenue": 53969,
            "common_shares": 330506,
            "book_valuer_per_share": 14.47,
            "book_valuer_per_share_4q_avg": 14.61,
            "equity": 478163,
            "current_ratio": 516.76,
            "debt_ratio": 11.86,
            "inventory_turnover_ratio": 0.34,
            "account_receivable_turnover_ratio": null,
            "reinvestment_rate": null,
            "research_to_sale_ratio": null,
            "price_fair": 1.16,
            "eps_avg_yearly": 0.39,
            "eps_latest_yearly": 0.2,
            "eps_growth_yearly": -190.74
        },
        "20024": {
            "year_quarter": 20024,
            "year": 2002,
            "quarter": 4,
            "eps": 0.2,
            "eps_growth_year": -44.44,
            "eps_4q": 0.48,
            "eps_4q_growth_year": -26.44,
            "roe": 1.41,
            "roe_4q": 3.37,
            "gross_profit": 19042,
            "gross_margin": 32.3,
            "gross_margin_4q_avg": 35.19,
            "net_income": 6774,
            "revenue": 58960,
            "common_shares": 330506,
            "book_valuer_per_share": 14.68,
            "book_valuer_per_share_4q_avg": 14.61,
            "equity": 485078,
            "current_ratio": 498.69,
            "debt_ratio": 11.89,
            "inventory_turnover_ratio": 0.36,
            "account_receivable_turnover_ratio": null,
            "reinvestment_rate": null,
            "research_to_sale_ratio": null,
            "price_fair": 17.15,
            "eps_avg_yearly": 0.49,
            "eps_latest_yearly": 0.8,
            "eps_growth_yearly": 156.94
        },
        "20031": {
            "year_quarter": 20031,
            "year": 2003,
            "quarter": 1,
            "eps": 0.02,
            "eps_growth_year": -87.5,
            "eps_4q": 0.32,
            "eps_4q_growth_year": -58.45,
            "roe": 0.15,
            "roe_4q": 2.46,
            "gross_profit": 20615,
            "gross_margin": 32.5,
            "gross_margin_4q_avg": 34.64,
            "net_income": 747,
            "revenue": 63423,
            "common_shares": 330506,
            "book_valuer_per_share": 14.7,
            "book_valuer_per_share_4q_avg": 14.57,
            "equity": 485825,
            "current_ratio": 464.03,
            "debt_ratio": 12.47,
            "inventory_turnover_ratio": 0.37,
            "account_receivable_turnover_ratio": null,
            "reinvestment_rate": null,
            "research_to_sale_ratio": null,
            "price_fair": 14.28,
            "eps_avg_yearly": 0.41,
            "eps_latest_yearly": 0.08,
            "eps_growth_yearly": 53.56
        },
        "20032": {
            "year_quarter": 20032,
            "year": 2003,
            "quarter": 2,
            "eps": -0.01,
            "eps_growth_year": -112.5,
            "eps_4q": 0.26,
            "eps_4q_growth_year": -61.75,
            "roe": -0.08,
            "roe_4q": 1.8,
            "gross_profit": 20913,
            "gross_margin": 30.94,
            "gross_margin_4q_avg": 31.89,
            "net_income": -399,
            "revenue": 67599,
            "common_shares": 330506,
            "book_valuer_per_share": 14.24,
            "book_valuer_per_share_4q_avg": 14.52,
            "equity": 470660,
            "current_ratio": 355.79,
            "debt_ratio": 15.45,
            "inventory_turnover_ratio": 0.4,
            "account_receivable_turnover_ratio": null,
            "reinvestment_rate": null,
            "research_to_sale_ratio": null,
            "price_fair": 14.28,
            "eps_avg_yearly": 0.41,
            "eps_latest_yearly": 0.08,
            "eps_growth_yearly": 53.56
        },
        "20033": {
            "year_quarter": 20033,
            "year": 2003,
            "quarter": 3,
            "eps": 0.09,
            "eps_growth_year": 80,
            "eps_4q": 0.31,
            "eps_4q_growth_year": -55.96,
            "roe": 0.63,
            "roe_4q": 2.11,
            "gross_profit": 23250,
            "gross_margin": 31.38,
            "gross_margin_4q_avg": 31.78,
            "net_income": 2972,
            "revenue": 74086,
            "common_shares": 330506,
            "book_valuer_per_share": 14.33,
            "book_valuer_per_share_4q_avg": 14.49,
            "equity": 473631,
            "current_ratio": 291.34,
            "debt_ratio": 18.53,
            "inventory_turnover_ratio": 0.47,
            "account_receivable_turnover_ratio": null,
            "reinvestment_rate": null,
            "research_to_sale_ratio": null,
            "price_fair": 14.28,
            "eps_avg_yearly": 0.41,
            "eps_latest_yearly": 0.08,
            "eps_growth_yearly": 53.56
        },
        "20034": {
            "year_quarter": 20034,
            "year": 2003,
            "quarter": 4,
            "eps": 0.12,
            "eps_growth_year": -40,
            "eps_4q": 0.22,
            "eps_4q_growth_year": -54.55,
            "roe": 0.85,
            "roe_4q": 1.5499999999999998,
            "gross_profit": 19505,
            "gross_margin": 30.09,
            "gross_margin_4q_avg": 31.23,
            "net_income": 4036,
            "revenue": 64826,
            "common_shares": 330506,
            "book_valuer_per_share": 14.25,
            "book_valuer_per_share_4q_avg": 14.38,
            "equity": 471084,
            "current_ratio": 275.03,
            "debt_ratio": 19.06,
            "inventory_turnover_ratio": 0.43,
            "account_receivable_turnover_ratio": null,
            "reinvestment_rate": 226.66,
            "research_to_sale_ratio": null,
            "price_fair": 14.7,
            "eps_avg_yearly": 0.42,
            "eps_latest_yearly": 0.48,
            "eps_growth_yearly": 66.85
        },
        "20041": {
            "year_quarter": 20041,
            "year": 2004,
            "quarter": 1,
            "eps": 0.13,
            "eps_growth_year": 550,
            "eps_4q": 0.34,
            "eps_4q_growth_year": 6,
            "roe": 0.88,
            "roe_4q": 2.28,
            "gross_profit": 31022,
            "gross_margin": 43.29,
            "gross_margin_4q_avg": 33.93,
            "net_income": 4162,
            "revenue": 71660,
            "common_shares": 330506,
            "book_valuer_per_share": 14.38,
            "book_valuer_per_share_4q_avg": 14.3,
            "equity": 475246,
            "current_ratio": 265.04,
            "debt_ratio": 19.9,
            "inventory_turnover_ratio": 0.41,
            "account_receivable_turnover_ratio": null,
            "reinvestment_rate": 221.21,
            "research_to_sale_ratio": null,
            "price_fair": 15.2,
            "eps_avg_yearly": 0.43,
            "eps_latest_yearly": 0.52,
            "eps_growth_yearly": 62.06
        },
        "20042": {
            "year_quarter": 20042,
            "year": 2004,
            "quarter": 2,
            "eps": 0.2,
            "eps_growth_year": null,
            "eps_4q": 0.54,
            "eps_4q_growth_year": 104.94,
            "roe": 1.41,
            "roe_4q": 3.77,
            "gross_profit": 26413,
            "gross_margin": 37.91,
            "gross_margin_4q_avg": 35.67,
            "net_income": 6616,
            "revenue": 69680,
            "common_shares": 330506,
            "book_valuer_per_share": 14.08,
            "book_valuer_per_share_4q_avg": 14.26,
            "equity": 465336,
            "current_ratio": 231.46,
            "debt_ratio": 22.74,
            "inventory_turnover_ratio": 0.41,
            "account_receivable_turnover_ratio": null,
            "reinvestment_rate": 136.71,
            "research_to_sale_ratio": null,
            "price_fair": 16.8,
            "eps_avg_yearly": 0.48,
            "eps_latest_yearly": 0.8,
            "eps_growth_yearly": 81.23
        },
        "20043": {
            "year_quarter": 20043,
            "year": 2004,
            "quarter": 3,
            "eps": 0.05,
            "eps_growth_year": -44.44,
            "eps_4q": 0.53,
            "eps_4q_growth_year": 72.39,
            "roe": 0.33,
            "roe_4q": 3.47,
            "gross_profit": 22059,
            "gross_margin": 31.28,
            "gross_margin_4q_avg": 35.64,
            "net_income": 1553,
            "revenue": 70526,
            "common_shares": 330506,
            "book_valuer_per_share": 14.13,
            "book_valuer_per_share_4q_avg": 14.21,
            "equity": 466889,
            "current_ratio": 282.91,
            "debt_ratio": 17.9,
            "inventory_turnover_ratio": 0.45,
            "account_receivable_turnover_ratio": null,
            "reinvestment_rate": 156.32,
            "research_to_sale_ratio": null,
            "price_fair": 15.71,
            "eps_avg_yearly": 0.45,
            "eps_latest_yearly": 0.2,
            "eps_growth_yearly": 38.87
        },
        "20044": {
            "year_quarter": 20044,
            "year": 2004,
            "quarter": 4,
            "eps": -0.05,
            "eps_growth_year": -141.67,
            "eps_4q": 0.32,
            "eps_4q_growth_year": 46.31,
            "roe": -0.36,
            "roe_4q": 2.26,
            "gross_profit": 20214,
            "gross_margin": 30.3,
            "gross_margin_4q_avg": 35.7,
            "net_income": -1680,
            "revenue": 66704,
            "common_shares": 330506,
            "book_valuer_per_share": 14.14,
            "book_valuer_per_share_4q_avg": 14.18,
            "equity": 467220,
            "current_ratio": 336.13,
            "debt_ratio": 14.48,
            "inventory_turnover_ratio": 0.47,
            "account_receivable_turnover_ratio": null,
            "reinvestment_rate": 151.85,
            "research_to_sale_ratio": null,
            "price_fair": 15.71,
            "eps_avg_yearly": 0.45,
            "eps_latest_yearly": 0.2,
            "eps_growth_yearly": 38.87
        },
        "20051": {
            "year_quarter": 20051,
            "year": 2005,
            "quarter": 1,
            "eps": 0.06,
            "eps_growth_year": -53.85,
            "eps_4q": 0.27,
            "eps_4q_growth_year": -21.23,
            "roe": 0.41,
            "roe_4q": 1.79,
            "gross_profit": 21407,
            "gross_margin": 32.56,
            "gross_margin_4q_avg": 33.01,
            "net_income": 1899,
            "revenue": 65751,
            "common_shares": 330506,
            "book_valuer_per_share": 14.19,
            "book_valuer_per_share_4q_avg": 14.14,
            "equity": 469119,
            "current_ratio": 632.89,
            "debt_ratio": 7.81,
            "inventory_turnover_ratio": 0.47,
            "account_receivable_turnover_ratio": null,
            "reinvestment_rate": 136.63,
            "research_to_sale_ratio": null,
            "price_fair": 15.71,
            "eps_avg_yearly": 0.45,
            "eps_latest_yearly": 0.2,
            "eps_growth_yearly": 38.87
        },
        "20052": {
            "year_quarter": 20052,
            "year": 2005,
            "quarter": 2,
            "eps": 0.14,
            "eps_growth_year": -30,
            "eps_4q": 0.19,
            "eps_4q_growth_year": -63.98,
            "roe": 1,
            "roe_4q": 1.38,
            "gross_profit": 22774,
            "gross_margin": 33.56,
            "gross_margin_4q_avg": 31.93,
            "net_income": 4622,
            "revenue": 67867,
            "common_shares": 330506,
            "book_valuer_per_share": 13.83,
            "book_valuer_per_share_4q_avg": 14.07,
            "equity": 457215,
            "current_ratio": 390.31,
            "debt_ratio": 12.75,
            "inventory_turnover_ratio": 0.46,
            "account_receivable_turnover_ratio": null,
            "reinvestment_rate": 89.26,
            "research_to_sale_ratio": null,
            "price_fair": 16.1,
            "eps_avg_yearly": 0.46,
            "eps_latest_yearly": 0.56,
            "eps_growth_yearly": 88.32
        },
        "20053": {
            "year_quarter": 20053,
            "year": 2005,
            "quarter": 3,
            "eps": 0.34,
            "eps_growth_year": 580,
            "eps_4q": 0.48,
            "eps_4q_growth_year": -7.97,
            "roe": 2.45,
            "roe_4q": 3.5000000000000004,
            "gross_profit": 26456,
            "gross_margin": 39.48,
            "gross_margin_4q_avg": 33.98,
            "net_income": 11356,
            "revenue": 67018,
            "common_shares": 330506,
            "book_valuer_per_share": 14.18,
            "book_valuer_per_share_4q_avg": 14.09,
            "equity": 468571,
            "current_ratio": 629.95,
            "debt_ratio": 8.12,
            "inventory_turnover_ratio": 0.39,
            "account_receivable_turnover_ratio": null,
            "reinvestment_rate": 22.61,
            "research_to_sale_ratio": null,
            "price_fair": 18.96,
            "eps_avg_yearly": 0.54,
            "eps_latest_yearly": 1.36,
            "eps_growth_yearly": 132.24
        },
        "20054": {
            "year_quarter": 20054,
            "year": 2005,
            "quarter": 4,
            "eps": -0.01,
            "eps_growth_year": null,
            "eps_4q": 0.53,
            "eps_4q_growth_year": 65.62,
            "roe": -0.08,
            "roe_4q": 3.7800000000000002,
            "gross_profit": 17663,
            "gross_margin": 27.79,
            "gross_margin_4q_avg": 33.35,
            "net_income": -386,
            "revenue": 63548,
            "common_shares": 330506,
            "book_valuer_per_share": 14.01,
            "book_valuer_per_share_4q_avg": 14.05,
            "equity": 462884,
            "current_ratio": 685.41,
            "debt_ratio": 8.83,
            "inventory_turnover_ratio": 0.41,
            "account_receivable_turnover_ratio": null,
            "reinvestment_rate": -54.72,
            "research_to_sale_ratio": null,
            "price_fair": 18.96,
            "eps_avg_yearly": 0.54,
            "eps_latest_yearly": 1.36,
            "eps_growth_yearly": 132.24
        },
        "20061": {
            "year_quarter": 20061,
            "year": 2006,
            "quarter": 1,
            "eps": 0.08,
            "eps_growth_year": 33.33,
            "eps_4q": 0.55,
            "eps_4q_growth_year": 106.73,
            "roe": 0.57,
            "roe_4q": 3.94,
            "gross_profit": 20849,
            "gross_margin": 28.46,
            "gross_margin_4q_avg": 32.32,
            "net_income": 2666,
            "revenue": 73259,
            "common_shares": 330506,
            "book_valuer_per_share": 14.09,
            "book_valuer_per_share_4q_avg": 14.03,
            "equity": 465550,
            "current_ratio": 569.54,
            "debt_ratio": 10.64,
            "inventory_turnover_ratio": 0.45,
            "account_receivable_turnover_ratio": null,
            "reinvestment_rate": -54.59,
            "research_to_sale_ratio": null,
            "price_fair": 18.62,
            "eps_avg_yearly": 0.53,
            "eps_latest_yearly": 1.36,
            "eps_growth_yearly": 167.68
        },
        "20062": {
            "year_quarter": 20062,
            "year": 2006,
            "quarter": 2,
            "eps": 0.2,
            "eps_growth_year": 42.86,
            "eps_4q": 0.61,
            "eps_4q_growth_year": 216.39,
            "roe": 1.43,
            "roe_4q": 4.37,
            "gross_profit": 25521,
            "gross_margin": 33.36,
            "gross_margin_4q_avg": 32.27,
            "net_income": 6607,
            "revenue": 76494,
            "common_shares": 330506,
            "book_valuer_per_share": 13.79,
            "book_valuer_per_share_4q_avg": 14.02,
            "equity": 455632,
            "current_ratio": 384.28,
            "debt_ratio": 15.16,
            "inventory_turnover_ratio": 0.41,
            "account_receivable_turnover_ratio": null,
            "reinvestment_rate": -51.87,
            "research_to_sale_ratio": null,
            "price_fair": 20.3,
            "eps_avg_yearly": 0.58,
            "eps_latest_yearly": 0.8,
            "eps_growth_yearly": 247.68
        },
        "20063": {
            "year_quarter": 20063,
            "year": 2006,
            "quarter": 3,
            "eps": 0.22,
            "eps_growth_year": -35.29,
            "eps_4q": 0.48,
            "eps_4q_growth_year": -0.17,
            "roe": 1.61,
            "roe_4q": 3.53,
            "gross_profit": 20360,
            "gross_margin": 29.05,
            "gross_margin_4q_avg": 29.67,
            "net_income": 7402,
            "revenue": 70077,
            "common_shares": 330506,
            "book_valuer_per_share": 14.01,
            "book_valuer_per_share_4q_avg": 13.98,
            "equity": 463034,
            "current_ratio": 656.95,
            "debt_ratio": 9.57,
            "inventory_turnover_ratio": 0.38,
            "account_receivable_turnover_ratio": null,
            "reinvestment_rate": -40.12,
            "research_to_sale_ratio": null,
            "price_fair": 22.68,
            "eps_avg_yearly": 0.65,
            "eps_latest_yearly": 0.88,
            "eps_growth_yearly": 266.68
        },
        "20064": {
            "year_quarter": 20064,
            "year": 2006,
            "quarter": 4,
            "eps": 0.06,
            "eps_growth_year": null,
            "eps_4q": 0.57,
            "eps_4q_growth_year": 7.44,
            "roe": 0.42,
            "roe_4q": 4.03,
            "gross_profit": 25638,
            "gross_margin": 36.45,
            "gross_margin_4q_avg": 31.83,
            "net_income": 1964,
            "revenue": 70328,
            "common_shares": 330506,
            "book_valuer_per_share": 14.16,
            "book_valuer_per_share_4q_avg": 14.01,
            "equity": 467870,
            "current_ratio": 585.47,
            "debt_ratio": 10.34,
            "inventory_turnover_ratio": 0.33,
            "account_receivable_turnover_ratio": null,
            "reinvestment_rate": -47.97,
            "research_to_sale_ratio": null,
            "price_fair": 20.72,
            "eps_avg_yearly": 0.59,
            "eps_latest_yearly": 0.24,
            "eps_growth_yearly": 117.59
        },
        "20071": {
            "year_quarter": 20071,
            "year": 2007,
            "quarter": 1,
            "eps": 0.03,
            "eps_growth_year": -62.5,
            "eps_4q": 0.51,
            "eps_4q_growth_year": -6.97,
            "roe": 0.21,
            "roe_4q": 3.67,
            "gross_profit": 19747,
            "gross_margin": 26.8,
            "gross_margin_4q_avg": 31.42,
            "net_income": 999,
            "revenue": 73670,
            "common_shares": 330506,
            "book_valuer_per_share": 14.19,
            "book_valuer_per_share_4q_avg": 14.04,
            "equity": 468869,
            "current_ratio": 542.09,
            "debt_ratio": 11.3,
            "inventory_turnover_ratio": 0.38,
            "account_receivable_turnover_ratio": null,
            "reinvestment_rate": -44.05,
            "research_to_sale_ratio": null,
            "price_fair": 20.86,
            "eps_avg_yearly": 0.6,
            "eps_latest_yearly": 0.12,
            "eps_growth_yearly": 133.59
        },
        "20072": {
            "year_quarter": 20072,
            "year": 2007,
            "quarter": 2,
            "eps": 0.18,
            "eps_growth_year": -10,
            "eps_4q": 0.5,
            "eps_4q_growth_year": -18.81,
            "roe": 1.27,
            "roe_4q": 3.51,
            "gross_profit": 21602,
            "gross_margin": 29.02,
            "gross_margin_4q_avg": 30.33,
            "net_income": 5876,
            "revenue": 74426,
            "common_shares": 330506,
            "book_valuer_per_share": 13.86,
            "book_valuer_per_share_4q_avg": 14.06,
            "equity": 458220,
            "current_ratio": 424.16,
            "debt_ratio": 14.15,
            "inventory_turnover_ratio": 0.36,
            "account_receivable_turnover_ratio": null,
            "reinvestment_rate": -43.77,
            "research_to_sale_ratio": null,
            "price_fair": 21.25,
            "eps_avg_yearly": 0.61,
            "eps_latest_yearly": 0.72,
            "eps_growth_yearly": 303.26
        },
        "20073": {
            "year_quarter": 20073,
            "year": 2007,
            "quarter": 3,
            "eps": 0.04,
            "eps_growth_year": -81.82,
            "eps_4q": 0.32,
            "eps_4q_growth_year": -33.78,
            "roe": 0.27,
            "roe_4q": 2.17,
            "gross_profit": 17838,
            "gross_margin": 25.12,
            "gross_margin_4q_avg": 29.35,
            "net_income": 1260,
            "revenue": 71025,
            "common_shares": 330506,
            "book_valuer_per_share": 13.9,
            "book_valuer_per_share_4q_avg": 14.03,
            "equity": 459480,
            "current_ratio": 507.29,
            "debt_ratio": 12.3,
            "inventory_turnover_ratio": 0.35,
            "account_receivable_turnover_ratio": null,
            "reinvestment_rate": -57.1,
            "research_to_sale_ratio": null,
            "price_fair": 19.95,
            "eps_avg_yearly": 0.57,
            "eps_latest_yearly": 0.16,
            "eps_growth_yearly": 252.07
        },
        "20074": {
            "year_quarter": 20074,
            "year": 2007,
            "quarter": 4,
            "eps": -0.04,
            "eps_growth_year": -166.67,
            "eps_4q": 0.2,
            "eps_4q_growth_year": -64.88,
            "roe": -0.31,
            "roe_4q": 1.44,
            "gross_profit": 12914,
            "gross_margin": 21.02,
            "gross_margin_4q_avg": 25.49,
            "net_income": -1409,
            "revenue": 61429,
            "common_shares": 330506,
            "book_valuer_per_share": 13.83,
            "book_valuer_per_share_4q_avg": 13.95,
            "equity": 457184,
            "current_ratio": 445.31,
            "debt_ratio": 14.2,
            "inventory_turnover_ratio": 0.32,
            "account_receivable_turnover_ratio": null,
            "reinvestment_rate": -106.91,
            "research_to_sale_ratio": null,
            "price_fair": 20.24,
            "eps_avg_yearly": 0.58,
            "eps_latest_yearly": 0.16,
            "eps_growth_yearly": 262.86
        },
        "20081": {
            "year_quarter": 20081,
            "year": 2008,
            "quarter": 1,
            "eps": -0.18,
            "eps_growth_year": -700,
            "eps_4q": -0.01,
            "eps_4q_growth_year": -101.35,
            "roe": -1.31,
            "roe_4q": -0.08000000000000007,
            "gross_profit": 11878,
            "gross_margin": 17.08,
            "gross_margin_4q_avg": 23.06,
            "net_income": -5955,
            "revenue": 69542,
            "common_shares": 330506,
            "book_valuer_per_share": 13.65,
            "book_valuer_per_share_4q_avg": 13.81,
            "equity": 451229,
            "current_ratio": 592.68,
            "debt_ratio": 11.24,
            "inventory_turnover_ratio": 0.38,
            "account_receivable_turnover_ratio": null,
            "reinvestment_rate": -130.23,
            "research_to_sale_ratio": null,
            "price_fair": 20.44,
            "eps_avg_yearly": 0.58,
            "eps_latest_yearly": 0.16,
            "eps_growth_yearly": 285.81
        },
        "20082": {
            "year_quarter": 20082,
            "year": 2008,
            "quarter": 2,
            "eps": -0.2,
            "eps_growth_year": -211.11,
            "eps_4q": -0.39,
            "eps_4q_growth_year": -177.99,
            "roe": -1.53,
            "roe_4q": -2.88,
            "gross_profit": 12881,
            "gross_margin": 18.06,
            "gross_margin_4q_avg": 20.32,
            "net_income": -6720,
            "revenue": 71329,
            "common_shares": 330506,
            "book_valuer_per_share": 12.95,
            "book_valuer_per_share_4q_avg": 13.58,
            "equity": 427984,
            "current_ratio": 455.59,
            "debt_ratio": 13.8,
            "inventory_turnover_ratio": 0.41,
            "account_receivable_turnover_ratio": null,
            "reinvestment_rate": -158.58,
            "research_to_sale_ratio": null,
            "price_fair": 19.6,
            "eps_avg_yearly": 0.56,
            "eps_latest_yearly": 0.16,
            "eps_growth_yearly": 293.64
        },
        "20083": {
            "year_quarter": 20083,
            "year": 2008,
            "quarter": 3,
            "eps": -0.24,
            "eps_growth_year": -700,
            "eps_4q": -0.66,
            "eps_4q_growth_year": -307.18,
            "roe": -1.86,
            "roe_4q": -5.01,
            "gross_profit": 7945,
            "gross_margin": 12.46,
            "gross_margin_4q_avg": 17.16,
            "net_income": -7869,
            "revenue": 63749,
            "common_shares": 330506,
            "book_valuer_per_share": 12.71,
            "book_valuer_per_share_4q_avg": 13.29,
            "equity": 420115,
            "current_ratio": 325.78,
            "debt_ratio": 16.8,
            "inventory_turnover_ratio": 0.42,
            "account_receivable_turnover_ratio": null,
            "reinvestment_rate": -110.78,
            "research_to_sale_ratio": null,
            "price_fair": 21.18,
            "eps_avg_yearly": 0.61,
            "eps_latest_yearly": 0.16,
            "eps_growth_yearly": 367.84
        },
        "20084": {
            "year_quarter": 20084,
            "year": 2008,
            "quarter": 4,
            "eps": 0.14,
            "eps_growth_year": null,
            "eps_4q": -0.46,
            "eps_4q_growth_year": -331.61,
            "roe": 1.13,
            "roe_4q": -3.5700000000000003,
            "gross_profit": 25878,
            "gross_margin": 35.1,
            "gross_margin_4q_avg": 20.68,
            "net_income": 4768,
            "revenue": 73725,
            "common_shares": 330506,
            "book_valuer_per_share": 12.85,
            "book_valuer_per_share_4q_avg": 13.04,
            "equity": 424722,
            "current_ratio": 293.99,
            "debt_ratio": 18.03,
            "inventory_turnover_ratio": 0.38,
            "account_receivable_turnover_ratio": 2.07,
            "reinvestment_rate": -33.35,
            "research_to_sale_ratio": null,
            "price_fair": 21.18,
            "eps_avg_yearly": 0.61,
            "eps_latest_yearly": 0.16,
            "eps_growth_yearly": 367.84
        },
        "20091": {
            "year_quarter": 20091,
            "year": 2009,
            "quarter": 1,
            "eps": 0.57,
            "eps_growth_year": null,
            "eps_4q": 0.28,
            "eps_4q_growth_year": null,
            "roe": 4.37,
            "roe_4q": 2.1099999999999994,
            "gross_profit": 45947,
            "gross_margin": 42.52,
            "gross_margin_4q_avg": 27.04,
            "net_income": 18986,
            "revenue": 108057,
            "common_shares": 330506,
            "book_valuer_per_share": 13.44,
            "book_valuer_per_share_4q_avg": 12.99,
            "equity": 444316,
            "current_ratio": 278.71,
            "debt_ratio": 18.72,
            "inventory_turnover_ratio": 0.57,
            "account_receivable_turnover_ratio": 1.36,
            "reinvestment_rate": 27.42,
            "research_to_sale_ratio": null,
            "price_fair": 27.69,
            "eps_avg_yearly": 0.79,
            "eps_latest_yearly": 2.28,
            "eps_growth_yearly": 463.48
        },
        "20092": {
            "year_quarter": 20092,
            "year": 2009,
            "quarter": 2,
            "eps": 0.64,
            "eps_growth_year": null,
            "eps_4q": 1.12,
            "eps_4q_growth_year": null,
            "roe": 4.75,
            "roe_4q": 8.39,
            "gross_profit": 52671,
            "gross_margin": 49,
            "gross_margin_4q_avg": 34.77,
            "net_income": 21208,
            "revenue": 107488,
            "common_shares": 330506,
            "book_valuer_per_share": 13.57,
            "book_valuer_per_share_4q_avg": 13.14,
            "equity": 448397,
            "current_ratio": 294.88,
            "debt_ratio": 18.73,
            "inventory_turnover_ratio": 0.58,
            "account_receivable_turnover_ratio": 1.26,
            "reinvestment_rate": 14.84,
            "research_to_sale_ratio": null,
            "price_fair": 35.47,
            "eps_avg_yearly": 1.01,
            "eps_latest_yearly": 2.56,
            "eps_growth_yearly": 409.68
        },
        "20093": {
            "year_quarter": 20093,
            "year": 2009,
            "quarter": 3,
            "eps": 0.53,
            "eps_growth_year": null,
            "eps_4q": 1.9,
            "eps_4q_growth_year": null,
            "roe": 3.8,
            "roe_4q": 14.05,
            "gross_profit": 43659,
            "gross_margin": 45.94,
            "gross_margin_4q_avg": 43.14,
            "net_income": 17353,
            "revenue": 95037,
            "common_shares": 330506,
            "book_valuer_per_share": 14.08,
            "book_valuer_per_share_4q_avg": 13.49,
            "equity": 465399,
            "current_ratio": 403.69,
            "debt_ratio": 14.46,
            "inventory_turnover_ratio": 0.56,
            "account_receivable_turnover_ratio": 1.12,
            "reinvestment_rate": 7.84,
            "research_to_sale_ratio": null,
            "price_fair": 38.42,
            "eps_avg_yearly": 1.1,
            "eps_latest_yearly": 2.12,
            "eps_growth_yearly": 338.55
        },
        "20094": {
            "year_quarter": 20094,
            "year": 2009,
            "quarter": 4,
            "eps": 0.52,
            "eps_growth_year": 271.43,
            "eps_4q": 2.27,
            "eps_4q_growth_year": null,
            "roe": 3.65,
            "roe_4q": 16.57,
            "gross_profit": 50038,
            "gross_margin": 40.95,
            "gross_margin_4q_avg": 44.6,
            "net_income": 17322,
            "revenue": 122187,
            "common_shares": 330506,
            "book_valuer_per_share": 14.6,
            "book_valuer_per_share_4q_avg": 13.92,
            "equity": 482522,
            "current_ratio": 296.18,
            "debt_ratio": 18.7,
            "inventory_turnover_ratio": 0.84,
            "account_receivable_turnover_ratio": 2.2,
            "reinvestment_rate": 105.56,
            "research_to_sale_ratio": null,
            "price_fair": 41.86,
            "eps_avg_yearly": 1.2,
            "eps_latest_yearly": 2.08,
            "eps_growth_yearly": 303.94
        },
        "20101": {
            "year_quarter": 20101,
            "year": 2010,
            "quarter": 1,
            "eps": 0.59,
            "eps_growth_year": 3.51,
            "eps_4q": 2.28,
            "eps_4q_growth_year": 728.66,
            "roe": 3.96,
            "roe_4q": 16.16,
            "gross_profit": 41637,
            "gross_margin": 42.39,
            "gross_margin_4q_avg": 44.57,
            "net_income": 19475,
            "revenue": 98220,
            "common_shares": 330506,
            "book_valuer_per_share": 15.18,
            "book_valuer_per_share_4q_avg": 14.36,
            "equity": 501870,
            "current_ratio": 390.5,
            "debt_ratio": 14.63,
            "inventory_turnover_ratio": 0.67,
            "account_receivable_turnover_ratio": 1.04,
            "reinvestment_rate": 97.3,
            "research_to_sale_ratio": 7.8,
            "price_fair": 45.56,
            "eps_avg_yearly": 1.3,
            "eps_latest_yearly": 2.36,
            "eps_growth_yearly": 281.2
        },
        "20102": {
            "year_quarter": 20102,
            "year": 2010,
            "quarter": 2,
            "eps": 0.58,
            "eps_growth_year": -9.62,
            "eps_4q": 2.07,
            "eps_4q_growth_year": 84.74,
            "roe": 4.24,
            "roe_4q": 15.649999999999999,
            "gross_profit": 55898,
            "gross_margin": 42.98,
            "gross_margin_4q_avg": 43.07,
            "net_income": 21030,
            "revenue": 130056,
            "common_shares": 330506,
            "book_valuer_per_share": 14.83,
            "book_valuer_per_share_4q_avg": 14.67,
            "equity": 490082,
            "current_ratio": 277.57,
            "debt_ratio": 19.41,
            "inventory_turnover_ratio": 0.92,
            "account_receivable_turnover_ratio": 1.4,
            "reinvestment_rate": 93.33,
            "research_to_sale_ratio": 10.1,
            "price_fair": 50.4,
            "eps_avg_yearly": 1.44,
            "eps_latest_yearly": 2.32,
            "eps_growth_yearly": 226.04
        },
        "20103": {
            "year_quarter": 20103,
            "year": 2010,
            "quarter": 3,
            "eps": 1.43,
            "eps_growth_year": 169.42,
            "eps_4q": 3.02,
            "eps_4q_growth_year": 58.6,
            "roe": 10.07,
            "roe_4q": 21.919999999999998,
            "gross_profit": 82075,
            "gross_margin": 51,
            "gross_margin_4q_avg": 44.33,
            "net_income": 51914,
            "revenue": 160932,
            "common_shares": 363557,
            "book_valuer_per_share": 14.89,
            "book_valuer_per_share_4q_avg": 14.88,
            "equity": 541405,
            "current_ratio": 421.35,
            "debt_ratio": 13.82,
            "inventory_turnover_ratio": 1.21,
            "account_receivable_turnover_ratio": 1.38,
            "reinvestment_rate": 72.09,
            "research_to_sale_ratio": 5.66,
            "price_fair": 65.8,
            "eps_avg_yearly": 1.88,
            "eps_latest_yearly": 5.72,
            "eps_growth_yearly": 275.7
        },
        "20104": {
            "year_quarter": 20104,
            "year": 2010,
            "quarter": 4,
            "eps": 0.3,
            "eps_growth_year": -42.07,
            "eps_4q": 2.47,
            "eps_4q_growth_year": 9.16,
            "roe": 2.22,
            "roe_4q": 20.490000000000002,
            "gross_profit": 55038,
            "gross_margin": 39.54,
            "gross_margin_4q_avg": 43.98,
            "net_income": 12822,
            "revenue": 139207,
            "common_shares": 363557,
            "book_valuer_per_share": 16.81,
            "book_valuer_per_share_4q_avg": 15.43,
            "equity": 612824,
            "current_ratio": 401.71,
            "debt_ratio": 16.29,
            "inventory_turnover_ratio": 1.36,
            "account_receivable_turnover_ratio": 1.16,
            "reinvestment_rate": 82.06,
            "research_to_sale_ratio": 6.81,
            "price_fair": 68.85,
            "eps_avg_yearly": 1.97,
            "eps_latest_yearly": 1.2,
            "eps_growth_yearly": 273.41
        },
        "20111": {
            "year_quarter": 20111,
            "year": 2011,
            "quarter": 1,
            "eps": 0.33,
            "eps_growth_year": -44.07,
            "eps_4q": 2.46,
            "eps_4q_growth_year": 7.84,
            "roe": 1.92,
            "roe_4q": 18.450000000000003,
            "gross_profit": 35586,
            "gross_margin": 34.91,
            "gross_margin_4q_avg": 42.11,
            "net_income": 13463,
            "revenue": 101923,
            "common_shares": 403557,
            "book_valuer_per_share": 19.63,
            "book_valuer_per_share_4q_avg": 16.54,
            "equity": 792375,
            "current_ratio": 897.78,
            "debt_ratio": 9.28,
            "inventory_turnover_ratio": 0.89,
            "account_receivable_turnover_ratio": 1.04,
            "reinvestment_rate": 91.61,
            "research_to_sale_ratio": 5.42,
            "price_fair": 72.67,
            "eps_avg_yearly": 2.08,
            "eps_latest_yearly": 1.32,
            "eps_growth_yearly": 295.23
        },
        "20112": {
            "year_quarter": 20112,
            "year": 2011,
            "quarter": 2,
            "eps": 0.89,
            "eps_growth_year": 53.82,
            "eps_4q": 2.74,
            "eps_4q_growth_year": 32.27,
            "roe": 4.83,
            "roe_4q": 19.04,
            "gross_profit": 64694,
            "gross_margin": 47.73,
            "gross_margin_4q_avg": 43.3,
            "net_income": 37704,
            "revenue": 135551,
            "common_shares": 403557,
            "book_valuer_per_share": 19.06,
            "book_valuer_per_share_4q_avg": 17.6,
            "equity": 769104,
            "current_ratio": 351.98,
            "debt_ratio": 19.33,
            "inventory_turnover_ratio": 0.78,
            "account_receivable_turnover_ratio": 1.27,
            "reinvestment_rate": 87.4,
            "research_to_sale_ratio": 2.66,
            "price_fair": 81.71,
            "eps_avg_yearly": 2.33,
            "eps_latest_yearly": 3.56,
            "eps_growth_yearly": 175.11
        },
        "20113": {
            "year_quarter": 20113,
            "year": 2011,
            "quarter": 3,
            "eps": 0.48,
            "eps_growth_year": -66.31,
            "eps_4q": 1.99,
            "eps_4q_growth_year": -34.04,
            "roe": 2.61,
            "roe_4q": 11.58,
            "gross_profit": 36397,
            "gross_margin": 30.65,
            "gross_margin_4q_avg": 38.21,
            "net_income": 20382,
            "revenue": 118768,
            "common_shares": 423735,
            "book_valuer_per_share": 18.66,
            "book_valuer_per_share_4q_avg": 18.54,
            "equity": 790678,
            "current_ratio": 374.32,
            "debt_ratio": 16.13,
            "inventory_turnover_ratio": 0.8,
            "account_receivable_turnover_ratio": 0.85,
            "reinvestment_rate": 114.84,
            "research_to_sale_ratio": 5.8,
            "price_fair": 87.31,
            "eps_avg_yearly": 2.49,
            "eps_latest_yearly": 1.92,
            "eps_growth_yearly": 186.65
        },
        "20114": {
            "year_quarter": 20114,
            "year": 2011,
            "quarter": 4,
            "eps": 0.24,
            "eps_growth_year": -19.31,
            "eps_4q": 1.93,
            "eps_4q_growth_year": -21.88,
            "roe": 1.29,
            "roe_4q": 10.65,
            "gross_profit": 36096,
            "gross_margin": 37.91,
            "gross_margin_4q_avg": 37.8,
            "net_income": 10300,
            "revenue": 95224,
            "common_shares": 423735,
            "book_valuer_per_share": 19.01,
            "book_valuer_per_share_4q_avg": 19.09,
            "equity": 805640,
            "current_ratio": 394.67,
            "debt_ratio": 14.67,
            "inventory_turnover_ratio": 0.54,
            "account_receivable_turnover_ratio": 0.68,
            "reinvestment_rate": 115.93,
            "research_to_sale_ratio": 10.18,
            "price_fair": 82.83,
            "eps_avg_yearly": 2.37,
            "eps_latest_yearly": 0.96,
            "eps_growth_yearly": 154.43
        },
        "20121": {
            "year_quarter": 20121,
            "year": 2012,
            "quarter": 1,
            "eps": 0.08,
            "eps_growth_year": -75.76,
            "eps_4q": 1.69,
            "eps_4q_growth_year": -31.08,
            "roe": 0.42,
            "roe_4q": 9.15,
            "gross_profit": 23947,
            "gross_margin": 18.6,
            "gross_margin_4q_avg": 33.72,
            "net_income": 3420,
            "revenue": 128733,
            "common_shares": 423735,
            "book_valuer_per_share": 19.08,
            "book_valuer_per_share_4q_avg": 18.95,
            "equity": 808638,
            "current_ratio": 423.32,
            "debt_ratio": 12.16,
            "inventory_turnover_ratio": 1.07,
            "account_receivable_turnover_ratio": 1.06,
            "reinvestment_rate": 125.5,
            "research_to_sale_ratio": 7.16,
            "price_fair": 77.32,
            "eps_avg_yearly": 2.21,
            "eps_latest_yearly": 0.32,
            "eps_growth_yearly": 122.03
        },
        "20122": {
            "year_quarter": 20122,
            "year": 2012,
            "quarter": 2,
            "eps": 0.2,
            "eps_growth_year": -77.28,
            "eps_4q": 1.01,
            "eps_4q_growth_year": -63.19,
            "roe": 1.11,
            "roe_4q": 5.43,
            "gross_profit": 38804,
            "gross_margin": 31,
            "gross_margin_4q_avg": 29.54,
            "net_income": 8566,
            "revenue": 125189,
            "common_shares": 423735,
            "book_valuer_per_share": 17.49,
            "book_valuer_per_share_4q_avg": 18.56,
            "equity": 741136,
            "current_ratio": 240.78,
            "debt_ratio": 19.5,
            "inventory_turnover_ratio": 1.04,
            "account_receivable_turnover_ratio": 1.09,
            "reinvestment_rate": 122.74,
            "research_to_sale_ratio": 10.78,
            "price_fair": 73.8,
            "eps_avg_yearly": 2.11,
            "eps_latest_yearly": 0.8,
            "eps_growth_yearly": 156.17
        },
        "20123": {
            "year_quarter": 20123,
            "year": 2012,
            "quarter": 3,
            "eps": -0.08,
            "eps_growth_year": -116.81,
            "eps_4q": 0.45,
            "eps_4q_growth_year": -77.65,
            "roe": -0.46,
            "roe_4q": 2.3600000000000003,
            "gross_profit": 24548,
            "gross_margin": 24.75,
            "gross_margin_4q_avg": 28.07,
            "net_income": -3426,
            "revenue": 99171,
            "common_shares": 423735,
            "book_valuer_per_share": 17.4,
            "book_valuer_per_share_4q_avg": 18.25,
            "equity": 737390,
            "current_ratio": 285.84,
            "debt_ratio": 16.08,
            "inventory_turnover_ratio": 0.83,
            "account_receivable_turnover_ratio": 0.94,
            "reinvestment_rate": 110.92,
            "research_to_sale_ratio": 8.94,
            "price_fair": 73.8,
            "eps_avg_yearly": 2.11,
            "eps_latest_yearly": 0.8,
            "eps_growth_yearly": 156.17
        },
        "20124": {
            "year_quarter": 20124,
            "year": 2012,
            "quarter": 4,
            "eps": -0.12,
            "eps_growth_year": -149.21,
            "eps_4q": 0.08,
            "eps_4q_growth_year": -95.73,
            "roe": -0.69,
            "roe_4q": 0.38000000000000017,
            "gross_profit": 18804,
            "gross_margin": 23.96,
            "gross_margin_4q_avg": 24.58,
            "net_income": -5069,
            "revenue": 78476,
            "common_shares": 423735,
            "book_valuer_per_share": 17.29,
            "book_valuer_per_share_4q_avg": 17.82,
            "equity": 732607,
            "current_ratio": 494.06,
            "debt_ratio": 9.2,
            "inventory_turnover_ratio": 0.59,
            "account_receivable_turnover_ratio": 0.91,
            "reinvestment_rate": 109.44,
            "research_to_sale_ratio": 17.81,
            "price_fair": 73.8,
            "eps_avg_yearly": 2.11,
            "eps_latest_yearly": 0.8,
            "eps_growth_yearly": 156.17
        },
        "20131": {
            "year_quarter": 20131,
            "year": 2013,
            "quarter": 1,
            "eps": -0.11,
            "eps_growth_year": -237.5,
            "eps_4q": -0.11,
            "eps_4q_growth_year": -106.54,
            "roe": -0.66,
            "roe_4q": -0.7,
            "gross_profit": 14606,
            "gross_margin": 17.94,
            "gross_margin_4q_avg": 24.41,
            "net_income": -4770,
            "revenue": 81419,
            "common_shares": 423735,
            "book_valuer_per_share": 16.85,
            "book_valuer_per_share_4q_avg": 17.26,
            "equity": 714169,
            "current_ratio": 632.57,
            "debt_ratio": 9.06,
            "inventory_turnover_ratio": 0.63,
            "account_receivable_turnover_ratio": 0.94,
            "reinvestment_rate": 113.77,
            "research_to_sale_ratio": 11.4,
            "price_fair": 73.34,
            "eps_avg_yearly": 2.1,
            "eps_latest_yearly": 0.8,
            "eps_growth_yearly": 73.68
        },
        "20132": {
            "year_quarter": 20132,
            "year": 2013,
            "quarter": 2,
            "eps": -0.13,
            "eps_growth_year": -164.31,
            "eps_4q": -0.45,
            "eps_4q_growth_year": -144.48,
            "roe": -0.81,
            "roe_4q": -2.62,
            "gross_profit": 11024,
            "gross_margin": 15.1,
            "gross_margin_4q_avg": 20.44,
            "net_income": -5713,
            "revenue": 73004,
            "common_shares": 423735,
            "book_valuer_per_share": 16.42,
            "book_valuer_per_share_4q_avg": 16.99,
            "equity": 695745,
            "current_ratio": 440.27,
            "debt_ratio": 11.57,
            "inventory_turnover_ratio": 0.59,
            "account_receivable_turnover_ratio": 0.92,
            "reinvestment_rate": 127.64,
            "research_to_sale_ratio": 8.4,
            "price_fair": 71.98,
            "eps_avg_yearly": 2.06,
            "eps_latest_yearly": 0.8,
            "eps_growth_yearly": 75.73
        },
        "20133": {
            "year_quarter": 20133,
            "year": 2013,
            "quarter": 3,
            "eps": -1.03,
            "eps_growth_year": null,
            "eps_4q": -1.39,
            "eps_4q_growth_year": -413.18,
            "roe": -6.46,
            "roe_4q": -8.62,
            "gross_profit": -23023,
            "gross_margin": -35.63,
            "gross_margin_4q_avg": 5.34,
            "net_income": -43514,
            "revenue": 64614,
            "common_shares": 423735,
            "book_valuer_per_share": 15.39,
            "book_valuer_per_share_4q_avg": 16.49,
            "equity": 652231,
            "current_ratio": 472.58,
            "debt_ratio": 10.52,
            "inventory_turnover_ratio": 0.9,
            "account_receivable_turnover_ratio": 1.01,
            "reinvestment_rate": 169.3,
            "research_to_sale_ratio": 11.16,
            "price_fair": 71.78,
            "eps_avg_yearly": 2.05,
            "eps_latest_yearly": 0.8,
            "eps_growth_yearly": 88.86
        },
        "20134": {
            "year_quarter": 20134,
            "year": 2013,
            "quarter": 4,
            "eps": -0.3,
            "eps_growth_year": null,
            "eps_4q": -1.58,
            "eps_4q_growth_year": -2014.93,
            "roe": -1.99,
            "roe_4q": -9.92,
            "gross_profit": 12030,
            "gross_margin": 14.79,
            "gross_margin_4q_avg": 3.05,
            "net_income": -12853,
            "revenue": 81339,
            "common_shares": 423735,
            "book_valuer_per_share": 15.05,
            "book_valuer_per_share_4q_avg": 15.93,
            "equity": 637567,
            "current_ratio": 490.03,
            "debt_ratio": 10.78,
            "inventory_turnover_ratio": 0.79,
            "account_receivable_turnover_ratio": 1.24,
            "reinvestment_rate": 135.63,
            "research_to_sale_ratio": 10.89,
            "price_fair": 71.68,
            "eps_avg_yearly": 2.05,
            "eps_latest_yearly": 0.8,
            "eps_growth_yearly": 98.5
        },
        "20141": {
            "year_quarter": 20141,
            "year": 2014,
            "quarter": 1,
            "eps": -0.58,
            "eps_growth_year": null,
            "eps_4q": -2.04,
            "eps_4q_growth_year": null,
            "roe": -3.91,
            "roe_4q": -13.17,
            "gross_profit": -8430,
            "gross_margin": -14.21,
            "gross_margin_4q_avg": -4.99,
            "net_income": -24454,
            "revenue": 59324,
            "common_shares": 423735,
            "book_valuer_per_share": 14.47,
            "book_valuer_per_share_4q_avg": 15.33,
            "equity": 613113,
            "current_ratio": 611.27,
            "debt_ratio": 9.36,
            "inventory_turnover_ratio": 0.8,
            "account_receivable_turnover_ratio": 0.95,
            "reinvestment_rate": 185.65,
            "research_to_sale_ratio": 9.63,
            "price_fair": 70.47,
            "eps_avg_yearly": 2.01,
            "eps_latest_yearly": 0.8,
            "eps_growth_yearly": 103.47
        },
        "20142": {
            "year_quarter": 20142,
            "year": 2014,
            "quarter": 2,
            "eps": -0.51,
            "eps_growth_year": null,
            "eps_4q": -2.42,
            "eps_4q_growth_year": null,
            "roe": -3.59,
            "roe_4q": -15.95,
            "gross_profit": -1638,
            "gross_margin": -2.26,
            "gross_margin_4q_avg": -9.33,
            "net_income": -21629,
            "revenue": 72508,
            "common_shares": 423735,
            "book_valuer_per_share": 13.96,
            "book_valuer_per_share_4q_avg": 14.72,
            "equity": 591484,
            "current_ratio": 365.87,
            "debt_ratio": 12.85,
            "inventory_turnover_ratio": 0.87,
            "account_receivable_turnover_ratio": 1.24,
            "reinvestment_rate": 346.23,
            "research_to_sale_ratio": 8.55,
            "price_fair": 69.13,
            "eps_avg_yearly": 1.98,
            "eps_latest_yearly": 0.8,
            "eps_growth_yearly": 117.25
        },
        "20143": {
            "year_quarter": 20143,
            "year": 2014,
            "quarter": 3,
            "eps": -0.15,
            "eps_growth_year": null,
            "eps_4q": -1.54,
            "eps_4q_growth_year": null,
            "roe": -1.06,
            "roe_4q": -10.55,
            "gross_profit": 11065,
            "gross_margin": 15.47,
            "gross_margin_4q_avg": 3.45,
            "net_income": -6233,
            "revenue": 71514,
            "common_shares": 423735,
            "book_valuer_per_share": 13.81,
            "book_valuer_per_share_4q_avg": 14.32,
            "equity": 585251,
            "current_ratio": 338.59,
            "debt_ratio": 14,
            "inventory_turnover_ratio": 0.62,
            "account_receivable_turnover_ratio": 1.2,
            "reinvestment_rate": null,
            "research_to_sale_ratio": 9.09,
            "price_fair": 50.4,
            "eps_avg_yearly": 1.44,
            "eps_latest_yearly": 0.8,
            "eps_growth_yearly": 50.25
        },
        "20144": {
            "year_quarter": 20144,
            "year": 2014,
            "quarter": 4,
            "eps": -0.33,
            "eps_growth_year": null,
            "eps_4q": -1.57,
            "eps_4q_growth_year": null,
            "roe": -2.45,
            "roe_4q": -11.01,
            "gross_profit": 2580,
            "gross_margin": 3.48,
            "gross_margin_4q_avg": 0.62,
            "net_income": -14135,
            "revenue": 74137,
            "common_shares": 423735,
            "book_valuer_per_share": 13.45,
            "book_valuer_per_share_4q_avg": 13.92,
            "equity": 570030,
            "current_ratio": 340.42,
            "debt_ratio": 14.14,
            "inventory_turnover_ratio": 0.71,
            "account_receivable_turnover_ratio": 1.3,
            "reinvestment_rate": null,
            "research_to_sale_ratio": 8.28,
            "price_fair": 51.8,
            "eps_avg_yearly": 1.48,
            "eps_latest_yearly": 0.8,
            "eps_growth_yearly": 111.31
        },
        "20151": {
            "year_quarter": 20151,
            "year": 2015,
            "quarter": 1,
            "eps": -0.47,
            "eps_growth_year": null,
            "eps_4q": -1.46,
            "eps_4q_growth_year": null,
            "roe": -3.54,
            "roe_4q": -10.64,
            "gross_profit": 1209,
            "gross_margin": 1.81,
            "gross_margin_4q_avg": 4.63,
            "net_income": -19837,
            "revenue": 66630,
            "common_shares": 423735,
            "book_valuer_per_share": 12.98,
            "book_valuer_per_share_4q_avg": 13.55,
            "equity": 550193,
            "current_ratio": 291.88,
            "debt_ratio": 15.95,
            "inventory_turnover_ratio": 0.7,
            "account_receivable_turnover_ratio": 1.17,
            "reinvestment_rate": null,
            "research_to_sale_ratio": 9.84,
            "price_fair": 52.92,
            "eps_avg_yearly": 1.51,
            "eps_latest_yearly": 0.8,
            "eps_growth_yearly": 125.57
        },
        "20152": {
            "year_quarter": 20152,
            "year": 2015,
            "quarter": 2,
            "eps": -0.23,
            "eps_growth_year": null,
            "eps_4q": -1.18,
            "eps_4q_growth_year": null,
            "roe": -1.79,
            "roe_4q": -8.84,
            "gross_profit": 13383,
            "gross_margin": 15.51,
            "gross_margin_4q_avg": 9.07,
            "net_income": -9627,
            "revenue": 86299,
            "common_shares": 423735,
            "book_valuer_per_share": 12.46,
            "book_valuer_per_share_4q_avg": 13.18,
            "equity": 527854,
            "current_ratio": 231.3,
            "debt_ratio": 18.95,
            "inventory_turnover_ratio": 0.81,
            "account_receivable_turnover_ratio": 1.2,
            "reinvestment_rate": null,
            "research_to_sale_ratio": 9.39,
            "price_fair": 3,
            "eps_avg_yearly": 1,
            "eps_latest_yearly": 0.8,
            "eps_growth_yearly": -12.73
        },
        "20153": {
            "year_quarter": 20153,
            "year": 2015,
            "quarter": 3,
            "eps": 0.13,
            "eps_growth_year": null,
            "eps_4q": -0.9,
            "eps_4q_growth_year": null,
            "roe": 1.04,
            "roe_4q": -6.74,
            "gross_profit": 19915,
            "gross_margin": 25.04,
            "gross_margin_4q_avg": 11.46,
            "net_income": 5534,
            "revenue": 79546,
            "common_shares": 423735,
            "book_valuer_per_share": 12.59,
            "book_valuer_per_share_4q_avg": 12.87,
            "equity": 533388,
            "current_ratio": 251.74,
            "debt_ratio": 18.52,
            "inventory_turnover_ratio": 0.64,
            "account_receivable_turnover_ratio": 0.89,
            "reinvestment_rate": null,
            "research_to_sale_ratio": 9.19,
            "price_fair": 24.27,
            "eps_avg_yearly": 0.69,
            "eps_latest_yearly": 0.8,
            "eps_growth_yearly": 44.44
        },
        "20154": {
            "year_quarter": 20154,
            "year": 2015,
            "quarter": 4,
            "eps": -0.09,
            "eps_growth_year": null,
            "eps_4q": -0.65,
            "eps_4q_growth_year": null,
            "roe": -0.71,
            "roe_4q": -5,
            "gross_profit": 16490,
            "gross_margin": 19.38,
            "gross_margin_4q_avg": 15.44,
            "net_income": -3717,
            "revenue": 85094,
            "common_shares": 423735,
            "book_valuer_per_share": 12.28,
            "book_valuer_per_share_4q_avg": 12.58,
            "equity": 520396,
            "current_ratio": 264.62,
            "debt_ratio": 19.51,
            "inventory_turnover_ratio": 0.7,
            "account_receivable_turnover_ratio": 0.97,
            "reinvestment_rate": null,
            "research_to_sale_ratio": 7.65,
            "price_fair": 19.6,
            "eps_avg_yearly": 0.56,
            "eps_latest_yearly": 0.8,
            "eps_growth_yearly": 166.67
        },
        "20161": {
            "year_quarter": 20161,
            "year": 2016,
            "quarter": 1,
            "eps": -0.3,
            "eps_growth_year": null,
            "eps_4q": -0.48,
            "eps_4q_growth_year": null,
            "roe": -2.47,
            "roe_4q": -3.93,
            "gross_profit": 5341,
            "gross_margin": 8.78,
            "gross_margin_4q_avg": 17.18,
            "net_income": -12681,
            "revenue": 60857,
            "common_shares": 423735,
            "book_valuer_per_share": 11.98,
            "book_valuer_per_share_4q_avg": 12.33,
            "equity": 507715,
            "current_ratio": 258.95,
            "debt_ratio": 17.3,
            "inventory_turnover_ratio": 0.54,
            "account_receivable_turnover_ratio": 0.87,
            "reinvestment_rate": null,
            "research_to_sale_ratio": 9.18,
            "price_fair": 28,
            "eps_avg_yearly": 0.8,
            "eps_latest_yearly": 0.8,
            "eps_growth_yearly": 600
        },
        "20162": {
            "year_quarter": 20162,
            "year": 2016,
            "quarter": 2,
            "eps": -0.41,
            "eps_growth_year": null,
            "eps_4q": -0.67,
            "eps_4q_growth_year": null,
            "roe": -3.51,
            "roe_4q": -5.65,
            "gross_profit": 2240,
            "gross_margin": 2.77,
            "gross_margin_4q_avg": 13.99,
            "net_income": -17531,
            "revenue": 80839,
            "common_shares": 423735,
            "book_valuer_per_share": 11.57,
            "book_valuer_per_share_4q_avg": 12.11,
            "equity": 490184,
            "current_ratio": 246.58,
            "debt_ratio": 18.09,
            "inventory_turnover_ratio": 0.78,
            "account_receivable_turnover_ratio": 1.34,
            "reinvestment_rate": null,
            "research_to_sale_ratio": 7.48,
            "price_fair": 0,
            "eps_avg_yearly": 0,
            "eps_latest_yearly": 0,
            "eps_growth_yearly": 0
        },
        "20163": {
            "year_quarter": 20163,
            "year": 2016,
            "quarter": 3,
            "eps": -0.68,
            "eps_growth_year": -623.08,
            "eps_4q": -1.48,
            "eps_4q_growth_year": null,
            "roe": -6.07,
            "roe_4q": -12.760000000000002,
            "gross_profit": -8669,
            "gross_margin": -14.81,
            "gross_margin_4q_avg": 4.03,
            "net_income": -28866,
            "revenue": 58520,
            "common_shares": 423735,
            "book_valuer_per_share": 10.89,
            "book_valuer_per_share_4q_avg": 11.68,
            "equity": 461318,
            "current_ratio": 224.84,
            "debt_ratio": 18.71,
            "inventory_turnover_ratio": 0.74,
            "account_receivable_turnover_ratio": 1.06,
            "reinvestment_rate": null,
            "research_to_sale_ratio": 10.06,
            "price_fair": 0,
            "eps_avg_yearly": 0,
            "eps_latest_yearly": 0,
            "eps_growth_yearly": 0
        },
        "20164": {
            "year_quarter": 20164,
            "year": 2016,
            "quarter": 4,
            "eps": -0.22,
            "eps_growth_year": null,
            "eps_4q": -1.61,
            "eps_4q_growth_year": null,
            "roe": -2.02,
            "roe_4q": -14.07,
            "gross_profit": 3139,
            "gross_margin": 4.62,
            "gross_margin_4q_avg": 0.34,
            "net_income": -9254,
            "revenue": 67874,
            "common_shares": 423735,
            "book_valuer_per_share": 10.71,
            "book_valuer_per_share_4q_avg": 11.29,
            "equity": 453654,
            "current_ratio": 228.83,
            "debt_ratio": 18.05,
            "inventory_turnover_ratio": 0.77,
            "account_receivable_turnover_ratio": 1.36,
            "reinvestment_rate": null,
            "research_to_sale_ratio": 7.08,
            "price_fair": 0,
            "eps_avg_yearly": 0,
            "eps_latest_yearly": 0,
            "eps_growth_yearly": 0
        },
        "20171": {
            "year_quarter": 20171,
            "year": 2017,
            "quarter": 1,
            "eps": -0.3,
            "eps_growth_year": null,
            "eps_4q": -1.62,
            "eps_4q_growth_year": null,
            "roe": -2.89,
            "roe_4q": -14.49,
            "gross_profit": 9353,
            "gross_margin": 12.83,
            "gross_margin_4q_avg": 1.35,
            "net_income": -12911,
            "revenue": 72902,
            "common_shares": 423735,
            "book_valuer_per_share": 10.4,
            "book_valuer_per_share_4q_avg": 10.89,
            "equity": 440743,
            "current_ratio": 218.03,
            "debt_ratio": 18.8,
            "inventory_turnover_ratio": 0.81,
            "account_receivable_turnover_ratio": 1.23,
            "reinvestment_rate": null,
            "research_to_sale_ratio": 7.91,
            "price_fair": 0,
            "eps_avg_yearly": 0,
            "eps_latest_yearly": 0,
            "eps_growth_yearly": 0
        },
        "20172": {
            "year_quarter": 20172,
            "year": 2017,
            "quarter": 2,
            "eps": -0.3,
            "eps_growth_year": null,
            "eps_4q": -1.5,
            "eps_4q_growth_year": null,
            "roe": -2.92,
            "roe_4q": -13.9,
            "gross_profit": 9084,
            "gross_margin": 11.44,
            "gross_margin_4q_avg": 3.52,
            "net_income": -12684,
            "revenue": 79436,
            "common_shares": 423735,
            "book_valuer_per_share": 10.1,
            "book_valuer_per_share_4q_avg": 10.53,
            "equity": 428059,
            "current_ratio": 201.63,
            "debt_ratio": 20.34,
            "inventory_turnover_ratio": 0.9,
            "account_receivable_turnover_ratio": 1.16,
            "reinvestment_rate": null,
            "research_to_sale_ratio": 7.46,
            "price_fair": 0,
            "eps_avg_yearly": 0,
            "eps_latest_yearly": 0,
            "eps_growth_yearly": 0
        },
        "20173": {
            "year_quarter": 20173,
            "year": 2017,
            "quarter": 3,
            "eps": -0.07,
            "eps_growth_year": null,
            "eps_4q": -0.89,
            "eps_4q_growth_year": null,
            "roe": -0.7,
            "roe_4q": -8.53,
            "gross_profit": 16063,
            "gross_margin": 19.99,
            "gross_margin_4q_avg": 12.22,
            "net_income": -2998,
            "revenue": 80373,
            "common_shares": 423735,
            "book_valuer_per_share": 10.03,
            "book_valuer_per_share_4q_avg": 10.31,
            "equity": 425061,
            "current_ratio": 194.54,
            "debt_ratio": 22.7,
            "inventory_turnover_ratio": 0.76,
            "account_receivable_turnover_ratio": 1.03,
            "reinvestment_rate": null,
            "research_to_sale_ratio": 7.16,
            "price_fair": 0,
            "eps_avg_yearly": 0,
            "eps_latest_yearly": 0,
            "eps_growth_yearly": 0
        },
        "20174": {
            "year_quarter": 20174,
            "year": 2017,
            "quarter": 4,
            "eps": 0.09,
            "eps_growth_year": null,
            "eps_4q": -0.59,
            "eps_4q_growth_year": null,
            "roe": 0.85,
            "roe_4q": -5.66,
            "gross_profit": 27357,
            "gross_margin": 33.5,
            "gross_margin_4q_avg": 19.44,
            "net_income": 3628,
            "revenue": 81658,
            "common_shares": 423735,
            "book_valuer_per_share": 10.13,
            "book_valuer_per_share_4q_avg": 10.17,
            "equity": 429193,
            "current_ratio": 211.26,
            "debt_ratio": 22.13,
            "inventory_turnover_ratio": 0.52,
            "account_receivable_turnover_ratio": 1.1,
            "reinvestment_rate": null,
            "research_to_sale_ratio": 7.56,
            "price_fair": 0,
            "eps_avg_yearly": 0,
            "eps_latest_yearly": 0,
            "eps_growth_yearly": 0
        },
        "20181": {
            "year_quarter": 20181,
            "year": 2018,
            "quarter": 1,
            "eps": -0.14,
            "eps_growth_year": null,
            "eps_4q": -0.42,
            "eps_4q_growth_year": null,
            "roe": -1.32,
            "roe_4q": -4.09,
            "gross_profit": 12624,
            "gross_margin": 17.81,
            "gross_margin_4q_avg": 20.69,
            "net_income": -5917,
            "revenue": 70884,
            "common_shares": 423735,
            "book_valuer_per_share": 11.07,
            "book_valuer_per_share_4q_avg": 10.33,
            "equity": 468994,
            "current_ratio": 204.04,
            "debt_ratio": 22.64,
            "inventory_turnover_ratio": 0.49,
            "account_receivable_turnover_ratio": 1.11,
            "reinvestment_rate": null,
            "research_to_sale_ratio": 9.28,
            "price_fair": 0,
            "eps_avg_yearly": 0,
            "eps_latest_yearly": 0,
            "eps_growth_yearly": 0
        },
        "20182": {
            "year_quarter": 20182,
            "year": 2018,
            "quarter": 2,
            "eps": -0.14,
            "eps_growth_year": null,
            "eps_4q": -0.27,
            "eps_4q_growth_year": null,
            "roe": -1.33,
            "roe_4q": -2.5,
            "gross_profit": 11337,
            "gross_margin": 14.44,
            "gross_margin_4q_avg": 21.44,
            "net_income": -6143,
            "revenue": 78508,
            "common_shares": 423735,
            "book_valuer_per_share": 10.76,
            "book_valuer_per_share_4q_avg": 10.5,
            "equity": 455859,
            "current_ratio": 200.95,
            "debt_ratio": 23.7,
            "inventory_turnover_ratio": 0.55,
            "account_receivable_turnover_ratio": 1.1,
            "reinvestment_rate": null,
            "research_to_sale_ratio": 7.73,
            "price_fair": 0,
            "eps_avg_yearly": 0,
            "eps_latest_yearly": 0,
            "eps_growth_yearly": 0
        },
        "20183": {
            "year_quarter": 20183,
            "year": 2018,
            "quarter": 3,
            "eps": -0.09,
            "eps_growth_year": null,
            "eps_4q": -0.29,
            "eps_4q_growth_year": null,
            "roe": -0.83,
            "roe_4q": -2.6300000000000003,
            "gross_profit": 14126,
            "gross_margin": 15.21,
            "gross_margin_4q_avg": 20.24,
            "net_income": -3746,
            "revenue": 92847,
            "common_shares": 423735,
            "book_valuer_per_share": 10.61,
            "book_valuer_per_share_4q_avg": 10.64,
            "equity": 449531,
            "current_ratio": 183.17,
            "debt_ratio": 27.39,
            "inventory_turnover_ratio": 0.61,
            "account_receivable_turnover_ratio": 1.11,
            "reinvestment_rate": null,
            "research_to_sale_ratio": 7.33,
            "price_fair": 0,
            "eps_avg_yearly": 0,
            "eps_latest_yearly": 0,
            "eps_growth_yearly": 0
        },
        "20184": {
            "year_quarter": 20184,
            "year": 2018,
            "quarter": 4,
            "eps": 0.02,
            "eps_growth_year": -76.6,
            "eps_4q": -0.35,
            "eps_4q_growth_year": null,
            "roe": 0.19,
            "roe_4q": -3.29,
            "gross_profit": 22828,
            "gross_margin": 19.88,
            "gross_margin_4q_avg": 16.84,
            "net_income": 849,
            "revenue": 114851,
            "common_shares": 423735,
            "book_valuer_per_share": 10.53,
            "book_valuer_per_share_4q_avg": 10.74,
            "equity": 446047,
            "current_ratio": 426.68,
            "debt_ratio": 27.28,
            "inventory_turnover_ratio": 0.74,
            "account_receivable_turnover_ratio": 1.31,
            "reinvestment_rate": null,
            "research_to_sale_ratio": 6.12,
            "price_fair": 0,
            "eps_avg_yearly": 0,
            "eps_latest_yearly": 0,
            "eps_growth_yearly": 0
        },
        "20191": {
            "year_quarter": 20191,
            "year": 2019,
            "quarter": 1,
            "eps": 0.17,
            "eps_growth_year": null,
            "eps_4q": -0.05,
            "eps_4q_growth_year": null,
            "roe": 1.55,
            "roe_4q": -0.42000000000000004,
            "gross_profit": 27963,
            "gross_margin": 27.2,
            "gross_margin_4q_avg": 19.18,
            "net_income": 7065,
            "revenue": 102805,
            "common_shares": 423735,
            "book_valuer_per_share": 11.03,
            "book_valuer_per_share_4q_avg": 10.73,
            "equity": 467254,
            "current_ratio": 377.39,
            "debt_ratio": 27.5,
            "inventory_turnover_ratio": 0.63,
            "account_receivable_turnover_ratio": 1.12,
            "reinvestment_rate": null,
            "research_to_sale_ratio": 6.84,
            "price_fair": 23.8,
            "eps_avg_yearly": 0.68,
            "eps_latest_yearly": 0.68,
            "eps_growth_yearly": 3000
        },
        "20192": {
            "year_quarter": 20192,
            "year": 2019,
            "quarter": 2,
            "eps": 0.28,
            "eps_growth_year": null,
            "eps_4q": 0.38,
            "eps_4q_growth_year": null,
            "roe": 2.54,
            "roe_4q": 3.45,
            "gross_profit": 33966,
            "gross_margin": 30.47,
            "gross_margin_4q_avg": 23.19,
            "net_income": 11959,
            "revenue": 111484,
            "common_shares": 423735,
            "book_valuer_per_share": 11.21,
            "book_valuer_per_share_4q_avg": 10.85,
            "equity": 475171,
            "current_ratio": 354.69,
            "debt_ratio": 27.65,
            "inventory_turnover_ratio": 0.6,
            "account_receivable_turnover_ratio": 1.12,
            "reinvestment_rate": null,
            "research_to_sale_ratio": 6.74,
            "price_fair": 31.5,
            "eps_avg_yearly": 0.9,
            "eps_latest_yearly": 1.12,
            "eps_growth_yearly": 1629.41
        },
        "20193": {
            "year_quarter": 20193,
            "year": 2019,
            "quarter": 3,
            "eps": 0.13,
            "eps_growth_year": null,
            "eps_4q": 0.6,
            "eps_4q_growth_year": null,
            "roe": 1.18,
            "roe_4q": 5.46,
            "gross_profit": 19961,
            "gross_margin": 20.02,
            "gross_margin_4q_avg": 24.39,
            "net_income": 5684,
            "revenue": 99702,
            "common_shares": 423735,
            "book_valuer_per_share": 11.44,
            "book_valuer_per_share_4q_avg": 11.05,
            "equity": 484563,
            "current_ratio": 360.7,
            "debt_ratio": 27.24,
            "inventory_turnover_ratio": 0.55,
            "account_receivable_turnover_ratio": 1.02,
            "reinvestment_rate": null,
            "research_to_sale_ratio": 7.67,
            "price_fair": 27.07,
            "eps_avg_yearly": 0.77,
            "eps_latest_yearly": 0.52,
            "eps_growth_yearly": 1014.85
        },
        "20194": {
            "year_quarter": 20194,
            "year": 2019,
            "quarter": 4,
            "eps": 0.16,
            "eps_growth_year": 678.68,
            "eps_4q": 0.74,
            "eps_4q_growth_year": null,
            "roe": 1.34,
            "roe_4q": 6.61,
            "gross_profit": 34840,
            "gross_margin": 33.88,
            "gross_margin_4q_avg": 27.89,
            "net_income": 6611,
            "revenue": 102846,
            "common_shares": 423735,
            "book_valuer_per_share": 11.81,
            "book_valuer_per_share_4q_avg": 11.37,
            "equity": 500366,
            "current_ratio": 353.38,
            "debt_ratio": 26.98,
            "inventory_turnover_ratio": 0.43,
            "account_receivable_turnover_ratio": 1.1,
            "reinvestment_rate": null,
            "research_to_sale_ratio": 8.67,
            "price_fair": 25.9,
            "eps_avg_yearly": 0.74,
            "eps_latest_yearly": 0.64,
            "eps_growth_yearly": 784.21
        },
        "20201": {
            "year_quarter": 20201,
            "year": 2020,
            "quarter": 1,
            "eps": 0.41,
            "eps_growth_year": 141.18,
            "eps_4q": 0.98,
            "eps_4q_growth_year": null,
            "roe": 3.48,
            "roe_4q": 8.54,
            "gross_profit": 35554,
            "gross_margin": 34.03,
            "gross_margin_4q_avg": 29.6,
            "net_income": 17338,
            "revenue": 104489,
            "common_shares": 423735,
            "book_valuer_per_share": 11.74,
            "book_valuer_per_share_4q_avg": 11.55,
            "equity": 497426,
            "current_ratio": 403.34,
            "debt_ratio": 24.49,
            "inventory_turnover_ratio": 0.41,
            "account_receivable_turnover_ratio": 1.09,
            "reinvestment_rate": null,
            "research_to_sale_ratio": 6.55,
            "price_fair": 32.2,
            "eps_avg_yearly": 0.92,
            "eps_latest_yearly": 1.64,
            "eps_growth_yearly": 752.37
        },
        "20202": {
            "year_quarter": 20202,
            "year": 2020,
            "quarter": 2,
            "eps": 0.23,
            "eps_growth_year": -17.86,
            "eps_4q": 0.93,
            "eps_4q_growth_year": 143.24,
            "roe": 1.65,
            "roe_4q": 7.6499999999999995,
            "gross_profit": 36917,
            "gross_margin": 30.72,
            "gross_margin_4q_avg": 29.66,
            "net_income": 9175,
            "revenue": 120160,
            "common_shares": 423735,
            "book_valuer_per_share": 13,
            "book_valuer_per_share_4q_avg": 12,
            "equity": 611614,
            "current_ratio": 245.94,
            "debt_ratio": 37.96,
            "inventory_turnover_ratio": 0.46,
            "account_receivable_turnover_ratio": 1,
            "reinvestment_rate": null,
            "research_to_sale_ratio": 6.25,
            "price_fair": 32.2,
            "eps_avg_yearly": 0.92,
            "eps_latest_yearly": 0.92,
            "eps_growth_yearly": 597.71
        },
        "20203": {
            "year_quarter": 20203,
            "year": 2020,
            "quarter": 3,
            "eps": -0.09,
            "eps_growth_year": -169.23,
            "eps_4q": 0.7,
            "eps_4q_growth_year": 16.84,
            "roe": -0.59,
            "roe_4q": 5.88,
            "gross_profit": 25176,
            "gross_margin": 22.51,
            "gross_margin_4q_avg": 30.29,
            "net_income": -3697,
            "revenue": 111852,
            "common_shares": 423735,
            "book_valuer_per_share": 13.53,
            "book_valuer_per_share_4q_avg": 12.52,
            "equity": 633768,
            "current_ratio": 219.96,
            "debt_ratio": 37.76,
            "inventory_turnover_ratio": 0.45,
            "account_receivable_turnover_ratio": 0.87,
            "reinvestment_rate": 1348.19,
            "research_to_sale_ratio": 8.28,
            "price_fair": 32.2,
            "eps_avg_yearly": 0.92,
            "eps_latest_yearly": 0.92,
            "eps_growth_yearly": 597.71
        },
        "20204": {
            "year_quarter": 20204,
            "year": 2020,
            "quarter": 4,
            "eps": 0.18,
            "eps_growth_year": 13.33,
            "eps_4q": 0.73,
            "eps_4q_growth_year": -1.84,
            "roe": 1.18,
            "roe_4q": 5.72,
            "gross_profit": 37266,
            "gross_margin": 29.41,
            "gross_margin_4q_avg": 29.17,
            "net_income": 7096,
            "revenue": 126711,
            "common_shares": 423735,
            "book_valuer_per_share": 12.08,
            "book_valuer_per_share_4q_avg": 12.59,
            "equity": 572241,
            "current_ratio": 219.36,
            "debt_ratio": 39.99,
            "inventory_turnover_ratio": 0.47,
            "account_receivable_turnover_ratio": 1.12,
            "reinvestment_rate": 401.36,
            "research_to_sale_ratio": 7.38,
            "price_fair": 32.2,
            "eps_avg_yearly": 0.92,
            "eps_latest_yearly": 0.92,
            "eps_growth_yearly": 597.71
        },
        "20211": {
            "year_quarter": 20211,
            "year": 2021,
            "quarter": 1,
            "eps": -0.07,
            "eps_growth_year": -117.07,
            "eps_4q": 0.24,
            "eps_4q_growth_year": -75.19,
            "roe": -0.46,
            "roe_4q": 1.7799999999999998,
            "gross_profit": 18948,
            "gross_margin": 17.65,
            "gross_margin_4q_avg": 25.07,
            "net_income": -2603,
            "revenue": 107367,
            "common_shares": 423735,
            "book_valuer_per_share": 11.94,
            "book_valuer_per_share_4q_avg": 12.64,
            "equity": 566713,
            "current_ratio": 219.14,
            "debt_ratio": 39.06,
            "inventory_turnover_ratio": 0.49,
            "account_receivable_turnover_ratio": 0.98,
            "reinvestment_rate": 281.81,
            "research_to_sale_ratio": 6.88,
            "price_fair": 32.2,
            "eps_avg_yearly": 0.92,
            "eps_latest_yearly": 0.92,
            "eps_growth_yearly": 597.71
        },
        "20212": {
            "year_quarter": 20212,
            "year": 2021,
            "quarter": 2,
            "eps": 0.29,
            "eps_growth_year": 26.09,
            "eps_4q": 0.31,
            "eps_4q_growth_year": -66.62,
            "roe": 2.14,
            "roe_4q": 2.2700000000000005,
            "gross_profit": 39158,
            "gross_margin": 28.57,
            "gross_margin_4q_avg": 24.54,
            "net_income": 12286,
            "revenue": 137054,
            "common_shares": 423735,
            "book_valuer_per_share": 12.29,
            "book_valuer_per_share_4q_avg": 12.46,
            "equity": 581513,
            "current_ratio": 286.08,
            "debt_ratio": 39.38,
            "inventory_turnover_ratio": 0.57,
            "account_receivable_turnover_ratio": 1.14,
            "reinvestment_rate": 161.42,
            "research_to_sale_ratio": 6.24,
            "price_fair": 32.2,
            "eps_avg_yearly": 0.92,
            "eps_latest_yearly": 0.92,
            "eps_growth_yearly": 597.71
        },
        "20213": {
            "year_quarter": 20213,
            "year": 2021,
            "quarter": 3,
            "eps": -0.12,
            "eps_growth_year": null,
            "eps_4q": 0.27,
            "eps_4q_growth_year": -61.38,
            "roe": -0.92,
            "roe_4q": 1.9400000000000002,
            "gross_profit": 18311,
            "gross_margin": 20.66,
            "gross_margin_4q_avg": 24.07,
            "net_income": -5342,
            "revenue": 88627,
            "common_shares": 423735,
            "book_valuer_per_share": 12.11,
            "book_valuer_per_share_4q_avg": 12.11,
            "equity": 573862,
            "current_ratio": 282.08,
            "debt_ratio": 39.07,
            "inventory_turnover_ratio": 0.4,
            "account_receivable_turnover_ratio": 0.85,
            "reinvestment_rate": 181.31,
            "research_to_sale_ratio": 8.72,
            "price_fair": 32.2,
            "eps_avg_yearly": 0.92,
            "eps_latest_yearly": 0.92,
            "eps_growth_yearly": 597.71
        },
        "20214": {
            "year_quarter": 20214,
            "year": 2021,
            "quarter": 4,
            "eps": 0.05,
            "eps_growth_year": -73.79,
            "eps_4q": 0.14,
            "eps_4q_growth_year": -80.47,
            "roe": 0.65,
            "roe_4q": 1.4100000000000001,
            "gross_profit": 28090,
            "gross_margin": 19.43,
            "gross_margin_4q_avg": 21.58,
            "net_income": 3715,
            "revenue": 144547,
            "common_shares": 423735,
            "book_valuer_per_share": 12.13,
            "book_valuer_per_share_4q_avg": 12.12,
            "equity": 576379,
            "current_ratio": 265.93,
            "debt_ratio": 38.04,
            "inventory_turnover_ratio": 0.71,
            "account_receivable_turnover_ratio": 1.63,
            "reinvestment_rate": 189.62,
            "research_to_sale_ratio": 5.23,
            "price_fair": 32.2,
            "eps_avg_yearly": 0.92,
            "eps_latest_yearly": 0.92,
            "eps_growth_yearly": 597.71
        },
        "20221": {
            "year_quarter": 20221,
            "year": 2022,
            "quarter": 1,
            "eps": 0.12,
            "eps_growth_year": null,
            "eps_4q": 0.34,
            "eps_4q_growth_year": 39.41,
            "roe": 1.14,
            "roe_4q": 3.0100000000000002,
            "gross_profit": 25702,
            "gross_margin": 23.77,
            "gross_margin_4q_avg": 23.11,
            "net_income": 6636,
            "revenue": 108146,
            "common_shares": 423735,
            "book_valuer_per_share": 12.28,
            "book_valuer_per_share_4q_avg": 12.2,
            "equity": 583914,
            "current_ratio": 301.66,
            "debt_ratio": 37.61,
            "inventory_turnover_ratio": 0.55,
            "account_receivable_turnover_ratio": 1.21,
            "reinvestment_rate": 281.88,
            "research_to_sale_ratio": 7.58,
            "price_fair": 30,
            "eps_avg_yearly": 0.86,
            "eps_latest_yearly": 0.48,
            "eps_growth_yearly": 592.32
        },
        "20222": {
            "year_quarter": 20222,
            "year": 2022,
            "quarter": 2,
            "eps": 0.79,
            "eps_growth_year": 172.41,
            "eps_4q": 0.83,
            "eps_4q_growth_year": 169.78,
            "roe": 5.76,
            "roe_4q": 6.63,
            "gross_profit": 50061,
            "gross_margin": 32.37,
            "gross_margin_4q_avg": 24.06,
            "net_income": 34562,
            "revenue": 154646,
            "common_shares": 423735,
            "book_valuer_per_share": 13.01,
            "book_valuer_per_share_4q_avg": 12.38,
            "equity": 616147,
            "current_ratio": 317.29,
            "debt_ratio": 36.47,
            "inventory_turnover_ratio": 0.72,
            "account_receivable_turnover_ratio": 1.42,
            "reinvestment_rate": 181.5,
            "research_to_sale_ratio": 5.62,
            "price_fair": 40.08,
            "eps_avg_yearly": 1.15,
            "eps_latest_yearly": 3.16,
            "eps_growth_yearly": 797.45
        },
        "20223": {
            "year_quarter": 20223,
            "year": 2022,
            "quarter": 3,
            "eps": 0.25,
            "eps_growth_year": null,
            "eps_4q": 1.21,
            "eps_4q_growth_year": 344.85,
            "roe": 1.99,
            "roe_4q": 9.540000000000001,
            "gross_profit": 31383,
            "gross_margin": 25.06,
            "gross_margin_4q_avg": 25.16,
            "net_income": 12398,
            "revenue": 125233,
            "common_shares": 423735,
            "book_valuer_per_share": 13.25,
            "book_valuer_per_share_4q_avg": 12.67,
            "equity": 627787,
            "current_ratio": 310.87,
            "debt_ratio": 35.24,
            "inventory_turnover_ratio": 0.62,
            "account_receivable_turnover_ratio": 0.97,
            "reinvestment_rate": 167.37,
            "research_to_sale_ratio": 7.17,
            "price_fair": 39.51,
            "eps_avg_yearly": 1.13,
            "eps_latest_yearly": 1,
            "eps_growth_yearly": 678.46
        },
        "20224": {
            "year_quarter": 20224,
            "year": 2022,
            "quarter": 4,
            "eps": 0.49,
            "eps_growth_year": 951.78,
            "eps_4q": 1.65,
            "eps_4q_growth_year": 1065.78,
            "roe": 3.41,
            "roe_4q": 12.3,
            "gross_profit": 57822,
            "gross_margin": 32.25,
            "gross_margin_4q_avg": 28.36,
            "net_income": 22296,
            "revenue": 179306,
            "common_shares": 423735,
            "book_valuer_per_share": 14.48,
            "book_valuer_per_share_4q_avg": 13.26,
            "equity": 681741,
            "current_ratio": 292.94,
            "debt_ratio": 33.66,
            "inventory_turnover_ratio": 0.78,
            "account_receivable_turnover_ratio": 1.35,
            "reinvestment_rate": 138.88,
            "research_to_sale_ratio": 5.06,
            "price_fair": 42.42,
            "eps_avg_yearly": 1.21,
            "eps_latest_yearly": 1.96,
            "eps_growth_yearly": 649.02
        },
        "20231": {
            "year_quarter": 20231,
            "year": 2023,
            "quarter": 1,
            "eps": 0.43,
            "eps_growth_year": 258.33,
            "eps_4q": 1.95,
            "eps_4q_growth_year": 475.12,
            "roe": 2.86,
            "roe_4q": 14.02,
            "gross_profit": 46287,
            "gross_margin": 34.09,
            "gross_margin_4q_avg": 30.94,
            "net_income": 19588,
            "revenue": 135766,
            "common_shares": 423735,
            "book_valuer_per_share": 14.62,
            "book_valuer_per_share_4q_avg": 13.84,
            "equity": 689262,
            "current_ratio": 330.2,
            "debt_ratio": 31.09,
            "inventory_turnover_ratio": 0.58,
            "account_receivable_turnover_ratio": 1.06,
            "reinvestment_rate": 131.29,
            "research_to_sale_ratio": 6.24,
            "price_fair": 46.06,
            "eps_avg_yearly": 1.32,
            "eps_latest_yearly": 1.72,
            "eps_growth_yearly": 344.12
        }
    },
    "months": {
        "2001-10": {
            "month": "2001-10",
            "price": "12.37",
            "revenue": 21211
        },
        "2001-11": {
            "month": "2001-11",
            "price": "13.79",
            "revenue": 19655
        },
        "2001-12": {
            "month": "2001-12",
            "price": "15.53",
            "revenue": 17984
        },
        "2002-01": {
            "month": "2002-01",
            "price": "16.75",
            "revenue": 18790
        },
        "2002-02": {
            "month": "2002-02",
            "price": "17.08",
            "revenue": 19149
        },
        "2002-03": {
            "month": "2002-03",
            "price": "16.79",
            "revenue": 21410
        },
        "2002-04": {
            "month": "2002-04",
            "price": "17.30",
            "revenue": 19336
        },
        "2002-05": {
            "month": "2002-05",
            "price": "16.31",
            "revenue": 19192
        },
        "2002-06": {
            "month": "2002-06",
            "price": "15.44",
            "revenue": 19430
        },
        "2002-07": {
            "month": "2002-07",
            "price": "14.35",
            "revenue": 18491
        },
        "2002-08": {
            "month": "2002-08",
            "price": "13.68",
            "revenue": 17810
        },
        "2002-09": {
            "month": "2002-09",
            "price": "12.79",
            "revenue": 17668
        },
        "2002-10": {
            "month": "2002-10",
            "price": "11.62",
            "revenue": 18876
        },
        "2002-11": {
            "month": "2002-11",
            "price": "12.35",
            "revenue": 20668
        },
        "2002-12": {
            "month": "2002-12",
            "price": "12.60",
            "revenue": 19417
        },
        "2003-01": {
            "month": "2003-01",
            "price": "12.42",
            "revenue": 20114
        },
        "2003-02": {
            "month": "2003-02",
            "price": "12.14",
            "revenue": 20411
        },
        "2003-03": {
            "month": "2003-03",
            "price": "12.08",
            "revenue": 22898
        },
        "2003-04": {
            "month": "2003-04",
            "price": "14.18",
            "revenue": 23844
        },
        "2003-05": {
            "month": "2003-05",
            "price": "13.11",
            "revenue": 20620
        },
        "2003-06": {
            "month": "2003-06",
            "price": "12.32",
            "revenue": 24691
        },
        "2003-07": {
            "month": "2003-07",
            "price": "12.04",
            "revenue": 23656
        },
        "2003-08": {
            "month": "2003-08",
            "price": "11.73",
            "revenue": 26910
        },
        "2003-09": {
            "month": "2003-09",
            "price": "11.46",
            "revenue": 21963
        },
        "2003-10": {
            "month": "2003-10",
            "price": "11.41",
            "revenue": 23989
        },
        "2003-11": {
            "month": "2003-11",
            "price": "11.70",
            "revenue": 20413
        },
        "2003-12": {
            "month": "2003-12",
            "price": "12.09",
            "revenue": 20424
        },
        "2004-01": {
            "month": "2004-01",
            "price": "12.11",
            "revenue": 21777
        },
        "2004-02": {
            "month": "2004-02",
            "price": "13.48",
            "revenue": 29345
        },
        "2004-03": {
            "month": "2004-03",
            "price": "12.85",
            "revenue": 20538
        },
        "2004-04": {
            "month": "2004-04",
            "price": "12.67",
            "revenue": 21126
        },
        "2004-05": {
            "month": "2004-05",
            "price": "11.61",
            "revenue": 23446
        },
        "2004-06": {
            "month": "2004-06",
            "price": "11.48",
            "revenue": 25107
        },
        "2004-07": {
            "month": "2004-07",
            "price": "11.12",
            "revenue": 23883
        },
        "2004-08": {
            "month": "2004-08",
            "price": "10.29",
            "revenue": 23996
        },
        "2004-09": {
            "month": "2004-09",
            "price": "10.63",
            "revenue": 22647
        },
        "2004-10": {
            "month": "2004-10",
            "price": "10.77",
            "revenue": 24100
        },
        "2004-11": {
            "month": "2004-11",
            "price": "10.86",
            "revenue": 22548
        },
        "2004-12": {
            "month": "2004-12",
            "price": "11.17",
            "revenue": 20056
        },
        "2005-01": {
            "month": "2005-01",
            "price": "11.99",
            "revenue": 20575
        },
        "2005-02": {
            "month": "2005-02",
            "price": "12.57",
            "revenue": 20763
        },
        "2005-03": {
            "month": "2005-03",
            "price": "12.77",
            "revenue": 24413
        },
        "2005-04": {
            "month": "2005-04",
            "price": "12.16",
            "revenue": 21139
        },
        "2005-05": {
            "month": "2005-05",
            "price": "11.63",
            "revenue": 22229
        },
        "2005-06": {
            "month": "2005-06",
            "price": "11.72",
            "revenue": 24499
        },
        "2005-07": {
            "month": "2005-07",
            "price": "11.42",
            "revenue": 21914
        },
        "2005-08": {
            "month": "2005-08",
            "price": "11.42",
            "revenue": 23283
        },
        "2005-09": {
            "month": "2005-09",
            "price": "11.14",
            "revenue": 21821
        },
        "2005-10": {
            "month": "2005-10",
            "price": "12.99",
            "revenue": 22563
        },
        "2005-11": {
            "month": "2005-11",
            "price": "16.92",
            "revenue": 20553
        },
        "2005-12": {
            "month": "2005-12",
            "price": "13.70",
            "revenue": 20431
        },
        "2006-01": {
            "month": "2006-01",
            "price": "13.38",
            "revenue": 23874
        },
        "2006-02": {
            "month": "2006-02",
            "price": "13.84",
            "revenue": 23984
        },
        "2006-03": {
            "month": "2006-03",
            "price": "13.63",
            "revenue": 25401
        },
        "2006-04": {
            "month": "2006-04",
            "price": "12.85",
            "revenue": 25265
        },
        "2006-05": {
            "month": "2006-05",
            "price": "13.03",
            "revenue": 24713
        },
        "2006-06": {
            "month": "2006-06",
            "price": "12.44",
            "revenue": 26515
        },
        "2006-07": {
            "month": "2006-07",
            "price": "11.60",
            "revenue": 23628
        },
        "2006-08": {
            "month": "2006-08",
            "price": "11.31",
            "revenue": 24288
        },
        "2006-09": {
            "month": "2006-09",
            "price": "11.29",
            "revenue": 22162
        },
        "2006-10": {
            "month": "2006-10",
            "price": "12.46",
            "revenue": 23399
        },
        "2006-11": {
            "month": "2006-11",
            "price": "12.35",
            "revenue": 25057
        },
        "2006-12": {
            "month": "2006-12",
            "price": "13.04",
            "revenue": 21872
        },
        "2007-01": {
            "month": "2007-01",
            "price": "13.70",
            "revenue": 25344
        },
        "2007-02": {
            "month": "2007-02",
            "price": "13.41",
            "revenue": 23278
        },
        "2007-03": {
            "month": "2007-03",
            "price": "12.95",
            "revenue": 25048
        },
        "2007-04": {
            "month": "2007-04",
            "price": "14.30",
            "revenue": 23228
        },
        "2007-05": {
            "month": "2007-05",
            "price": "15.36",
            "revenue": 25349
        },
        "2007-06": {
            "month": "2007-06",
            "price": "17.13",
            "revenue": 25850
        },
        "2007-07": {
            "month": "2007-07",
            "price": "33.77",
            "revenue": 24402
        },
        "2007-08": {
            "month": "2007-08",
            "price": "26.63",
            "revenue": 24868
        },
        "2007-09": {
            "month": "2007-09",
            "price": "27.68",
            "revenue": 21755
        },
        "2007-10": {
            "month": "2007-10",
            "price": "24.98",
            "revenue": 21614
        },
        "2007-11": {
            "month": "2007-11",
            "price": "18.46",
            "revenue": 22005
        },
        "2007-12": {
            "month": "2007-12",
            "price": "17.27",
            "revenue": 17809
        },
        "2008-01": {
            "month": "2008-01",
            "price": "15.79",
            "revenue": 22406
        },
        "2008-02": {
            "month": "2008-02",
            "price": "17.10",
            "revenue": 22174
        },
        "2008-03": {
            "month": "2008-03",
            "price": "17.37",
            "revenue": 24961
        },
        "2008-04": {
            "month": "2008-04",
            "price": "20.31",
            "revenue": 23339
        },
        "2008-05": {
            "month": "2008-05",
            "price": "20.47",
            "revenue": 24851
        },
        "2008-06": {
            "month": "2008-06",
            "price": "17.58",
            "revenue": 23139
        },
        "2008-07": {
            "month": "2008-07",
            "price": "15.14",
            "revenue": 19902
        },
        "2008-08": {
            "month": "2008-08",
            "price": "15.00",
            "revenue": 18828
        },
        "2008-09": {
            "month": "2008-09",
            "price": "12.76",
            "revenue": 25019
        },
        "2008-10": {
            "month": "2008-10",
            "price": "12.71",
            "revenue": 20563
        },
        "2008-11": {
            "month": "2008-11",
            "price": "11.89",
            "revenue": 17651
        },
        "2008-12": {
            "month": "2008-12",
            "price": "11.17",
            "revenue": 35510
        },
        "2009-01": {
            "month": "2009-01",
            "price": "12.82",
            "revenue": 29814
        },
        "2009-02": {
            "month": "2009-02",
            "price": "14.72",
            "revenue": 30590
        },
        "2009-03": {
            "month": "2009-03",
            "price": "21.27",
            "revenue": 47653
        },
        "2009-04": {
            "month": "2009-04",
            "price": "31.05",
            "revenue": 29575
        },
        "2009-05": {
            "month": "2009-05",
            "price": "32.21",
            "revenue": 37190
        },
        "2009-06": {
            "month": "2009-06",
            "price": "28.07",
            "revenue": 40723
        },
        "2009-07": {
            "month": "2009-07",
            "price": "40.80",
            "revenue": 24496
        },
        "2009-08": {
            "month": "2009-08",
            "price": "42.91",
            "revenue": 33594
        },
        "2009-09": {
            "month": "2009-09",
            "price": "45.78",
            "revenue": 36946
        },
        "2009-10": {
            "month": "2009-10",
            "price": "43.23",
            "revenue": 32834
        },
        "2009-11": {
            "month": "2009-11",
            "price": "40.48",
            "revenue": 48547
        },
        "2009-12": {
            "month": "2009-12",
            "price": "44.84",
            "revenue": 40990
        },
        "2010-01": {
            "month": "2010-01",
            "price": "40.17",
            "revenue": 28879
        },
        "2010-02": {
            "month": "2010-02",
            "price": "33.16",
            "revenue": 28198
        },
        "2010-03": {
            "month": "2010-03",
            "price": "36.70",
            "revenue": 40799
        },
        "2010-04": {
            "month": "2010-04",
            "price": "40.41",
            "revenue": 44810
        },
        "2010-05": {
            "month": "2010-05",
            "price": "38.56",
            "revenue": 42733
        },
        "2010-06": {
            "month": "2010-06",
            "price": "36.70",
            "revenue": 42865
        },
        "2010-07": {
            "month": "2010-07",
            "price": "38.18",
            "revenue": 50945
        },
        "2010-08": {
            "month": "2010-08",
            "price": "54.53",
            "revenue": 58469
        },
        "2010-09": {
            "month": "2010-09",
            "price": "56.95",
            "revenue": 51516
        },
        "2010-10": {
            "month": "2010-10",
            "price": "68.20",
            "revenue": 43853
        },
        "2010-11": {
            "month": "2010-11",
            "price": "81.27",
            "revenue": 43052
        },
        "2010-12": {
            "month": "2010-12",
            "price": "77.77",
            "revenue": 52302
        },
        "2011-01": {
            "month": "2011-01",
            "price": "70.72",
            "revenue": 31103
        },
        "2011-02": {
            "month": "2011-02",
            "price": "60.14",
            "revenue": 31999
        },
        "2011-03": {
            "month": "2011-03",
            "price": "65.55",
            "revenue": 38821
        },
        "2011-04": {
            "month": "2011-04",
            "price": "68.39",
            "revenue": 38700
        },
        "2011-05": {
            "month": "2011-05",
            "price": "79.36",
            "revenue": 44612
        },
        "2011-06": {
            "month": "2011-06",
            "price": "77.78",
            "revenue": 52227
        },
        "2011-07": {
            "month": "2011-07",
            "price": "81.51",
            "revenue": 36207
        },
        "2011-08": {
            "month": "2011-08",
            "price": "56.22",
            "revenue": 40825
        },
        "2011-09": {
            "month": "2011-09",
            "price": "40.26",
            "revenue": 41736
        },
        "2011-10": {
            "month": "2011-10",
            "price": "43.37",
            "revenue": 32388
        },
        "2011-11": {
            "month": "2011-11",
            "price": "44.70",
            "revenue": 31356
        },
        "2011-12": {
            "month": "2011-12",
            "price": "39.09",
            "revenue": 31491
        },
        "2012-01": {
            "month": "2012-01",
            "price": "41.21",
            "revenue": 33305
        },
        "2012-02": {
            "month": "2012-02",
            "price": "50.99",
            "revenue": 44333
        },
        "2012-03": {
            "month": "2012-03",
            "price": "48.01",
            "revenue": 51095
        },
        "2012-04": {
            "month": "2012-04",
            "price": "40.80",
            "revenue": 40740
        },
        "2012-05": {
            "month": "2012-05",
            "price": "37.92",
            "revenue": 39968
        },
        "2012-06": {
            "month": "2012-06",
            "price": "37.46",
            "revenue": 44830
        },
        "2012-07": {
            "month": "2012-07",
            "price": "37.36",
            "revenue": 35409
        },
        "2012-08": {
            "month": "2012-08",
            "price": "35.79",
            "revenue": 36121
        },
        "2012-09": {
            "month": "2012-09",
            "price": "36.18",
            "revenue": 27293
        },
        "2012-10": {
            "month": "2012-10",
            "price": "35.42",
            "revenue": 28949
        },
        "2012-11": {
            "month": "2012-11",
            "price": "28.36",
            "revenue": 21778
        },
        "2012-12": {
            "month": "2012-12",
            "price": "31.37",
            "revenue": 27748
        },
        "2013-01": {
            "month": "2013-01",
            "price": "33.12",
            "revenue": 26975
        },
        "2013-02": {
            "month": "2013-02",
            "price": "32.83",
            "revenue": 26822
        },
        "2013-03": {
            "month": "2013-03",
            "price": "33.69",
            "revenue": 28340
        },
        "2013-04": {
            "month": "2013-04",
            "price": "32.70",
            "revenue": 17343
        },
        "2013-05": {
            "month": "2013-05",
            "price": "30.18",
            "revenue": 29561
        },
        "2013-06": {
            "month": "2013-06",
            "price": "30.14",
            "revenue": 25383
        },
        "2013-07": {
            "month": "2013-07",
            "price": "28.86",
            "revenue": 22244
        },
        "2013-08": {
            "month": "2013-08",
            "price": "28.00",
            "revenue": 15906
        },
        "2013-09": {
            "month": "2013-09",
            "price": "27.98",
            "revenue": 26463
        },
        "2013-10": {
            "month": "2013-10",
            "price": "30.17",
            "revenue": 26444
        },
        "2013-11": {
            "month": "2013-11",
            "price": "28.66",
            "revenue": 27843
        },
        "2013-12": {
            "month": "2013-12",
            "price": "29.10",
            "revenue": 27052
        },
        "2014-01": {
            "month": "2014-01",
            "price": "28.66",
            "revenue": 15541
        },
        "2014-02": {
            "month": "2014-02",
            "price": "28.16",
            "revenue": 18904
        },
        "2014-03": {
            "month": "2014-03",
            "price": "27.83",
            "revenue": 24879
        },
        "2014-04": {
            "month": "2014-04",
            "price": "27.17",
            "revenue": 18486
        },
        "2014-05": {
            "month": "2014-05",
            "price": "27.36",
            "revenue": 28385
        },
        "2014-06": {
            "month": "2014-06",
            "price": "27.11",
            "revenue": 25638
        },
        "2014-07": {
            "month": "2014-07",
            "price": "28.62",
            "revenue": 28148
        },
        "2014-08": {
            "month": "2014-08",
            "price": "26.71",
            "revenue": 22218
        },
        "2014-09": {
            "month": "2014-09",
            "price": "26.11",
            "revenue": 21147
        },
        "2014-10": {
            "month": "2014-10",
            "price": "23.46",
            "revenue": 27178
        },
        "2014-11": {
            "month": "2014-11",
            "price": "21.44",
            "revenue": 19918
        },
        "2014-12": {
            "month": "2014-12",
            "price": "21.87",
            "revenue": 27041
        },
        "2015-01": {
            "month": "2015-01",
            "price": "21.62",
            "revenue": 24776
        },
        "2015-02": {
            "month": "2015-02",
            "price": "21.00",
            "revenue": 16479
        },
        "2015-03": {
            "month": "2015-03",
            "price": "21.01",
            "revenue": 25374
        },
        "2015-04": {
            "month": "2015-04",
            "price": "20.69",
            "revenue": 23997
        },
        "2015-05": {
            "month": "2015-05",
            "price": "19.32",
            "revenue": 31627
        },
        "2015-06": {
            "month": "2015-06",
            "price": "17.70",
            "revenue": 30675
        },
        "2015-07": {
            "month": "2015-07",
            "price": "18.16",
            "revenue": 23671
        },
        "2015-08": {
            "month": "2015-08",
            "price": "17.30",
            "revenue": 20331
        },
        "2015-09": {
            "month": "2015-09",
            "price": "18.13",
            "revenue": 35544
        },
        "2015-10": {
            "month": "2015-10",
            "price": "20.35",
            "revenue": 34166
        },
        "2015-11": {
            "month": "2015-11",
            "price": "22.65",
            "revenue": 19794
        },
        "2015-12": {
            "month": "2015-12",
            "price": "24.67",
            "revenue": 32075
        },
        "2016-01": {
            "month": "2016-01",
            "price": "23.20",
            "revenue": 24665
        },
        "2016-02": {
            "month": "2016-02",
            "price": "24.71",
            "revenue": 19455
        },
        "2016-03": {
            "month": "2016-03",
            "price": "24.65",
            "revenue": 16737
        },
        "2016-04": {
            "month": "2016-04",
            "price": "22.28",
            "revenue": 33216
        },
        "2016-05": {
            "month": "2016-05",
            "price": "20.83",
            "revenue": 23262
        },
        "2016-06": {
            "month": "2016-06",
            "price": "20.04",
            "revenue": 23421
        },
        "2016-07": {
            "month": "2016-07",
            "price": "20.20",
            "revenue": 17401
        },
        "2016-08": {
            "month": "2016-08",
            "price": "19.32",
            "revenue": 21032
        },
        "2016-09": {
            "month": "2016-09",
            "price": "19.06",
            "revenue": 21027
        },
        "2016-10": {
            "month": "2016-10",
            "price": "17.83",
            "revenue": 24036
        },
        "2016-11": {
            "month": "2016-11",
            "price": "16.97",
            "revenue": 21509
        },
        "2016-12": {
            "month": "2016-12",
            "price": "16.91",
            "revenue": 22330
        },
        "2017-01": {
            "month": "2017-01",
            "price": "17.13",
            "revenue": 20807
        },
        "2017-02": {
            "month": "2017-02",
            "price": "18.48",
            "revenue": 20696
        },
        "2017-03": {
            "month": "2017-03",
            "price": "18.14",
            "revenue": 31399
        },
        "2017-04": {
            "month": "2017-04",
            "price": "17.66",
            "revenue": 25135
        },
        "2017-05": {
            "month": "2017-05",
            "price": "17.42",
            "revenue": 27925
        },
        "2017-06": {
            "month": "2017-06",
            "price": "17.28",
            "revenue": 26376
        },
        "2017-07": {
            "month": "2017-07",
            "price": "17.11",
            "revenue": 22537
        },
        "2017-08": {
            "month": "2017-08",
            "price": "16.77",
            "revenue": 21143
        },
        "2017-09": {
            "month": "2017-09",
            "price": "16.40",
            "revenue": 36694
        },
        "2017-10": {
            "month": "2017-10",
            "price": "17.16",
            "revenue": 28944
        },
        "2017-11": {
            "month": "2017-11",
            "price": "16.96",
            "revenue": 26382
        },
        "2017-12": {
            "month": "2017-12",
            "price": "16.74",
            "revenue": 26333
        },
        "2018-01": {
            "month": "2018-01",
            "price": "16.69",
            "revenue": 22105
        },
        "2018-02": {
            "month": "2018-02",
            "price": "15.83",
            "revenue": 25359
        },
        "2018-03": {
            "month": "2018-03",
            "price": "16.72",
            "revenue": 23421
        },
        "2018-04": {
            "month": "2018-04",
            "price": "16.75",
            "revenue": 16658
        },
        "2018-05": {
            "month": "2018-05",
            "price": "16.35",
            "revenue": 30051
        },
        "2018-06": {
            "month": "2018-06",
            "price": "16.07",
            "revenue": 31799
        },
        "2018-07": {
            "month": "2018-07",
            "price": "15.62",
            "revenue": 23078
        },
        "2018-08": {
            "month": "2018-08",
            "price": "15.64",
            "revenue": 34323
        },
        "2018-09": {
            "month": "2018-09",
            "price": "15.57",
            "revenue": 35446
        },
        "2018-10": {
            "month": "2018-10",
            "price": "14.45",
            "revenue": 36155
        },
        "2018-11": {
            "month": "2018-11",
            "price": "14.02",
            "revenue": 38122
        },
        "2018-12": {
            "month": "2018-12",
            "price": "14.10",
            "revenue": 40574
        },
        "2019-01": {
            "month": "2019-01",
            "price": "14.98",
            "revenue": 25793
        },
        "2019-02": {
            "month": "2019-02",
            "price": "15.13",
            "revenue": 35527
        },
        "2019-03": {
            "month": "2019-03",
            "price": "15.37",
            "revenue": 41485
        },
        "2019-04": {
            "month": "2019-04",
            "price": "16.52",
            "revenue": 38673
        },
        "2019-05": {
            "month": "2019-05",
            "price": "17.18",
            "revenue": 35138
        },
        "2019-06": {
            "month": "2019-06",
            "price": "17.01",
            "revenue": 37674
        },
        "2019-07": {
            "month": "2019-07",
            "price": "17.64",
            "revenue": 31906
        },
        "2019-08": {
            "month": "2019-08",
            "price": "17.10",
            "revenue": 37715
        },
        "2019-09": {
            "month": "2019-09",
            "price": "17.51",
            "revenue": 30081
        },
        "2019-10": {
            "month": "2019-10",
            "price": "17.38",
            "revenue": 34968
        },
        "2019-11": {
            "month": "2019-11",
            "price": "16.86",
            "revenue": 33479
        },
        "2019-12": {
            "month": "2019-12",
            "price": "16.42",
            "revenue": 34398
        },
        "2020-01": {
            "month": "2020-01",
            "price": "16.07",
            "revenue": 28791
        },
        "2020-02": {
            "month": "2020-02",
            "price": "16.62",
            "revenue": 32884
        },
        "2020-03": {
            "month": "2020-03",
            "price": "19.72",
            "revenue": 42814
        },
        "2020-04": {
            "month": "2020-04",
            "price": "20.84",
            "revenue": 33087
        },
        "2020-05": {
            "month": "2020-05",
            "price": "21.81",
            "revenue": 43698
        },
        "2020-06": {
            "month": "2020-06",
            "price": "28.02",
            "revenue": 43375
        },
        "2020-07": {
            "month": "2020-07",
            "price": "34.57",
            "revenue": 44205
        },
        "2020-08": {
            "month": "2020-08",
            "price": "32.72",
            "revenue": 33028
        },
        "2020-09": {
            "month": "2020-09",
            "price": "29.04",
            "revenue": 34619
        },
        "2020-10": {
            "month": "2020-10",
            "price": "25.58",
            "revenue": 32515
        },
        "2020-11": {
            "month": "2020-11",
            "price": "24.32",
            "revenue": 37650
        },
        "2020-12": {
            "month": "2020-12",
            "price": "24.19",
            "revenue": 56545
        },
        "2021-01": {
            "month": "2021-01",
            "price": "25.68",
            "revenue": 26402
        },
        "2021-02": {
            "month": "2021-02",
            "price": "25.47",
            "revenue": 36191
        },
        "2021-03": {
            "month": "2021-03",
            "price": "24.35",
            "revenue": 44774
        },
        "2021-04": {
            "month": "2021-04",
            "price": "23.42",
            "revenue": 47437
        },
        "2021-05": {
            "month": "2021-05",
            "price": "23.50",
            "revenue": 48140
        },
        "2021-06": {
            "month": "2021-06",
            "price": "21.99",
            "revenue": 41477
        },
        "2021-07": {
            "month": "2021-07",
            "price": "20.25",
            "revenue": 36819
        },
        "2021-08": {
            "month": "2021-08",
            "price": "19.64",
            "revenue": 23525
        },
        "2021-09": {
            "month": "2021-09",
            "price": "18.86",
            "revenue": 28283
        },
        "2021-10": {
            "month": "2021-10",
            "price": "17.86",
            "revenue": 53085
        },
        "2021-11": {
            "month": "2021-11",
            "price": "19.35",
            "revenue": 39958
        },
        "2021-12": {
            "month": "2021-12",
            "price": "19.84",
            "revenue": 51503
        },
        "2022-01": {
            "month": "2022-01",
            "price": "19.34",
            "revenue": 44832
        },
        "2022-02": {
            "month": "2022-02",
            "price": "19.83",
            "revenue": 30171
        },
        "2022-03": {
            "month": "2022-03",
            "price": "19.88",
            "revenue": 33143
        },
        "2022-04": {
            "month": "2022-04",
            "price": "22.58",
            "revenue": 48680
        },
        "2022-05": {
            "month": "2022-05",
            "price": "21.18",
            "revenue": 42766
        },
        "2022-06": {
            "month": "2022-06",
            "price": "18.44",
            "revenue": 63201
        },
        "2022-07": {
            "month": "2022-07",
            "price": "17.60",
            "revenue": 43992
        },
        "2022-08": {
            "month": "2022-08",
            "price": "19.56",
            "revenue": 43523
        },
        "2022-09": {
            "month": "2022-09",
            "price": "25.19",
            "revenue": 37718
        },
        "2022-10": {
            "month": "2022-10",
            "price": "26.82",
            "revenue": 52073
        },
        "2022-11": {
            "month": "2022-11",
            "price": "32.30",
            "revenue": 71902
        },
        "2022-12": {
            "month": "2022-12",
            "price": "37.22",
            "revenue": 55330
        },
        "2023-01": {
            "month": "2023-01",
            "price": "30.55",
            "revenue": 35095
        },
        "2023-02": {
            "month": "2023-02",
            "price": "30.52",
            "revenue": 35749
        },
        "2023-03": {
            "month": "2023-03",
            "price": "28.61",
            "revenue": 64921
        },
        "2023-04": {
            "month": "2023-04",
            "price": "30.80",
            "revenue": 53589
        }
    }
}
