{
    "summary": {
        "stock_name": "百略",
        "stock_id": "4103",
        "category": "生技醫療",
        "main_business": "數位血壓量測系統<br>數位體溫量測系統<br>恆溫電毯",
        "website_url": "",
        "ceo": "林金源",
        "pe_ratio": 17,
        "report_year_from": 2001,
        "report_year_to": 2018,
        "age": 22,
        "eps_negative_percentage": 1,
        "eps_growth_avg": {
            "last_all": -3.7,
            "last_2y": -30.75,
            "last_4y": -17.98,
            "last_8y": -6.17,
            "last_12y": -0.53,
            "last_16y": -3.7,
            "last_20y": null,
            "at_2006_last_3y": 4.26,
            "at_2007_last_3y": 10.09,
            "at_2008_last_3y": 7.66,
            "at_2009_last_3y": 12.16,
            "at_2010_last_3y": 1.55,
            "at_2011_last_3y": 1.14,
            "at_2012_last_3y": 8.5,
            "at_2013_last_3y": 8.59,
            "at_2014_last_3y": 12.97,
            "at_2015_last_3y": 11.92,
            "at_2016_last_3y": 3.48,
            "at_2017_last_3y": -3.24,
            "at_2018_last_3y": -21.91,
            "at_2019_last_3y": -21.91,
            "at_2020_last_3y": -21.91,
            "at_2021_last_3y": -21.91,
            "at_2022_last_3y": -21.91,
            "at_2023_last_3y": -21.91,
            "at_2006_last_all": -6.66,
            "at_2007_last_all": -3.82,
            "at_2008_last_all": -3.57,
            "at_2009_last_all": -0.92,
            "at_2010_last_all": -3.01,
            "at_2011_last_all": -1.83,
            "at_2012_last_all": 0.82,
            "at_2013_last_all": 2.25,
            "at_2014_last_all": 1.9,
            "at_2015_last_all": 2.1,
            "at_2016_last_all": 1.53,
            "at_2017_last_all": 0.88,
            "at_2018_last_all": -3.7,
            "at_2019_last_all": -3.7,
            "at_2020_last_all": -3.7,
            "at_2021_last_all": -3.7,
            "at_2022_last_all": -3.7,
            "at_2023_last_all": -3.7
        },
        "latest_eps": 4.86,
        "latest_price": 84.3,
        "latest_roe": 16.11,
        "latest_gross_margin": 37.07,
        "latest_equity": 3418758,
        "latest_revenue": 909721,
        "latest_gross_profit": 337238,
        "latest_net_income": 97616,
        "latest_debt_ratio": 41.24,
        "latest_current_ratio": 248.92,
        "latest_account_receivable_turnover_ratio": 1.62,
        "latest_inventory_turnover_ratio": 0.53,
        "latest_reinvestment_rate": -2.21,
        "latest_research_to_sale_ratio": 3.96
    },
    "eps_dividends": {
        "1999": {
            "cash": 0,
            "stock": 1,
            "eps": 0
        },
        "2000": {
            "cash": 1,
            "stock": 4,
            "eps": 0
        },
        "2001": {
            "cash": 0,
            "stock": 4,
            "eps": 6.08
        },
        "2002": {
            "cash": 0,
            "stock": 0,
            "eps": 3.02
        },
        "2003": {
            "cash": 2,
            "stock": 1,
            "eps": 2.63
        },
        "2004": {
            "cash": 1,
            "stock": 1,
            "eps": 2.83
        },
        "2005": {
            "cash": 2,
            "stock": 1,
            "eps": 2.82
        },
        "2006": {
            "cash": 2,
            "stock": 0,
            "eps": 3.46
        },
        "2007": {
            "cash": 2,
            "stock": 0,
            "eps": 3.82
        },
        "2008": {
            "cash": 3,
            "stock": 0,
            "eps": 3.74
        },
        "2009": {
            "cash": 3,
            "stock": 0,
            "eps": 4.4
        },
        "2010": {
            "cash": 3,
            "stock": 0,
            "eps": 3.53
        },
        "2011": {
            "cash": 3,
            "stock": 0,
            "eps": 3.84
        },
        "2012": {
            "cash": 3,
            "stock": 0,
            "eps": 4.89
        },
        "2013": {
            "cash": 4,
            "stock": 0,
            "eps": 5.77
        },
        "2014": {
            "cash": 4,
            "stock": 0,
            "eps": 5.64
        },
        "2015": {
            "cash": 4,
            "stock": 0,
            "eps": 5.9
        },
        "2016": {
            "cash": 4,
            "stock": 0,
            "eps": 5.52
        },
        "2017": {
            "cash": 4,
            "stock": 0,
            "eps": 5.03
        },
        "2018": {
            "cash": 3,
            "stock": 0,
            "eps": 1.16
        }
    },
    "dividends": {
        "1999-06-12": {
            "cash": 0,
            "stock": 0.75
        },
        "2000-06-24": {
            "cash": 1.35,
            "stock": 4.29
        },
        "2001-06-22": {
            "cash": 0,
            "stock": 4
        },
        "2003-07-31": {
            "cash": 2,
            "stock": 0.5
        },
        "2004-05-04": {
            "cash": 1,
            "stock": 1
        },
        "2005-04-27": {
            "cash": 1.8,
            "stock": 0.6
        },
        "2006-04-24": {
            "cash": 1.99,
            "stock": 0.2
        },
        "2007-04-26": {
            "cash": 2.35,
            "stock": 0.15
        },
        "2008-04-22": {
            "cash": 2.75,
            "stock": 0.05
        },
        "2009-04-27": {
            "cash": 2.5,
            "stock": 0.3
        },
        "2010-04-21": {
            "cash": 3,
            "stock": 0
        },
        "2011-04-28": {
            "cash": 3,
            "stock": 0
        },
        "2012-07-31": {
            "cash": 3,
            "stock": 0
        },
        "2013-07-31": {
            "cash": 4,
            "stock": 0
        },
        "2014-08-08": {
            "cash": 4.2,
            "stock": 0
        },
        "2015-08-26": {
            "cash": 4,
            "stock": 0
        },
        "2016-08-24": {
            "cash": 4,
            "stock": 0
        },
        "2017-08-25": {
            "cash": 4,
            "stock": 0
        },
        "2018-08-29": {
            "cash": 3,
            "stock": 0
        }
    },
    "prices": {
        "200101": "無",
        "200102": "無",
        "200103": "137.00",
        "200104": "205.40",
        "200105": "197.95",
        "200106": "204.70",
        "200107": "201.10",
        "200108": "154.43",
        "200109": "118.38",
        "200110": "106.60",
        "200111": "116.50",
        "200112": "139.19",
        "200201": "131.16",
        "200202": "116.88",
        "200203": "112.95",
        "200204": "111.60",
        "200205": "104.43",
        "200206": "100.05",
        "200207": "84.59",
        "200208": "76.20",
        "200209": "79.22",
        "200210": "77.00",
        "200211": "77.38",
        "200212": "65.20",
        "200301": "57.24",
        "200302": "60.28",
        "200303": "54.95",
        "200304": "57.61",
        "200305": "63.45",
        "200306": "63.68",
        "200307": "64.61",
        "200308": "62.26",
        "200309": "58.62",
        "200310": "56.50",
        "200311": "52.02",
        "200312": "57.83",
        "200401": "58.17",
        "200402": "61.80",
        "200403": "57.41",
        "200404": "56.68",
        "200405": "50.01",
        "200406": "49.47",
        "200407": "47.51",
        "200408": "44.23",
        "200409": "44.43",
        "200410": "42.72",
        "200411": "45.38",
        "200412": "47.03",
        "200501": "44.99",
        "200502": "54.76",
        "200503": "53.20",
        "200504": "49.20",
        "200505": "46.98",
        "200506": "45.82",
        "200507": "42.86",
        "200508": "38.38",
        "200509": "38.51",
        "200510": "45.19",
        "200511": "40.95",
        "200512": "38.32",
        "200601": "37.70",
        "200602": "36.38",
        "200603": "35.41",
        "200604": "35.23",
        "200605": "37.93",
        "200606": "38.49",
        "200607": "42.47",
        "200608": "40.53",
        "200609": "36.71",
        "200610": "38.38",
        "200611": "40.38",
        "200612": "41.70",
        "200701": "46.33",
        "200702": "45.46",
        "200703": "44.25",
        "200704": "44.76",
        "200705": "47.50",
        "200706": "47.21",
        "200707": "55.86",
        "200708": "46.71",
        "200709": "50.36",
        "200710": "53.39",
        "200711": "48.24",
        "200712": "47.48",
        "200801": "43.93",
        "200802": "40.50",
        "200803": "40.98",
        "200804": "44.37",
        "200805": "44.80",
        "200806": "40.56",
        "200807": "38.71",
        "200808": "37.04",
        "200809": "33.33",
        "200810": "29.94",
        "200811": "29.88",
        "200812": "31.24",
        "200901": "32.79",
        "200902": "31.78",
        "200903": "32.00",
        "200904": "37.34",
        "200905": "39.68",
        "200906": "36.34",
        "200907": "39.29",
        "200908": "40.23",
        "200909": "41.68",
        "200910": "44.43",
        "200911": "50.78",
        "200912": "50.13",
        "201001": "48.61",
        "201002": "41.45",
        "201003": "44.22",
        "201004": "47.72",
        "201005": "46.33",
        "201006": "49.61",
        "201007": "50.27",
        "201008": "55.80",
        "201009": "52.71",
        "201010": "57.69",
        "201011": "58.24",
        "201012": "54.57",
        "201101": "51.82",
        "201102": "49.15",
        "201103": "47.03",
        "201104": "48.08",
        "201105": "52.54",
        "201106": "49.80",
        "201107": "49.49",
        "201108": "44.71",
        "201109": "44.50",
        "201110": "45.93",
        "201111": "47.66",
        "201112": "45.56",
        "201201": "45.62",
        "201202": "49.46",
        "201203": "49.67",
        "201204": "50.00",
        "201205": "47.50",
        "201206": "46.55",
        "201207": "49.20",
        "201208": "50.89",
        "201209": "49.68",
        "201210": "49.81",
        "201211": "57.49",
        "201212": "58.91",
        "201301": "59.07",
        "201302": "63.58",
        "201303": "68.47",
        "201304": "70.90",
        "201305": "84.65",
        "201306": "84.40",
        "201307": "80.68",
        "201308": "80.47",
        "201309": "80.83",
        "201310": "81.79",
        "201311": "78.85",
        "201312": "80.30",
        "201401": "81.10",
        "201402": "84.16",
        "201403": "86.59",
        "201404": "81.75",
        "201405": "79.24",
        "201406": "75.28",
        "201407": "74.03",
        "201408": "71.61",
        "201409": "72.09",
        "201410": "67.63",
        "201411": "62.75",
        "201412": "67.25",
        "201501": "69.20",
        "201502": "70.37",
        "201503": "71.14",
        "201504": "72.97",
        "201505": "70.50",
        "201506": "72.73",
        "201507": "72.80",
        "201508": "77.39",
        "201509": "81.05",
        "201510": "79.59",
        "201511": "87.38",
        "201512": "93.82",
        "201601": "85.20",
        "201602": "85.56",
        "201603": "91.62",
        "201604": "86.56",
        "201605": "82.86",
        "201606": "82.51",
        "201607": "83.06",
        "201608": "80.00",
        "201609": "76.61",
        "201610": "72.60",
        "201611": "72.88",
        "201612": "73.96",
        "201701": "75.14",
        "201702": "75.47",
        "201703": "73.45",
        "201704": "68.98",
        "201705": "70.24",
        "201706": "74.43",
        "201707": "73.71",
        "201708": "71.69",
        "201709": "75.28",
        "201710": "72.80",
        "201711": "74.07",
        "201712": "73.45",
        "201801": "72.01",
        "201802": "69.88",
        "201803": "74.26",
        "201804": "84.23",
        "201805": "84.44",
        "201806": "85.31",
        "201807": "85.74",
        "201808": "83.49",
        "201809": "83.71",
        "201810": "84.24",
        "201811": "84.35",
        "201812": "無",
        "201901": "無",
        "201902": "無",
        "201903": "無",
        "201904": "無",
        "201905": "無",
        "201906": "無",
        "201907": "無",
        "201908": "無",
        "201909": "無",
        "201910": "無",
        "201911": "無",
        "201912": "無",
        "202001": "無",
        "202002": "無",
        "202003": "無",
        "202004": "無",
        "202005": "無",
        "202006": "無",
        "202007": "無",
        "202008": "無",
        "202009": "無",
        "202010": "無",
        "202011": "無",
        "202012": "無",
        "202101": "無",
        "202102": "無",
        "202103": "無",
        "202104": "無",
        "202105": "無",
        "202106": "無",
        "202107": "無",
        "202108": "無",
        "202109": "無",
        "202110": "無",
        "202111": "無",
        "202112": "無",
        "202201": "無",
        "202202": "無",
        "202203": "無",
        "202204": "無",
        "202205": "無",
        "202206": "無",
        "202207": "無",
        "202208": "無",
        "202209": "無",
        "202210": "無",
        "202211": "無",
        "202212": "無",
        "202301": "無",
        "202302": "無",
        "202303": "無",
        "202304": "無",
        "202305": "無"
    },
    "quarters": {
        "20011": {
            "year_quarter": 20011,
            "year": 2001,
            "quarter": 1,
            "eps": 1.47,
            "eps_growth_year": 12.21,
            "eps_4q": 6.07,
            "eps_4q_growth_year": null,
            "roe": 8.6,
            "gross_profit": 155135,
            "gross_margin": 36.66,
            "net_income": 73626,
            "revenue": 423135,
            "common_shares": 502000,
            "equity": 881543,
            "current_ratio": 258.84,
            "debt_ratio": 19.96,
            "inventory_turnover_ratio": 2.35,
            "account_receivable_turnover_ratio": null,
            "reinvestment_rate": null,
            "research_to_sale_ratio": null,
            "price_fair": 0,
            "eps_avg_yearly": 0,
            "eps_latest_yearly": 0,
            "eps_growth_yearly": 0
        },
        "20012": {
            "year_quarter": 20012,
            "year": 2001,
            "quarter": 2,
            "eps": 1.71,
            "eps_growth_year": 1.79,
            "eps_4q": 6.58,
            "eps_4q_growth_year": null,
            "roe": 9.35,
            "gross_profit": 192237,
            "gross_margin": 39.46,
            "net_income": 86057,
            "revenue": 487153,
            "common_shares": 502000,
            "equity": 958769,
            "current_ratio": 274.04,
            "debt_ratio": 20.6,
            "inventory_turnover_ratio": 3.66,
            "account_receivable_turnover_ratio": null,
            "reinvestment_rate": null,
            "research_to_sale_ratio": null,
            "price_fair": 0,
            "eps_avg_yearly": 0,
            "eps_latest_yearly": 0,
            "eps_growth_yearly": 0
        },
        "20013": {
            "year_quarter": 20013,
            "year": 2001,
            "quarter": 3,
            "eps": 1.39,
            "eps_growth_year": -42.56,
            "eps_4q": 4.88,
            "eps_4q_growth_year": null,
            "roe": 9.76,
            "gross_profit": 203497,
            "gross_margin": 36.84,
            "net_income": 98367,
            "revenue": 552342,
            "common_shares": 705600,
            "equity": 1057077,
            "current_ratio": 269.14,
            "debt_ratio": 22.68,
            "inventory_turnover_ratio": 2.21,
            "account_receivable_turnover_ratio": null,
            "reinvestment_rate": null,
            "research_to_sale_ratio": null,
            "price_fair": 0,
            "eps_avg_yearly": 0,
            "eps_latest_yearly": 0,
            "eps_growth_yearly": 0
        },
        "20014": {
            "year_quarter": 20014,
            "year": 2001,
            "quarter": 4,
            "eps": 1.51,
            "eps_growth_year": -13.22,
            "eps_4q": 5.18,
            "eps_4q_growth_year": -6.28,
            "roe": 9.55,
            "gross_profit": 237824,
            "gross_margin": 38.05,
            "net_income": 106313,
            "revenue": 625077,
            "common_shares": 705600,
            "equity": 1169865,
            "current_ratio": 208.47,
            "debt_ratio": 35.72,
            "inventory_turnover_ratio": 1.72,
            "account_receivable_turnover_ratio": null,
            "reinvestment_rate": null,
            "research_to_sale_ratio": null,
            "price_fair": 0,
            "eps_avg_yearly": 0,
            "eps_latest_yearly": 0,
            "eps_growth_yearly": 0
        },
        "20021": {
            "year_quarter": 20021,
            "year": 2002,
            "quarter": 1,
            "eps": 1.11,
            "eps_growth_year": -24.49,
            "eps_4q": 5.23,
            "eps_4q_growth_year": -13.96,
            "roe": 6.48,
            "gross_profit": 139506,
            "gross_margin": 36.58,
            "net_income": 78417,
            "revenue": 381399,
            "common_shares": 705600,
            "equity": 1250437,
            "current_ratio": 324.37,
            "debt_ratio": 19.52,
            "inventory_turnover_ratio": 0.91,
            "account_receivable_turnover_ratio": null,
            "reinvestment_rate": null,
            "research_to_sale_ratio": null,
            "price_fair": 13.32,
            "eps_avg_yearly": 4.44,
            "eps_latest_yearly": 4.44,
            "eps_growth_yearly": -105.96
        },
        "20022": {
            "year_quarter": 20022,
            "year": 2002,
            "quarter": 2,
            "eps": 0.89,
            "eps_growth_year": -47.95,
            "eps_4q": 4.2,
            "eps_4q_growth_year": -36.16,
            "roe": 6.29,
            "gross_profit": 200178,
            "gross_margin": 38.02,
            "net_income": 76031,
            "revenue": 526485,
            "common_shares": 705600,
            "equity": 1168957,
            "current_ratio": 287.37,
            "debt_ratio": 44.54,
            "inventory_turnover_ratio": 1.05,
            "account_receivable_turnover_ratio": null,
            "reinvestment_rate": null,
            "research_to_sale_ratio": null,
            "price_fair": 12,
            "eps_avg_yearly": 4,
            "eps_latest_yearly": 3.56,
            "eps_growth_yearly": -92.62
        },
        "20023": {
            "year_quarter": 20023,
            "year": 2002,
            "quarter": 3,
            "eps": 1.19,
            "eps_growth_year": -14.39,
            "eps_4q": 4.27,
            "eps_4q_growth_year": -12.53,
            "roe": 8.21,
            "gross_profit": 221373,
            "gross_margin": 36.82,
            "net_income": 100876,
            "revenue": 601260,
            "common_shares": 850000,
            "equity": 1287333,
            "current_ratio": 381.04,
            "debt_ratio": 37.4,
            "inventory_turnover_ratio": 1.87,
            "account_receivable_turnover_ratio": null,
            "reinvestment_rate": null,
            "research_to_sale_ratio": null,
            "price_fair": 12.76,
            "eps_avg_yearly": 4.25,
            "eps_latest_yearly": 4.76,
            "eps_growth_yearly": -16.8
        },
        "20024": {
            "year_quarter": 20024,
            "year": 2002,
            "quarter": 4,
            "eps": -0.17,
            "eps_growth_year": -111.26,
            "eps_4q": 2.97,
            "eps_4q_growth_year": -42.64,
            "roe": -1.11,
            "gross_profit": 226058,
            "gross_margin": 43.01,
            "net_income": -14226,
            "revenue": 525613,
            "common_shares": 850000,
            "equity": 1277295,
            "current_ratio": 172.09,
            "debt_ratio": 51.78,
            "inventory_turnover_ratio": 1.35,
            "account_receivable_turnover_ratio": null,
            "reinvestment_rate": null,
            "research_to_sale_ratio": null,
            "price_fair": 12.76,
            "eps_avg_yearly": 4.25,
            "eps_latest_yearly": 4.76,
            "eps_growth_yearly": -16.8
        },
        "20031": {
            "year_quarter": 20031,
            "year": 2003,
            "quarter": 1,
            "eps": 0.77,
            "eps_growth_year": -30.63,
            "eps_4q": 2.68,
            "eps_4q_growth_year": -48.68,
            "roe": 5.01,
            "gross_profit": 167791,
            "gross_margin": 40.95,
            "net_income": 65528,
            "revenue": 409756,
            "common_shares": 850000,
            "equity": 1336049,
            "current_ratio": 491.01,
            "debt_ratio": 33.59,
            "inventory_turnover_ratio": 1.1,
            "account_receivable_turnover_ratio": null,
            "reinvestment_rate": null,
            "research_to_sale_ratio": null,
            "price_fair": 12.76,
            "eps_avg_yearly": 4.25,
            "eps_latest_yearly": 4.76,
            "eps_growth_yearly": -16.8
        },
        "20032": {
            "year_quarter": 20032,
            "year": 2003,
            "quarter": 2,
            "eps": 0.82,
            "eps_growth_year": -7.87,
            "eps_4q": 2.52,
            "eps_4q_growth_year": -39.97,
            "roe": 5.69,
            "gross_profit": 313907,
            "gross_margin": 40.63,
            "net_income": 73246,
            "revenue": 772548,
            "common_shares": 850000,
            "equity": 1239632,
            "current_ratio": 255.32,
            "debt_ratio": 44.6,
            "inventory_turnover_ratio": 13.11,
            "account_receivable_turnover_ratio": null,
            "reinvestment_rate": null,
            "research_to_sale_ratio": null,
            "price_fair": 12.03,
            "eps_avg_yearly": 4.01,
            "eps_latest_yearly": 3.28,
            "eps_growth_yearly": -6.11
        },
        "20033": {
            "year_quarter": 20033,
            "year": 2003,
            "quarter": 3,
            "eps": 0.68,
            "eps_growth_year": -42.86,
            "eps_4q": 2.06,
            "eps_4q_growth_year": -51.65,
            "roe": 4.83,
            "gross_profit": 274148,
            "gross_margin": 40.8,
            "net_income": 61247,
            "revenue": 671927,
            "common_shares": 895500,
            "equity": 1298582,
            "current_ratio": 275.5,
            "debt_ratio": 42.5,
            "inventory_turnover_ratio": 10.92,
            "account_receivable_turnover_ratio": null,
            "reinvestment_rate": null,
            "research_to_sale_ratio": null,
            "price_fair": 11.26,
            "eps_avg_yearly": 3.75,
            "eps_latest_yearly": 2.72,
            "eps_growth_yearly": -18.55
        },
        "20034": {
            "year_quarter": 20034,
            "year": 2003,
            "quarter": 4,
            "eps": 0.36,
            "eps_growth_year": null,
            "eps_4q": 2.61,
            "eps_4q_growth_year": -12.01,
            "roe": 2.42,
            "gross_profit": 197509,
            "gross_margin": 38.99,
            "net_income": 31974,
            "revenue": 506610,
            "common_shares": 895500,
            "equity": 1342741,
            "current_ratio": 118.93,
            "debt_ratio": 57.12,
            "inventory_turnover_ratio": 1.3,
            "account_receivable_turnover_ratio": null,
            "reinvestment_rate": 25.88,
            "research_to_sale_ratio": null,
            "price_fair": 10.1,
            "eps_avg_yearly": 3.37,
            "eps_latest_yearly": 1.44,
            "eps_growth_yearly": -46.83
        },
        "20041": {
            "year_quarter": 20041,
            "year": 2004,
            "quarter": 1,
            "eps": 0.61,
            "eps_growth_year": -20.78,
            "eps_4q": 2.46,
            "eps_4q_growth_year": -8.4,
            "roe": 4.02,
            "gross_profit": 198141,
            "gross_margin": 37.38,
            "net_income": 54998,
            "revenue": 530061,
            "common_shares": 895500,
            "equity": 1392147,
            "current_ratio": 234.76,
            "debt_ratio": 56.27,
            "inventory_turnover_ratio": 1.39,
            "account_receivable_turnover_ratio": null,
            "reinvestment_rate": -1.27,
            "research_to_sale_ratio": null,
            "price_fair": 9.7,
            "eps_avg_yearly": 3.23,
            "eps_latest_yearly": 2.44,
            "eps_growth_yearly": -0.45
        },
        "20042": {
            "year_quarter": 20042,
            "year": 2004,
            "quarter": 2,
            "eps": 0.58,
            "eps_growth_year": -29.27,
            "eps_4q": 2.07,
            "eps_4q_growth_year": -17.86,
            "roe": 4.18,
            "gross_profit": 233994,
            "gross_margin": 35.08,
            "net_income": 57587,
            "revenue": 667045,
            "common_shares": 895500,
            "equity": 1360233,
            "current_ratio": 220.45,
            "debt_ratio": 58.72,
            "inventory_turnover_ratio": 11.32,
            "account_receivable_turnover_ratio": null,
            "reinvestment_rate": -1.38,
            "research_to_sale_ratio": null,
            "price_fair": 9.36,
            "eps_avg_yearly": 3.12,
            "eps_latest_yearly": 2.32,
            "eps_growth_yearly": -2.86
        },
        "20043": {
            "year_quarter": 20043,
            "year": 2004,
            "quarter": 3,
            "eps": 1.39,
            "eps_growth_year": 104.41,
            "eps_4q": 2.84,
            "eps_4q_growth_year": 37.88,
            "roe": 9.67,
            "gross_profit": 351103,
            "gross_margin": 33.84,
            "net_income": 138180,
            "revenue": 1037590,
            "common_shares": 993050,
            "equity": 1496283,
            "current_ratio": 281.08,
            "debt_ratio": 54.4,
            "inventory_turnover_ratio": 18.54,
            "account_receivable_turnover_ratio": null,
            "reinvestment_rate": -3.31,
            "research_to_sale_ratio": null,
            "price_fair": 118.69,
            "eps_avg_yearly": 3.39,
            "eps_latest_yearly": 5.56,
            "eps_growth_yearly": 59.53
        },
        "20044": {
            "year_quarter": 20044,
            "year": 2004,
            "quarter": 4,
            "eps": 0.25,
            "eps_growth_year": -30.56,
            "eps_4q": 2.78,
            "eps_4q_growth_year": 6.45,
            "roe": 1.66,
            "gross_profit": 209806,
            "gross_margin": 30.11,
            "net_income": 24774,
            "revenue": 696901,
            "common_shares": 993050,
            "equity": 1487590,
            "current_ratio": 281.49,
            "debt_ratio": 55.99,
            "inventory_turnover_ratio": 1.91,
            "account_receivable_turnover_ratio": null,
            "reinvestment_rate": 6.12,
            "research_to_sale_ratio": null,
            "price_fair": 96.99,
            "eps_avg_yearly": 3.15,
            "eps_latest_yearly": 1,
            "eps_growth_yearly": 20.77
        },
        "20051": {
            "year_quarter": 20051,
            "year": 2005,
            "quarter": 1,
            "eps": 0.43,
            "eps_growth_year": -29.51,
            "eps_4q": 2.64,
            "eps_4q_growth_year": 7.29,
            "roe": 2.63,
            "gross_profit": 211366,
            "gross_margin": 38.49,
            "net_income": 43002,
            "revenue": 549098,
            "common_shares": 1044598,
            "equity": 1780500,
            "current_ratio": 125.13,
            "debt_ratio": 41.66,
            "inventory_turnover_ratio": 1.35,
            "account_receivable_turnover_ratio": null,
            "reinvestment_rate": -3.61,
            "research_to_sale_ratio": null,
            "price_fair": 105.76,
            "eps_avg_yearly": 3.02,
            "eps_latest_yearly": 1.72,
            "eps_growth_yearly": 45.06
        },
        "20052": {
            "year_quarter": 20052,
            "year": 2005,
            "quarter": 2,
            "eps": 0.33,
            "eps_growth_year": -43.1,
            "eps_4q": 2.35,
            "eps_4q_growth_year": 13.31,
            "roe": 1.99,
            "gross_profit": 226818,
            "gross_margin": 34.9,
            "net_income": 33667,
            "revenue": 649985,
            "common_shares": 1046110,
            "equity": 1605446,
            "current_ratio": 109.06,
            "debt_ratio": 50.46,
            "inventory_turnover_ratio": 4.35,
            "account_receivable_turnover_ratio": null,
            "reinvestment_rate": -4.17,
            "research_to_sale_ratio": null,
            "price_fair": 100.8,
            "eps_avg_yearly": 2.88,
            "eps_latest_yearly": 1.32,
            "eps_growth_yearly": 33.56
        },
        "20053": {
            "year_quarter": 20053,
            "year": 2005,
            "quarter": 3,
            "eps": 1.5,
            "eps_growth_year": 7.91,
            "eps_4q": 2.43,
            "eps_4q_growth_year": -14.52,
            "roe": 9.6,
            "gross_profit": 339832,
            "gross_margin": 32.46,
            "net_income": 163421,
            "revenue": 1046884,
            "common_shares": 1116296,
            "equity": 1800601,
            "current_ratio": 136.85,
            "debt_ratio": 41.92,
            "inventory_turnover_ratio": 7,
            "account_receivable_turnover_ratio": null,
            "reinvestment_rate": -3.82,
            "research_to_sale_ratio": null,
            "price_fair": 109.2,
            "eps_avg_yearly": 3.12,
            "eps_latest_yearly": 6,
            "eps_growth_yearly": 140.07
        },
        "20054": {
            "year_quarter": 20054,
            "year": 2005,
            "quarter": 4,
            "eps": 0.56,
            "eps_growth_year": 124,
            "eps_4q": 2.75,
            "eps_4q_growth_year": -0.95,
            "roe": 3.34,
            "gross_profit": 284007,
            "gross_margin": 31.18,
            "net_income": 61275,
            "revenue": 910964,
            "common_shares": 1122609,
            "equity": 1871757,
            "current_ratio": 177.72,
            "debt_ratio": 42.5,
            "inventory_turnover_ratio": 2.72,
            "account_receivable_turnover_ratio": null,
            "reinvestment_rate": -10.51,
            "research_to_sale_ratio": null,
            "price_fair": 107,
            "eps_avg_yearly": 3.06,
            "eps_latest_yearly": 2.24,
            "eps_growth_yearly": 112.16
        },
        "20061": {
            "year_quarter": 20061,
            "year": 2006,
            "quarter": 1,
            "eps": 0.85,
            "eps_growth_year": 97.67,
            "eps_4q": 3.16,
            "eps_4q_growth_year": 19.82,
            "roe": 4.96,
            "gross_profit": 286229,
            "gross_margin": 36.36,
            "net_income": 95166,
            "revenue": 787158,
            "common_shares": 1122609,
            "equity": 1962572,
            "current_ratio": 157.87,
            "debt_ratio": 34.43,
            "inventory_turnover_ratio": 2.13,
            "account_receivable_turnover_ratio": null,
            "reinvestment_rate": -4.56,
            "research_to_sale_ratio": null,
            "price_fair": 104.4,
            "eps_avg_yearly": 2.98,
            "eps_latest_yearly": 3.4,
            "eps_growth_yearly": 134.52
        },
        "20062": {
            "year_quarter": 20062,
            "year": 2006,
            "quarter": 2,
            "eps": 0.6,
            "eps_growth_year": 81.82,
            "eps_4q": 3.47,
            "eps_4q_growth_year": 47.7,
            "roe": 3.49,
            "gross_profit": 379784,
            "gross_margin": 36.44,
            "net_income": 66890,
            "revenue": 1042164,
            "common_shares": 1129317,
            "equity": 1872986,
            "current_ratio": 135.15,
            "debt_ratio": 45.04,
            "inventory_turnover_ratio": 3.55,
            "account_receivable_turnover_ratio": null,
            "reinvestment_rate": -2.63,
            "research_to_sale_ratio": null,
            "price_fair": 101.5,
            "eps_avg_yearly": 2.9,
            "eps_latest_yearly": 2.4,
            "eps_growth_yearly": 131.78
        },
        "20063": {
            "year_quarter": 20063,
            "year": 2006,
            "quarter": 3,
            "eps": 1.31,
            "eps_growth_year": -12.67,
            "eps_4q": 3.25,
            "eps_4q_growth_year": 33.76,
            "roe": 7.68,
            "gross_profit": 335678,
            "gross_margin": 28.76,
            "net_income": 150661,
            "revenue": 1167094,
            "common_shares": 1159606,
            "equity": 2051800,
            "current_ratio": 145.63,
            "debt_ratio": 42.78,
            "inventory_turnover_ratio": 2.58,
            "account_receivable_turnover_ratio": null,
            "reinvestment_rate": -0.36,
            "research_to_sale_ratio": null,
            "price_fair": 102.7,
            "eps_avg_yearly": 2.93,
            "eps_latest_yearly": 5.24,
            "eps_growth_yearly": 155.96
        },
        "20064": {
            "year_quarter": 20064,
            "year": 2006,
            "quarter": 4,
            "eps": 0.7,
            "eps_growth_year": 25,
            "eps_4q": 3.43,
            "eps_4q_growth_year": 24.5,
            "roe": 3.84,
            "gross_profit": 254223,
            "gross_margin": 27.46,
            "net_income": 80211,
            "revenue": 925955,
            "common_shares": 1159606,
            "equity": 2123108,
            "current_ratio": 215.53,
            "debt_ratio": 37.63,
            "inventory_turnover_ratio": 1.48,
            "account_receivable_turnover_ratio": null,
            "reinvestment_rate": -20.95,
            "research_to_sale_ratio": null,
            "price_fair": 102.39,
            "eps_avg_yearly": 2.93,
            "eps_latest_yearly": 2.8,
            "eps_growth_yearly": 133.15
        },
        "20071": {
            "year_quarter": 20071,
            "year": 2007,
            "quarter": 1,
            "eps": 0.78,
            "eps_growth_year": -8.24,
            "eps_4q": 3.37,
            "eps_4q_growth_year": 6.62,
            "roe": 4.13,
            "gross_profit": 257387,
            "gross_margin": 34.03,
            "net_income": 89787,
            "revenue": 756343,
            "common_shares": 1159606,
            "equity": 2222645,
            "current_ratio": 224.83,
            "debt_ratio": 26.49,
            "inventory_turnover_ratio": 1.28,
            "account_receivable_turnover_ratio": null,
            "reinvestment_rate": -0.79,
            "research_to_sale_ratio": null,
            "price_fair": 102.81,
            "eps_avg_yearly": 2.94,
            "eps_latest_yearly": 3.12,
            "eps_growth_yearly": 127.68
        },
        "20072": {
            "year_quarter": 20072,
            "year": 2007,
            "quarter": 2,
            "eps": 0.75,
            "eps_growth_year": 25,
            "eps_4q": 3.52,
            "eps_4q_growth_year": 1.42,
            "roe": 4.07,
            "gross_profit": 254051,
            "gross_margin": 29.27,
            "net_income": 86869,
            "revenue": 867924,
            "common_shares": 1159606,
            "equity": 2044055,
            "current_ratio": 195.6,
            "debt_ratio": 26.47,
            "inventory_turnover_ratio": 2.76,
            "account_receivable_turnover_ratio": null,
            "reinvestment_rate": -0.77,
            "research_to_sale_ratio": null,
            "price_fair": 102.2,
            "eps_avg_yearly": 2.92,
            "eps_latest_yearly": 3,
            "eps_growth_yearly": 125.1
        },
        "20073": {
            "year_quarter": 20073,
            "year": 2007,
            "quarter": 3,
            "eps": 1.57,
            "eps_growth_year": 19.85,
            "eps_4q": 3.76,
            "eps_4q_growth_year": 15.51,
            "roe": 8.6,
            "gross_profit": 268971,
            "gross_margin": 23.62,
            "net_income": 184460,
            "revenue": 1138789,
            "common_shares": 1184877,
            "equity": 2244514,
            "current_ratio": 229.86,
            "debt_ratio": 26.32,
            "inventory_turnover_ratio": 2.87,
            "account_receivable_turnover_ratio": null,
            "reinvestment_rate": -0.7,
            "research_to_sale_ratio": null,
            "price_fair": 109.99,
            "eps_avg_yearly": 3.14,
            "eps_latest_yearly": 6.28,
            "eps_growth_yearly": 156.7
        },
        "20074": {
            "year_quarter": 20074,
            "year": 2007,
            "quarter": 4,
            "eps": 0.72,
            "eps_growth_year": 2.86,
            "eps_4q": 3.78,
            "eps_4q_growth_year": 10.12,
            "roe": 3.72,
            "gross_profit": 244896,
            "gross_margin": 24.58,
            "net_income": 85081,
            "revenue": 996433,
            "common_shares": 1176707,
            "equity": 2327375,
            "current_ratio": 293.21,
            "debt_ratio": 29.08,
            "inventory_turnover_ratio": 1.75,
            "account_receivable_turnover_ratio": null,
            "reinvestment_rate": -16.58,
            "research_to_sale_ratio": null,
            "price_fair": 113.14,
            "eps_avg_yearly": 3.23,
            "eps_latest_yearly": 2.88,
            "eps_growth_yearly": 154.93
        },
        "20081": {
            "year_quarter": 20081,
            "year": 2008,
            "quarter": 1,
            "eps": 0.72,
            "eps_growth_year": -7.69,
            "eps_4q": 3.73,
            "eps_4q_growth_year": 10.81,
            "roe": 3.6,
            "gross_profit": 415663,
            "gross_margin": 44.61,
            "net_income": 85238,
            "revenue": 931810,
            "common_shares": 1176707,
            "equity": 2406641,
            "current_ratio": 272.36,
            "debt_ratio": 31.92,
            "inventory_turnover_ratio": 0.88,
            "account_receivable_turnover_ratio": null,
            "reinvestment_rate": 14.45,
            "research_to_sale_ratio": null,
            "price_fair": 114.1,
            "eps_avg_yearly": 3.26,
            "eps_latest_yearly": 2.88,
            "eps_growth_yearly": 137.57
        },
        "20082": {
            "year_quarter": 20082,
            "year": 2008,
            "quarter": 2,
            "eps": 0.94,
            "eps_growth_year": 25.33,
            "eps_4q": 3.94,
            "eps_4q_growth_year": 11.98,
            "roe": 4.87,
            "gross_profit": 464490,
            "gross_margin": 42.89,
            "net_income": 111168,
            "revenue": 1082875,
            "common_shares": 1176707,
            "equity": 2155162,
            "current_ratio": 209.2,
            "debt_ratio": 40.81,
            "inventory_turnover_ratio": 0.81,
            "account_receivable_turnover_ratio": null,
            "reinvestment_rate": 14.26,
            "research_to_sale_ratio": null,
            "price_fair": 117.25,
            "eps_avg_yearly": 3.35,
            "eps_latest_yearly": 3.76,
            "eps_growth_yearly": 146.43
        },
        "20083": {
            "year_quarter": 20083,
            "year": 2008,
            "quarter": 3,
            "eps": 1.55,
            "eps_growth_year": -1.27,
            "eps_4q": 3.92,
            "eps_4q_growth_year": 4.39,
            "roe": 8.11,
            "gross_profit": 554216,
            "gross_margin": 36.69,
            "net_income": 184049,
            "revenue": 1510740,
            "common_shares": 1186591,
            "equity": 2380999,
            "current_ratio": 235.22,
            "debt_ratio": 36.46,
            "inventory_turnover_ratio": 1.1,
            "account_receivable_turnover_ratio": null,
            "reinvestment_rate": 15.16,
            "research_to_sale_ratio": null,
            "price_fair": 118.65,
            "eps_avg_yearly": 3.39,
            "eps_latest_yearly": 6.2,
            "eps_growth_yearly": 127.74
        },
        "20084": {
            "year_quarter": 20084,
            "year": 2008,
            "quarter": 4,
            "eps": 0.53,
            "eps_growth_year": -26.39,
            "eps_4q": 3.7,
            "eps_4q_growth_year": -1.97,
            "roe": 2.61,
            "gross_profit": 495802,
            "gross_margin": 38.75,
            "net_income": 63427,
            "revenue": 1279493,
            "common_shares": 1186591,
            "equity": 2470560,
            "current_ratio": 283.84,
            "debt_ratio": 30.75,
            "inventory_turnover_ratio": 1.04,
            "account_receivable_turnover_ratio": 2.15,
            "reinvestment_rate": -4.23,
            "research_to_sale_ratio": null,
            "price_fair": 121.1,
            "eps_avg_yearly": 3.46,
            "eps_latest_yearly": 2.12,
            "eps_growth_yearly": 131.8
        },
        "20091": {
            "year_quarter": 20091,
            "year": 2009,
            "quarter": 1,
            "eps": 0.35,
            "eps_growth_year": -51.39,
            "eps_4q": 3.35,
            "eps_4q_growth_year": -10.19,
            "roe": 1.67,
            "gross_profit": 330683,
            "gross_margin": 42.54,
            "net_income": 41731,
            "revenue": 777411,
            "common_shares": 1186591,
            "equity": 2515513,
            "current_ratio": 325.67,
            "debt_ratio": 26.47,
            "inventory_turnover_ratio": 0.7,
            "account_receivable_turnover_ratio": 0.8,
            "reinvestment_rate": 13.94,
            "research_to_sale_ratio": null,
            "price_fair": 120.4,
            "eps_avg_yearly": 3.44,
            "eps_latest_yearly": 1.4,
            "eps_growth_yearly": 105.31
        },
        "20092": {
            "year_quarter": 20092,
            "year": 2009,
            "quarter": 2,
            "eps": 0.7,
            "eps_growth_year": -25.53,
            "eps_4q": 3.06,
            "eps_4q_growth_year": -22.32,
            "roe": 3.56,
            "gross_profit": 392320,
            "gross_margin": 45.41,
            "net_income": 85485,
            "revenue": 863878,
            "common_shares": 1186591,
            "equity": 2286178,
            "current_ratio": 222.16,
            "debt_ratio": 39.88,
            "inventory_turnover_ratio": 0.61,
            "account_receivable_turnover_ratio": 1.21,
            "reinvestment_rate": 13.24,
            "research_to_sale_ratio": null,
            "price_fair": 123.64,
            "eps_avg_yearly": 3.53,
            "eps_latest_yearly": 2.8,
            "eps_growth_yearly": 136.12
        },
        "20093": {
            "year_quarter": 20093,
            "year": 2009,
            "quarter": 3,
            "eps": 2.5,
            "eps_growth_year": 61.29,
            "eps_4q": 4.05,
            "eps_4q_growth_year": 3.26,
            "roe": 12.55,
            "gross_profit": 753227,
            "gross_margin": 38.66,
            "net_income": 306116,
            "revenue": 1948584,
            "common_shares": 1222189,
            "equity": 2594078,
            "current_ratio": 222.64,
            "debt_ratio": 41.09,
            "inventory_turnover_ratio": 1.35,
            "account_receivable_turnover_ratio": 1.75,
            "reinvestment_rate": 11.43,
            "research_to_sale_ratio": null,
            "price_fair": 132.39,
            "eps_avg_yearly": 3.78,
            "eps_latest_yearly": 10,
            "eps_growth_yearly": 111.77
        },
        "20094": {
            "year_quarter": 20094,
            "year": 2009,
            "quarter": 4,
            "eps": 0.85,
            "eps_growth_year": 60.38,
            "eps_4q": 4.4,
            "eps_4q_growth_year": 18.82,
            "roe": 3.95,
            "gross_profit": 745050,
            "gross_margin": 46.54,
            "net_income": 104186,
            "revenue": 1600925,
            "common_shares": 1222189,
            "equity": 2680696,
            "current_ratio": 240.08,
            "debt_ratio": 39.6,
            "inventory_turnover_ratio": 1.11,
            "account_receivable_turnover_ratio": 1.54,
            "reinvestment_rate": -3.63,
            "research_to_sale_ratio": null,
            "price_fair": 134.93,
            "eps_avg_yearly": 3.86,
            "eps_latest_yearly": 3.4,
            "eps_growth_yearly": 110.94
        },
        "20101": {
            "year_quarter": 20101,
            "year": 2010,
            "quarter": 1,
            "eps": 1.03,
            "eps_growth_year": 194.29,
            "eps_4q": 5.08,
            "eps_4q_growth_year": 51.7,
            "roe": 4.59,
            "gross_profit": 456472,
            "gross_margin": 45.27,
            "net_income": 125369,
            "revenue": 1008408,
            "common_shares": 1222189,
            "equity": 2786482,
            "current_ratio": 275.15,
            "debt_ratio": 34.1,
            "inventory_turnover_ratio": 0.78,
            "account_receivable_turnover_ratio": 0.7,
            "reinvestment_rate": 12.08,
            "research_to_sale_ratio": 2.99,
            "price_fair": 136.5,
            "eps_avg_yearly": 3.9,
            "eps_latest_yearly": 4.12,
            "eps_growth_yearly": 103.28
        },
        "20102": {
            "year_quarter": 20102,
            "year": 2010,
            "quarter": 2,
            "eps": 0.35,
            "eps_growth_year": -49.58,
            "eps_4q": 4.74,
            "eps_4q_growth_year": 54.73,
            "roe": 1.65,
            "gross_profit": 398569,
            "gross_margin": 35.91,
            "net_income": 43132,
            "revenue": 1109968,
            "common_shares": 1222189,
            "equity": 2441530,
            "current_ratio": 195.56,
            "debt_ratio": 47.03,
            "inventory_turnover_ratio": 0.76,
            "account_receivable_turnover_ratio": 1.45,
            "reinvestment_rate": 14.85,
            "research_to_sale_ratio": 3.86,
            "price_fair": 134.31,
            "eps_avg_yearly": 3.84,
            "eps_latest_yearly": 1.4,
            "eps_growth_yearly": 94.13
        },
        "20103": {
            "year_quarter": 20103,
            "year": 2010,
            "quarter": 3,
            "eps": 1.72,
            "eps_growth_year": -31.38,
            "eps_4q": 3.95,
            "eps_4q_growth_year": -2.53,
            "roe": 8.22,
            "gross_profit": 658948,
            "gross_margin": 30.71,
            "net_income": 209661,
            "revenue": 2145865,
            "common_shares": 1222189,
            "equity": 2659160,
            "current_ratio": 198.32,
            "debt_ratio": 46.09,
            "inventory_turnover_ratio": 1.35,
            "account_receivable_turnover_ratio": 1.1,
            "reinvestment_rate": 14.59,
            "research_to_sale_ratio": 1.85,
            "price_fair": 137.9,
            "eps_avg_yearly": 3.94,
            "eps_latest_yearly": 6.88,
            "eps_growth_yearly": 162.4
        },
        "20104": {
            "year_quarter": 20104,
            "year": 2010,
            "quarter": 4,
            "eps": 0.43,
            "eps_growth_year": -49.87,
            "eps_4q": 3.52,
            "eps_4q_growth_year": -19.96,
            "roe": 1.96,
            "gross_profit": 553809,
            "gross_margin": 40.76,
            "net_income": 52077,
            "revenue": 1358633,
            "common_shares": 1222189,
            "equity": 2641711,
            "current_ratio": 222.27,
            "debt_ratio": 40.75,
            "inventory_turnover_ratio": 0.9,
            "account_receivable_turnover_ratio": 0.51,
            "reinvestment_rate": -1.43,
            "research_to_sale_ratio": 3.15,
            "price_fair": 135.54,
            "eps_avg_yearly": 3.87,
            "eps_latest_yearly": 1.72,
            "eps_growth_yearly": 155.3
        },
        "20111": {
            "year_quarter": 20111,
            "year": 2011,
            "quarter": 1,
            "eps": 0.79,
            "eps_growth_year": -23.3,
            "eps_4q": 3.28,
            "eps_4q_growth_year": -35.39,
            "roe": 3.58,
            "gross_profit": 334312,
            "gross_margin": 42,
            "net_income": 96465,
            "revenue": 795980,
            "common_shares": 1222189,
            "equity": 2754226,
            "current_ratio": 199.38,
            "debt_ratio": 45.02,
            "inventory_turnover_ratio": 0.54,
            "account_receivable_turnover_ratio": 0.46,
            "reinvestment_rate": 12.94,
            "research_to_sale_ratio": 4.56,
            "price_fair": 135.63,
            "eps_avg_yearly": 3.88,
            "eps_latest_yearly": 3.16,
            "eps_growth_yearly": 173.37
        },
        "20112": {
            "year_quarter": 20112,
            "year": 2011,
            "quarter": 2,
            "eps": 0.44,
            "eps_growth_year": 23.37,
            "eps_4q": 3.37,
            "eps_4q_growth_year": -28.92,
            "roe": 2.06,
            "gross_profit": 323134,
            "gross_margin": 38.94,
            "net_income": 53214,
            "revenue": 829737,
            "common_shares": 1222189,
            "equity": 2416109,
            "current_ratio": 184.06,
            "debt_ratio": 48.93,
            "inventory_turnover_ratio": 0.42,
            "account_receivable_turnover_ratio": 0.74,
            "reinvestment_rate": 14.22,
            "research_to_sale_ratio": 4.63,
            "price_fair": 132.91,
            "eps_avg_yearly": 3.8,
            "eps_latest_yearly": 1.76,
            "eps_growth_yearly": 163.25
        },
        "20113": {
            "year_quarter": 20113,
            "year": 2011,
            "quarter": 3,
            "eps": 2.01,
            "eps_growth_year": 17.16,
            "eps_4q": 3.66,
            "eps_4q_growth_year": -7.25,
            "roe": 9.64,
            "gross_profit": 729678,
            "gross_margin": 35.47,
            "net_income": 245632,
            "revenue": 2057425,
            "common_shares": 1222189,
            "equity": 2677648,
            "current_ratio": 176.48,
            "debt_ratio": 51.72,
            "inventory_turnover_ratio": 0.89,
            "account_receivable_turnover_ratio": 1,
            "reinvestment_rate": 13.45,
            "research_to_sale_ratio": 2.2,
            "price_fair": 136.76,
            "eps_avg_yearly": 3.91,
            "eps_latest_yearly": 8.04,
            "eps_growth_yearly": 225.13
        },
        "20114": {
            "year_quarter": 20114,
            "year": 2011,
            "quarter": 4,
            "eps": 0.6,
            "eps_growth_year": 41.17,
            "eps_4q": 3.84,
            "eps_4q_growth_year": 8.97,
            "roe": 2.69,
            "gross_profit": 464440,
            "gross_margin": 31,
            "net_income": 73361,
            "revenue": 1497951,
            "common_shares": 1222189,
            "equity": 2769776,
            "current_ratio": 249.41,
            "debt_ratio": 36.76,
            "inventory_turnover_ratio": 0.88,
            "account_receivable_turnover_ratio": 0.52,
            "reinvestment_rate": 0.37,
            "research_to_sale_ratio": 2.07,
            "price_fair": 135.71,
            "eps_avg_yearly": 3.88,
            "eps_latest_yearly": 2.4,
            "eps_growth_yearly": 221.12
        },
        "20121": {
            "year_quarter": 20121,
            "year": 2012,
            "quarter": 1,
            "eps": 0.7,
            "eps_growth_year": -11.39,
            "eps_4q": 3.75,
            "eps_4q_growth_year": 14.05,
            "roe": 3.04,
            "gross_profit": 387221,
            "gross_margin": 40.73,
            "net_income": 85355,
            "revenue": 950600,
            "common_shares": 1222189,
            "equity": 2838098,
            "current_ratio": 278.79,
            "debt_ratio": 33.56,
            "inventory_turnover_ratio": 0.75,
            "account_receivable_turnover_ratio": 0.51,
            "reinvestment_rate": 0.5,
            "research_to_sale_ratio": 3.79,
            "price_fair": 135.54,
            "eps_avg_yearly": 3.87,
            "eps_latest_yearly": 2.8,
            "eps_growth_yearly": 225.29
        },
        "20122": {
            "year_quarter": 20122,
            "year": 2012,
            "quarter": 2,
            "eps": 0.9,
            "eps_growth_year": 106.62,
            "eps_4q": 4.21,
            "eps_4q_growth_year": 25.04,
            "roe": 4.05,
            "gross_profit": 435431,
            "gross_margin": 46.08,
            "net_income": 109783,
            "revenue": 945006,
            "common_shares": 1222189,
            "equity": 2578343,
            "current_ratio": 213.79,
            "debt_ratio": 43.13,
            "inventory_turnover_ratio": 0.51,
            "account_receivable_turnover_ratio": 0.85,
            "reinvestment_rate": -0.08,
            "research_to_sale_ratio": 3.81,
            "price_fair": 135.19,
            "eps_avg_yearly": 3.86,
            "eps_latest_yearly": 3.6,
            "eps_growth_yearly": 224.79
        },
        "20123": {
            "year_quarter": 20123,
            "year": 2012,
            "quarter": 3,
            "eps": 2.83,
            "eps_growth_year": 40.62,
            "eps_4q": 5.27,
            "eps_4q_growth_year": 43.97,
            "roe": 11.63,
            "gross_profit": 761938,
            "gross_margin": 37.07,
            "net_income": 310772,
            "revenue": 2055498,
            "common_shares": 1099970,
            "equity": 2765844,
            "current_ratio": 209.27,
            "debt_ratio": 45.19,
            "inventory_turnover_ratio": 1.12,
            "account_receivable_turnover_ratio": 1,
            "reinvestment_rate": -1.08,
            "research_to_sale_ratio": 2.15,
            "price_fair": 146.39,
            "eps_avg_yearly": 4.18,
            "eps_latest_yearly": 11.32,
            "eps_growth_yearly": 262.18
        },
        "20124": {
            "year_quarter": 20124,
            "year": 2012,
            "quarter": 4,
            "eps": 0.46,
            "eps_growth_year": -22.96,
            "eps_4q": 5.07,
            "eps_4q_growth_year": 32.04,
            "roe": 1.83,
            "gross_profit": 421352,
            "gross_margin": 29.74,
            "net_income": 50877,
            "revenue": 1416648,
            "common_shares": 1099970,
            "equity": 2800526,
            "current_ratio": 246.61,
            "debt_ratio": 38.06,
            "inventory_turnover_ratio": 1.12,
            "account_receivable_turnover_ratio": 0.53,
            "reinvestment_rate": -1.85,
            "research_to_sale_ratio": 3.39,
            "price_fair": 145.78,
            "eps_avg_yearly": 4.17,
            "eps_latest_yearly": 1.84,
            "eps_growth_yearly": 257.7
        },
        "20131": {
            "year_quarter": 20131,
            "year": 2013,
            "quarter": 1,
            "eps": 1.2,
            "eps_growth_year": 71.43,
            "eps_4q": 5.49,
            "eps_4q_growth_year": 46.62,
            "roe": 4.59,
            "gross_profit": 355536,
            "gross_margin": 38.43,
            "net_income": 131957,
            "revenue": 925219,
            "common_shares": 1099970,
            "equity": 2952949,
            "current_ratio": 319.6,
            "debt_ratio": 30.29,
            "inventory_turnover_ratio": 0.74,
            "account_receivable_turnover_ratio": 0.59,
            "reinvestment_rate": 0.75,
            "research_to_sale_ratio": 3.75,
            "price_fair": 153.21,
            "eps_avg_yearly": 4.38,
            "eps_latest_yearly": 4.8,
            "eps_growth_yearly": 306.41
        },
        "20132": {
            "year_quarter": 20132,
            "year": 2013,
            "quarter": 2,
            "eps": 1.19,
            "eps_growth_year": 32.28,
            "eps_4q": 5.68,
            "eps_4q_growth_year": 34.86,
            "roe": 4.61,
            "gross_profit": 440676,
            "gross_margin": 41.29,
            "net_income": 129249,
            "revenue": 1067261,
            "common_shares": 1099970,
            "equity": 2653070,
            "current_ratio": 199.94,
            "debt_ratio": 46.21,
            "inventory_turnover_ratio": 0.59,
            "account_receivable_turnover_ratio": 1.41,
            "reinvestment_rate": 1,
            "research_to_sale_ratio": 3.71,
            "price_fair": 157.5,
            "eps_avg_yearly": 4.5,
            "eps_latest_yearly": 4.76,
            "eps_growth_yearly": 281.2
        },
        "20133": {
            "year_quarter": 20133,
            "year": 2013,
            "quarter": 3,
            "eps": 2.38,
            "eps_growth_year": -15.79,
            "eps_4q": 5.23,
            "eps_4q_growth_year": -0.83,
            "roe": 9.37,
            "gross_profit": 747368,
            "gross_margin": 36.54,
            "net_income": 260386,
            "revenue": 2045221,
            "common_shares": 1099970,
            "equity": 2905330,
            "current_ratio": 220.9,
            "debt_ratio": 42.28,
            "inventory_turnover_ratio": 0.98,
            "account_receivable_turnover_ratio": 1.72,
            "reinvestment_rate": 1.42,
            "research_to_sale_ratio": 1.73,
            "price_fair": 156.45,
            "eps_avg_yearly": 4.47,
            "eps_latest_yearly": 9.52,
            "eps_growth_yearly": 241.91
        },
        "20134": {
            "year_quarter": 20134,
            "year": 2013,
            "quarter": 4,
            "eps": 1,
            "eps_growth_year": 115.25,
            "eps_4q": 5.76,
            "eps_4q_growth_year": 13.73,
            "roe": 3.68,
            "gross_profit": 640950,
            "gross_margin": 34.8,
            "net_income": 109369,
            "revenue": 1842015,
            "common_shares": 1099970,
            "equity": 3036724,
            "current_ratio": 226.05,
            "debt_ratio": 41.84,
            "inventory_turnover_ratio": 1.04,
            "account_receivable_turnover_ratio": 1.14,
            "reinvestment_rate": 0.9,
            "research_to_sale_ratio": 3.03,
            "price_fair": 157.76,
            "eps_avg_yearly": 4.51,
            "eps_latest_yearly": 4,
            "eps_growth_yearly": 243.92
        },
        "20141": {
            "year_quarter": 20141,
            "year": 2014,
            "quarter": 1,
            "eps": 0.67,
            "eps_growth_year": -44.17,
            "eps_4q": 5.23,
            "eps_4q_growth_year": -4.82,
            "roe": 2.36,
            "gross_profit": 380148,
            "gross_margin": 39.5,
            "net_income": 72682,
            "revenue": 962337,
            "common_shares": 1099970,
            "equity": 3131210,
            "current_ratio": 319.33,
            "debt_ratio": 30.36,
            "inventory_turnover_ratio": 0.6,
            "account_receivable_turnover_ratio": 0.8,
            "reinvestment_rate": 0.48,
            "research_to_sale_ratio": 3.32,
            "price_fair": 154.61,
            "eps_avg_yearly": 4.42,
            "eps_latest_yearly": 2.68,
            "eps_growth_yearly": 230.37
        },
        "20142": {
            "year_quarter": 20142,
            "year": 2014,
            "quarter": 2,
            "eps": 0.74,
            "eps_growth_year": -37.82,
            "eps_4q": 4.78,
            "eps_4q_growth_year": -15.74,
            "roe": 2.78,
            "gross_profit": 436275,
            "gross_margin": 44.64,
            "net_income": 81367,
            "revenue": 977276,
            "common_shares": 1099970,
            "equity": 2723810,
            "current_ratio": 206.84,
            "debt_ratio": 45.17,
            "inventory_turnover_ratio": 0.45,
            "account_receivable_turnover_ratio": 1.49,
            "reinvestment_rate": -2.19,
            "research_to_sale_ratio": 3.18,
            "price_fair": 158.03,
            "eps_avg_yearly": 4.52,
            "eps_latest_yearly": 2.96,
            "eps_growth_yearly": 249.49
        },
        "20143": {
            "year_quarter": 20143,
            "year": 2014,
            "quarter": 3,
            "eps": 2.33,
            "eps_growth_year": -2.1,
            "eps_4q": 4.73,
            "eps_4q_growth_year": -9.42,
            "roe": 8.95,
            "gross_profit": 699576,
            "gross_margin": 35.02,
            "net_income": 256002,
            "revenue": 1997608,
            "common_shares": 1099970,
            "equity": 2997028,
            "current_ratio": 219.51,
            "debt_ratio": 43.52,
            "inventory_turnover_ratio": 0.98,
            "account_receivable_turnover_ratio": 1.87,
            "reinvestment_rate": -2.48,
            "research_to_sale_ratio": 1.9,
            "price_fair": 163.36,
            "eps_avg_yearly": 4.67,
            "eps_latest_yearly": 9.32,
            "eps_growth_yearly": 205.35
        },
        "20144": {
            "year_quarter": 20144,
            "year": 2014,
            "quarter": 4,
            "eps": 1.9,
            "eps_growth_year": 90.2,
            "eps_4q": 5.63,
            "eps_4q_growth_year": -2.2,
            "roe": 6.75,
            "gross_profit": 635077,
            "gross_margin": 32.67,
            "net_income": 209629,
            "revenue": 1944106,
            "common_shares": 1099970,
            "equity": 3216073,
            "current_ratio": 272.09,
            "debt_ratio": 36.64,
            "inventory_turnover_ratio": 1.27,
            "account_receivable_turnover_ratio": 1.22,
            "reinvestment_rate": -1.64,
            "research_to_sale_ratio": 2.21,
            "price_fair": 176.23,
            "eps_avg_yearly": 5.04,
            "eps_latest_yearly": 7.6,
            "eps_growth_yearly": 219.48
        },
        "20151": {
            "year_quarter": 20151,
            "year": 2015,
            "quarter": 1,
            "eps": 0.8,
            "eps_growth_year": 19.4,
            "eps_4q": 5.77,
            "eps_4q_growth_year": 10.33,
            "roe": 2.72,
            "gross_profit": 397302,
            "gross_margin": 40.05,
            "net_income": 88071,
            "revenue": 991940,
            "common_shares": 1099970,
            "equity": 3262864,
            "current_ratio": 321.85,
            "debt_ratio": 31.59,
            "inventory_turnover_ratio": 0.76,
            "account_receivable_turnover_ratio": 0.84,
            "reinvestment_rate": -2.7,
            "research_to_sale_ratio": 3.59,
            "price_fair": 176.31,
            "eps_avg_yearly": 5.04,
            "eps_latest_yearly": 3.2,
            "eps_growth_yearly": 184.08
        },
        "20152": {
            "year_quarter": 20152,
            "year": 2015,
            "quarter": 2,
            "eps": 0.68,
            "eps_growth_year": -8.11,
            "eps_4q": 5.7,
            "eps_4q_growth_year": 19.2,
            "roe": 2.42,
            "gross_profit": 415565,
            "gross_margin": 38.29,
            "net_income": 74515,
            "revenue": 1085323,
            "common_shares": 1099970,
            "equity": 2889382,
            "current_ratio": 218.9,
            "debt_ratio": 44.94,
            "inventory_turnover_ratio": 0.64,
            "account_receivable_turnover_ratio": 1.52,
            "reinvestment_rate": -3.69,
            "research_to_sale_ratio": 2.95,
            "price_fair": 178.41,
            "eps_avg_yearly": 5.1,
            "eps_latest_yearly": 2.72,
            "eps_growth_yearly": 191.41
        },
        "20153": {
            "year_quarter": 20153,
            "year": 2015,
            "quarter": 3,
            "eps": 2.8,
            "eps_growth_year": 20.17,
            "eps_4q": 6.17,
            "eps_4q_growth_year": 30.36,
            "roe": 9.96,
            "gross_profit": 692927,
            "gross_margin": 33.06,
            "net_income": 307555,
            "revenue": 2096091,
            "common_shares": 1099970,
            "equity": 3286571,
            "current_ratio": 222.38,
            "debt_ratio": 44.58,
            "inventory_turnover_ratio": 0.99,
            "account_receivable_turnover_ratio": 1.73,
            "reinvestment_rate": -3.12,
            "research_to_sale_ratio": 1.9,
            "price_fair": 185.33,
            "eps_avg_yearly": 5.3,
            "eps_latest_yearly": 11.2,
            "eps_growth_yearly": 180.14
        },
        "20154": {
            "year_quarter": 20154,
            "year": 2015,
            "quarter": 4,
            "eps": 1.62,
            "eps_growth_year": -14.63,
            "eps_4q": 5.89,
            "eps_4q_growth_year": 4.62,
            "roe": 5.29,
            "gross_profit": 678093,
            "gross_margin": 34.41,
            "net_income": 178140,
            "revenue": 1970851,
            "common_shares": 1099970,
            "equity": 3450152,
            "current_ratio": 283.89,
            "debt_ratio": 36.39,
            "inventory_turnover_ratio": 1.06,
            "account_receivable_turnover_ratio": 1.25,
            "reinvestment_rate": -0.82,
            "research_to_sale_ratio": 2.72,
            "price_fair": 194.25,
            "eps_avg_yearly": 5.55,
            "eps_latest_yearly": 6.48,
            "eps_growth_yearly": 187.14
        },
        "20161": {
            "year_quarter": 20161,
            "year": 2016,
            "quarter": 1,
            "eps": 0.69,
            "eps_growth_year": -13.75,
            "eps_4q": 5.78,
            "eps_4q_growth_year": 0.21,
            "roe": 2.17,
            "gross_profit": 385935,
            "gross_margin": 36.09,
            "net_income": 75429,
            "revenue": 1069228,
            "common_shares": 1099970,
            "equity": 3505461,
            "current_ratio": 314.15,
            "debt_ratio": 33.1,
            "inventory_turnover_ratio": 0.73,
            "account_receivable_turnover_ratio": 1.03,
            "reinvestment_rate": 1.09,
            "research_to_sale_ratio": 2.95,
            "price_fair": 194.16,
            "eps_avg_yearly": 5.55,
            "eps_latest_yearly": 2.76,
            "eps_growth_yearly": 168.63
        },
        "20162": {
            "year_quarter": 20162,
            "year": 2016,
            "quarter": 2,
            "eps": 0.79,
            "eps_growth_year": 16.18,
            "eps_4q": 5.9,
            "eps_4q_growth_year": 3.41,
            "roe": 2.63,
            "gross_profit": 420240,
            "gross_margin": 43.9,
            "net_income": 87444,
            "revenue": 957192,
            "common_shares": 1099970,
            "equity": 3151155,
            "current_ratio": 234.45,
            "debt_ratio": 42.86,
            "inventory_turnover_ratio": 0.43,
            "account_receivable_turnover_ratio": 1.71,
            "reinvestment_rate": 1.24,
            "research_to_sale_ratio": 3.69,
            "price_fair": 193.2,
            "eps_avg_yearly": 5.52,
            "eps_latest_yearly": 3.16,
            "eps_growth_yearly": 165.11
        },
        "20163": {
            "year_quarter": 20163,
            "year": 2016,
            "quarter": 3,
            "eps": 2.28,
            "eps_growth_year": -18.57,
            "eps_4q": 5.39,
            "eps_4q_growth_year": -12.74,
            "roe": 7.73,
            "gross_profit": 724184,
            "gross_margin": 36.81,
            "net_income": 251341,
            "revenue": 1967550,
            "common_shares": 1099970,
            "equity": 3355976,
            "current_ratio": 260.23,
            "debt_ratio": 38.96,
            "inventory_turnover_ratio": 0.82,
            "account_receivable_turnover_ratio": 1.95,
            "reinvestment_rate": 0.55,
            "research_to_sale_ratio": 1.81,
            "price_fair": 188.39,
            "eps_avg_yearly": 5.38,
            "eps_latest_yearly": 9.12,
            "eps_growth_yearly": 158.65
        },
        "20164": {
            "year_quarter": 20164,
            "year": 2016,
            "quarter": 4,
            "eps": 1.76,
            "eps_growth_year": 8.98,
            "eps_4q": 5.53,
            "eps_4q_growth_year": -6.16,
            "roe": 5.59,
            "gross_profit": 734652,
            "gross_margin": 36.06,
            "net_income": 194144,
            "revenue": 2037192,
            "common_shares": 1099970,
            "equity": 3586738,
            "current_ratio": 293.3,
            "debt_ratio": 35.26,
            "inventory_turnover_ratio": 1.15,
            "account_receivable_turnover_ratio": 1.34,
            "reinvestment_rate": 1.56,
            "research_to_sale_ratio": 1.98,
            "price_fair": 199.76,
            "eps_avg_yearly": 5.71,
            "eps_latest_yearly": 7.04,
            "eps_growth_yearly": 173.88
        },
        "20171": {
            "year_quarter": 20171,
            "year": 2017,
            "quarter": 1,
            "eps": 0.35,
            "eps_growth_year": -49.28,
            "eps_4q": 5.2,
            "eps_4q_growth_year": -10.03,
            "roe": 1.09,
            "gross_profit": 410335,
            "gross_margin": 42.31,
            "net_income": 38957,
            "revenue": 969912,
            "common_shares": 1099970,
            "equity": 3529023,
            "current_ratio": 354.64,
            "debt_ratio": 30.08,
            "inventory_turnover_ratio": 0.67,
            "account_receivable_turnover_ratio": 0.91,
            "reinvestment_rate": -1.1,
            "research_to_sale_ratio": 3.17,
            "price_fair": 192.33,
            "eps_avg_yearly": 5.5,
            "eps_latest_yearly": 1.4,
            "eps_growth_yearly": 113.64
        },
        "20172": {
            "year_quarter": 20172,
            "year": 2017,
            "quarter": 2,
            "eps": 0.98,
            "eps_growth_year": 24.05,
            "eps_4q": 5.39,
            "eps_4q_growth_year": -8.62,
            "roe": 3.21,
            "gross_profit": 406720,
            "gross_margin": 40.93,
            "net_income": 108229,
            "revenue": 993668,
            "common_shares": 1099970,
            "equity": 3214194,
            "current_ratio": 246.96,
            "debt_ratio": 41.18,
            "inventory_turnover_ratio": 0.55,
            "account_receivable_turnover_ratio": 1.66,
            "reinvestment_rate": -1.27,
            "research_to_sale_ratio": 3.28,
            "price_fair": 190.49,
            "eps_avg_yearly": 5.44,
            "eps_latest_yearly": 3.92,
            "eps_growth_yearly": 158.84
        },
        "20173": {
            "year_quarter": 20173,
            "year": 2017,
            "quarter": 3,
            "eps": 2.02,
            "eps_growth_year": -11.4,
            "eps_4q": 5.12,
            "eps_4q_growth_year": -4.93,
            "roe": 6.67,
            "gross_profit": 682837,
            "gross_margin": 39.8,
            "net_income": 221811,
            "revenue": 1715588,
            "common_shares": 1099970,
            "equity": 3433690,
            "current_ratio": 269.39,
            "debt_ratio": 38.24,
            "inventory_turnover_ratio": 0.77,
            "account_receivable_turnover_ratio": 1.71,
            "reinvestment_rate": -1.62,
            "research_to_sale_ratio": 2.38,
            "price_fair": 187.34,
            "eps_avg_yearly": 5.35,
            "eps_latest_yearly": 8.08,
            "eps_growth_yearly": 160.37
        },
        "20174": {
            "year_quarter": 20174,
            "year": 2017,
            "quarter": 4,
            "eps": 1.68,
            "eps_growth_year": -4.59,
            "eps_4q": 5.04,
            "eps_4q_growth_year": -8.9,
            "roe": 5.27,
            "gross_profit": 634390,
            "gross_margin": 32.78,
            "net_income": 185225,
            "revenue": 1935512,
            "common_shares": 1099970,
            "equity": 3593602,
            "current_ratio": 298.77,
            "debt_ratio": 35.19,
            "inventory_turnover_ratio": 1.19,
            "account_receivable_turnover_ratio": 1.36,
            "reinvestment_rate": -2.08,
            "research_to_sale_ratio": 2.01,
            "price_fair": 193.29,
            "eps_avg_yearly": 5.52,
            "eps_latest_yearly": 6.72,
            "eps_growth_yearly": 170.66
        },
        "20181": {
            "year_quarter": 20181,
            "year": 2018,
            "quarter": 1,
            "eps": 0.27,
            "eps_growth_year": -22.86,
            "eps_4q": 4.95,
            "eps_4q_growth_year": -4.7,
            "roe": 0.83,
            "gross_profit": 367340,
            "gross_margin": 38.49,
            "net_income": 29748,
            "revenue": 954399,
            "common_shares": 1099970,
            "equity": 3595685,
            "current_ratio": 394.25,
            "debt_ratio": 28.08,
            "inventory_turnover_ratio": 0.75,
            "account_receivable_turnover_ratio": 0.95,
            "reinvestment_rate": -2.52,
            "research_to_sale_ratio": 3.41,
            "price_fair": 189.79,
            "eps_avg_yearly": 5.42,
            "eps_latest_yearly": 1.08,
            "eps_growth_yearly": 157.93
        },
        "20182": {
            "year_quarter": 20182,
            "year": 2018,
            "quarter": 2,
            "eps": 0.89,
            "eps_growth_year": -9.18,
            "eps_4q": 4.86,
            "eps_4q_growth_year": -9.83,
            "roe": 2.78,
            "gross_profit": 337238,
            "gross_margin": 37.07,
            "net_income": 97616,
            "revenue": 909721,
            "common_shares": 1099970,
            "equity": 3418758,
            "current_ratio": 248.92,
            "debt_ratio": 41.24,
            "inventory_turnover_ratio": 0.53,
            "account_receivable_turnover_ratio": 1.62,
            "reinvestment_rate": -2.21,
            "research_to_sale_ratio": 3.96,
            "price_fair": 191.1,
            "eps_avg_yearly": 5.46,
            "eps_latest_yearly": 3.56,
            "eps_growth_yearly": 212.73
        }
    },
    "months": {
        "2001-10": {
            "month": "2001-10",
            "price": "106.60",
            "revenue": 206730
        },
        "2001-11": {
            "month": "2001-11",
            "price": "116.50",
            "revenue": 225235
        },
        "2001-12": {
            "month": "2001-12",
            "price": "139.19",
            "revenue": 211944
        },
        "2002-01": {
            "month": "2002-01",
            "price": "131.16",
            "revenue": 131477
        },
        "2002-02": {
            "month": "2002-02",
            "price": "116.88",
            "revenue": 102689
        },
        "2002-03": {
            "month": "2002-03",
            "price": "112.95",
            "revenue": 152688
        },
        "2002-04": {
            "month": "2002-04",
            "price": "111.60",
            "revenue": 161565
        },
        "2002-05": {
            "month": "2002-05",
            "price": "104.43",
            "revenue": 174595
        },
        "2002-06": {
            "month": "2002-06",
            "price": "100.05",
            "revenue": 209419
        },
        "2002-07": {
            "month": "2002-07",
            "price": "84.59",
            "revenue": 199050
        },
        "2002-08": {
            "month": "2002-08",
            "price": "76.20",
            "revenue": 202122
        },
        "2002-09": {
            "month": "2002-09",
            "price": "79.22",
            "revenue": 200087
        },
        "2002-10": {
            "month": "2002-10",
            "price": "77.00",
            "revenue": 197595
        },
        "2002-11": {
            "month": "2002-11",
            "price": "77.38",
            "revenue": 153529
        },
        "2002-12": {
            "month": "2002-12",
            "price": "65.20",
            "revenue": 153943
        },
        "2003-01": {
            "month": "2003-01",
            "price": "57.24",
            "revenue": 120093
        },
        "2003-02": {
            "month": "2003-02",
            "price": "60.28",
            "revenue": 122825
        },
        "2003-03": {
            "month": "2003-03",
            "price": "54.95",
            "revenue": 166838
        },
        "2003-04": {
            "month": "2003-04",
            "price": "57.61",
            "revenue": 209783
        },
        "2003-05": {
            "month": "2003-05",
            "price": "63.45",
            "revenue": 279797
        },
        "2003-06": {
            "month": "2003-06",
            "price": "63.68",
            "revenue": 282967
        },
        "2003-07": {
            "month": "2003-07",
            "price": "64.61",
            "revenue": 254028
        },
        "2003-08": {
            "month": "2003-08",
            "price": "62.26",
            "revenue": 218920
        },
        "2003-09": {
            "month": "2003-09",
            "price": "58.62",
            "revenue": 198979
        },
        "2003-10": {
            "month": "2003-10",
            "price": "56.50",
            "revenue": 181162
        },
        "2003-11": {
            "month": "2003-11",
            "price": "52.02",
            "revenue": 164516
        },
        "2003-12": {
            "month": "2003-12",
            "price": "57.83",
            "revenue": 167191
        },
        "2004-01": {
            "month": "2004-01",
            "price": "58.17",
            "revenue": 136865
        },
        "2004-02": {
            "month": "2004-02",
            "price": "61.80",
            "revenue": 185584
        },
        "2004-03": {
            "month": "2004-03",
            "price": "57.41",
            "revenue": 197677
        },
        "2004-04": {
            "month": "2004-04",
            "price": "56.68",
            "revenue": 304512
        },
        "2004-05": {
            "month": "2004-05",
            "price": "50.01",
            "revenue": 340851
        },
        "2004-06": {
            "month": "2004-06",
            "price": "49.47",
            "revenue": 301761
        },
        "2004-07": {
            "month": "2004-07",
            "price": "47.51",
            "revenue": 350334
        },
        "2004-08": {
            "month": "2004-08",
            "price": "44.23",
            "revenue": 321176
        },
        "2004-09": {
            "month": "2004-09",
            "price": "44.43",
            "revenue": 320389
        },
        "2004-10": {
            "month": "2004-10",
            "price": "42.72",
            "revenue": 212714
        },
        "2004-11": {
            "month": "2004-11",
            "price": "45.38",
            "revenue": 238788
        },
        "2004-12": {
            "month": "2004-12",
            "price": "47.03",
            "revenue": 172994
        },
        "2005-01": {
            "month": "2005-01",
            "price": "44.99",
            "revenue": 231918
        },
        "2005-02": {
            "month": "2005-02",
            "price": "54.76",
            "revenue": 123545
        },
        "2005-03": {
            "month": "2005-03",
            "price": "53.20",
            "revenue": 193581
        },
        "2005-04": {
            "month": "2005-04",
            "price": "49.20",
            "revenue": 226595
        },
        "2005-05": {
            "month": "2005-05",
            "price": "46.98",
            "revenue": 207844
        },
        "2005-06": {
            "month": "2005-06",
            "price": "45.82",
            "revenue": 202108
        },
        "2005-07": {
            "month": "2005-07",
            "price": "42.86",
            "revenue": 226312
        },
        "2005-08": {
            "month": "2005-08",
            "price": "38.38",
            "revenue": 362543
        },
        "2005-09": {
            "month": "2005-09",
            "price": "38.51",
            "revenue": 471328
        },
        "2005-10": {
            "month": "2005-10",
            "price": "45.19",
            "revenue": 375874
        },
        "2005-11": {
            "month": "2005-11",
            "price": "40.95",
            "revenue": 354862
        },
        "2005-12": {
            "month": "2005-12",
            "price": "38.32",
            "revenue": 180228
        },
        "2006-01": {
            "month": "2006-01",
            "price": "37.70",
            "revenue": 233547
        },
        "2006-02": {
            "month": "2006-02",
            "price": "36.38",
            "revenue": 182447
        },
        "2006-03": {
            "month": "2006-03",
            "price": "35.41",
            "revenue": 378313
        },
        "2006-04": {
            "month": "2006-04",
            "price": "35.23",
            "revenue": 313845
        },
        "2006-05": {
            "month": "2006-05",
            "price": "37.93",
            "revenue": 341519
        },
        "2006-06": {
            "month": "2006-06",
            "price": "38.49",
            "revenue": 379651
        },
        "2006-07": {
            "month": "2006-07",
            "price": "42.47",
            "revenue": 326596
        },
        "2006-08": {
            "month": "2006-08",
            "price": "40.53",
            "revenue": 298737
        },
        "2006-09": {
            "month": "2006-09",
            "price": "36.71",
            "revenue": 400200
        },
        "2006-10": {
            "month": "2006-10",
            "price": "38.38",
            "revenue": 333990
        },
        "2006-11": {
            "month": "2006-11",
            "price": "40.38",
            "revenue": 420679
        },
        "2006-12": {
            "month": "2006-12",
            "price": "41.70",
            "revenue": 341561
        },
        "2007-01": {
            "month": "2007-01",
            "price": "46.33",
            "revenue": 314197
        },
        "2007-02": {
            "month": "2007-02",
            "price": "45.46",
            "revenue": 184409
        },
        "2007-03": {
            "month": "2007-03",
            "price": "44.25",
            "revenue": 255930
        },
        "2007-04": {
            "month": "2007-04",
            "price": "44.76",
            "revenue": 319457
        },
        "2007-05": {
            "month": "2007-05",
            "price": "47.50",
            "revenue": 221758
        },
        "2007-06": {
            "month": "2007-06",
            "price": "47.21",
            "revenue": 325586
        },
        "2007-07": {
            "month": "2007-07",
            "price": "55.86",
            "revenue": 243797
        },
        "2007-08": {
            "month": "2007-08",
            "price": "46.71",
            "revenue": 564074
        },
        "2007-09": {
            "month": "2007-09",
            "price": "50.36",
            "revenue": 583216
        },
        "2007-10": {
            "month": "2007-10",
            "price": "53.39",
            "revenue": 519909
        },
        "2007-11": {
            "month": "2007-11",
            "price": "48.24",
            "revenue": 411156
        },
        "2007-12": {
            "month": "2007-12",
            "price": "47.48",
            "revenue": 368742
        },
        "2008-01": {
            "month": "2008-01",
            "price": "43.93",
            "revenue": 356372
        },
        "2008-02": {
            "month": "2008-02",
            "price": "40.50",
            "revenue": 220669
        },
        "2008-03": {
            "month": "2008-03",
            "price": "40.98",
            "revenue": 332241
        },
        "2008-04": {
            "month": "2008-04",
            "price": "44.37",
            "revenue": 316483
        },
        "2008-05": {
            "month": "2008-05",
            "price": "44.80",
            "revenue": 358921
        },
        "2008-06": {
            "month": "2008-06",
            "price": "40.56",
            "revenue": 387811
        },
        "2008-07": {
            "month": "2008-07",
            "price": "38.71",
            "revenue": 453702
        },
        "2008-08": {
            "month": "2008-08",
            "price": "37.04",
            "revenue": 516667
        },
        "2008-09": {
            "month": "2008-09",
            "price": "33.33",
            "revenue": 587976
        },
        "2008-10": {
            "month": "2008-10",
            "price": "29.94",
            "revenue": 539431
        },
        "2008-11": {
            "month": "2008-11",
            "price": "29.88",
            "revenue": 439682
        },
        "2008-12": {
            "month": "2008-12",
            "price": "31.24",
            "revenue": 387836
        },
        "2009-01": {
            "month": "2009-01",
            "price": "32.79",
            "revenue": 252269
        },
        "2009-02": {
            "month": "2009-02",
            "price": "31.78",
            "revenue": 221220
        },
        "2009-03": {
            "month": "2009-03",
            "price": "32.00",
            "revenue": 283556
        },
        "2009-04": {
            "month": "2009-04",
            "price": "37.34",
            "revenue": 248588
        },
        "2009-05": {
            "month": "2009-05",
            "price": "39.68",
            "revenue": 268263
        },
        "2009-06": {
            "month": "2009-06",
            "price": "36.34",
            "revenue": 320634
        },
        "2009-07": {
            "month": "2009-07",
            "price": "39.29",
            "revenue": 483999
        },
        "2009-08": {
            "month": "2009-08",
            "price": "40.23",
            "revenue": 581316
        },
        "2009-09": {
            "month": "2009-09",
            "price": "41.68",
            "revenue": 884585
        },
        "2009-10": {
            "month": "2009-10",
            "price": "44.43",
            "revenue": 687247
        },
        "2009-11": {
            "month": "2009-11",
            "price": "50.78",
            "revenue": 541794
        },
        "2009-12": {
            "month": "2009-12",
            "price": "50.13",
            "revenue": 479042
        },
        "2010-01": {
            "month": "2010-01",
            "price": "48.61",
            "revenue": 315033
        },
        "2010-02": {
            "month": "2010-02",
            "price": "41.45",
            "revenue": 333352
        },
        "2010-03": {
            "month": "2010-03",
            "price": "44.22",
            "revenue": 308245
        },
        "2010-04": {
            "month": "2010-04",
            "price": "47.72",
            "revenue": 354794
        },
        "2010-05": {
            "month": "2010-05",
            "price": "46.33",
            "revenue": 285942
        },
        "2010-06": {
            "month": "2010-06",
            "price": "49.61",
            "revenue": 423010
        },
        "2010-07": {
            "month": "2010-07",
            "price": "50.27",
            "revenue": 597552
        },
        "2010-08": {
            "month": "2010-08",
            "price": "55.80",
            "revenue": 765310
        },
        "2010-09": {
            "month": "2010-09",
            "price": "52.71",
            "revenue": 853696
        },
        "2010-10": {
            "month": "2010-10",
            "price": "57.69",
            "revenue": 594310
        },
        "2010-11": {
            "month": "2010-11",
            "price": "58.24",
            "revenue": 394458
        },
        "2010-12": {
            "month": "2010-12",
            "price": "54.57",
            "revenue": 455043
        },
        "2011-01": {
            "month": "2011-01",
            "price": "51.82",
            "revenue": 279259
        },
        "2011-02": {
            "month": "2011-02",
            "price": "49.15",
            "revenue": 275463
        },
        "2011-03": {
            "month": "2011-03",
            "price": "47.03",
            "revenue": 240996
        },
        "2011-04": {
            "month": "2011-04",
            "price": "48.08",
            "revenue": 272414
        },
        "2011-05": {
            "month": "2011-05",
            "price": "52.54",
            "revenue": 257229
        },
        "2011-06": {
            "month": "2011-06",
            "price": "49.80",
            "revenue": 271929
        },
        "2011-07": {
            "month": "2011-07",
            "price": "49.49",
            "revenue": 560922
        },
        "2011-08": {
            "month": "2011-08",
            "price": "44.71",
            "revenue": 769656
        },
        "2011-09": {
            "month": "2011-09",
            "price": "44.50",
            "revenue": 854266
        },
        "2011-10": {
            "month": "2011-10",
            "price": "45.93",
            "revenue": 605330
        },
        "2011-11": {
            "month": "2011-11",
            "price": "47.66",
            "revenue": 607614
        },
        "2011-12": {
            "month": "2011-12",
            "price": "45.56",
            "revenue": 424415
        },
        "2012-01": {
            "month": "2012-01",
            "price": "45.62",
            "revenue": 270640
        },
        "2012-02": {
            "month": "2012-02",
            "price": "49.46",
            "revenue": 299664
        },
        "2012-03": {
            "month": "2012-03",
            "price": "49.67",
            "revenue": 416919
        },
        "2012-04": {
            "month": "2012-04",
            "price": "50.00",
            "revenue": 272258
        },
        "2012-05": {
            "month": "2012-05",
            "price": "47.50",
            "revenue": 310740
        },
        "2012-06": {
            "month": "2012-06",
            "price": "46.55",
            "revenue": 370784
        },
        "2012-07": {
            "month": "2012-07",
            "price": "49.20",
            "revenue": 548974
        },
        "2012-08": {
            "month": "2012-08",
            "price": "50.89",
            "revenue": 766697
        },
        "2012-09": {
            "month": "2012-09",
            "price": "49.68",
            "revenue": 774920
        },
        "2012-10": {
            "month": "2012-10",
            "price": "49.81",
            "revenue": 600118
        },
        "2012-11": {
            "month": "2012-11",
            "price": "57.49",
            "revenue": 507733
        },
        "2012-12": {
            "month": "2012-12",
            "price": "58.91",
            "revenue": 369883
        },
        "2013-01": {
            "month": "2013-01",
            "price": "59.07",
            "revenue": 381451
        },
        "2013-02": {
            "month": "2013-02",
            "price": "63.58",
            "revenue": 213279
        },
        "2013-03": {
            "month": "2013-03",
            "price": "68.47",
            "revenue": 356063
        },
        "2013-04": {
            "month": "2013-04",
            "price": "70.90",
            "revenue": 386104
        },
        "2013-05": {
            "month": "2013-05",
            "price": "84.65",
            "revenue": 377777
        },
        "2013-06": {
            "month": "2013-06",
            "price": "84.40",
            "revenue": 369873
        },
        "2013-07": {
            "month": "2013-07",
            "price": "80.68",
            "revenue": 553995
        },
        "2013-08": {
            "month": "2013-08",
            "price": "80.47",
            "revenue": 696967
        },
        "2013-09": {
            "month": "2013-09",
            "price": "80.83",
            "revenue": 872776
        },
        "2013-10": {
            "month": "2013-10",
            "price": "81.79",
            "revenue": 709070
        },
        "2013-11": {
            "month": "2013-11",
            "price": "78.85",
            "revenue": 604910
        },
        "2013-12": {
            "month": "2013-12",
            "price": "80.30",
            "revenue": 520140
        },
        "2014-01": {
            "month": "2014-01",
            "price": "81.10",
            "revenue": 428972
        },
        "2014-02": {
            "month": "2014-02",
            "price": "84.16",
            "revenue": 273403
        },
        "2014-03": {
            "month": "2014-03",
            "price": "86.59",
            "revenue": 264775
        },
        "2014-04": {
            "month": "2014-04",
            "price": "81.75",
            "revenue": 388668
        },
        "2014-05": {
            "month": "2014-05",
            "price": "79.24",
            "revenue": 332612
        },
        "2014-06": {
            "month": "2014-06",
            "price": "75.28",
            "revenue": 256910
        },
        "2014-07": {
            "month": "2014-07",
            "price": "74.03",
            "revenue": 544542
        },
        "2014-08": {
            "month": "2014-08",
            "price": "71.61",
            "revenue": 720327
        },
        "2014-09": {
            "month": "2014-09",
            "price": "72.09",
            "revenue": 729294
        },
        "2014-10": {
            "month": "2014-10",
            "price": "67.63",
            "revenue": 818643
        },
        "2014-11": {
            "month": "2014-11",
            "price": "62.75",
            "revenue": 559303
        },
        "2014-12": {
            "month": "2014-12",
            "price": "67.25",
            "revenue": 563270
        },
        "2015-01": {
            "month": "2015-01",
            "price": "69.20",
            "revenue": 447763
        },
        "2015-02": {
            "month": "2015-02",
            "price": "70.37",
            "revenue": 231193
        },
        "2015-03": {
            "month": "2015-03",
            "price": "71.14",
            "revenue": 312984
        },
        "2015-04": {
            "month": "2015-04",
            "price": "72.97",
            "revenue": 336748
        },
        "2015-05": {
            "month": "2015-05",
            "price": "70.50",
            "revenue": 401645
        },
        "2015-06": {
            "month": "2015-06",
            "price": "72.73",
            "revenue": 346885
        },
        "2015-07": {
            "month": "2015-07",
            "price": "72.80",
            "revenue": 597352
        },
        "2015-08": {
            "month": "2015-08",
            "price": "77.39",
            "revenue": 687946
        },
        "2015-09": {
            "month": "2015-09",
            "price": "81.05",
            "revenue": 811703
        },
        "2015-10": {
            "month": "2015-10",
            "price": "79.59",
            "revenue": 835548
        },
        "2015-11": {
            "month": "2015-11",
            "price": "87.38",
            "revenue": 671312
        },
        "2015-12": {
            "month": "2015-12",
            "price": "93.82",
            "revenue": 466195
        },
        "2016-01": {
            "month": "2016-01",
            "price": "85.20",
            "revenue": 465314
        },
        "2016-02": {
            "month": "2016-02",
            "price": "85.56",
            "revenue": 274411
        },
        "2016-03": {
            "month": "2016-03",
            "price": "91.62",
            "revenue": 329439
        },
        "2016-04": {
            "month": "2016-04",
            "price": "86.56",
            "revenue": 328999
        },
        "2016-05": {
            "month": "2016-05",
            "price": "82.86",
            "revenue": 325720
        },
        "2016-06": {
            "month": "2016-06",
            "price": "82.51",
            "revenue": 293658
        },
        "2016-07": {
            "month": "2016-07",
            "price": "83.06",
            "revenue": 549784
        },
        "2016-08": {
            "month": "2016-08",
            "price": "80.00",
            "revenue": 624696
        },
        "2016-09": {
            "month": "2016-09",
            "price": "76.61",
            "revenue": 800934
        },
        "2016-10": {
            "month": "2016-10",
            "price": "72.60",
            "revenue": 825084
        },
        "2016-11": {
            "month": "2016-11",
            "price": "72.88",
            "revenue": 685592
        },
        "2016-12": {
            "month": "2016-12",
            "price": "73.96",
            "revenue": 540877
        },
        "2017-01": {
            "month": "2017-01",
            "price": "75.14",
            "revenue": 359829
        },
        "2017-02": {
            "month": "2017-02",
            "price": "75.47",
            "revenue": 259744
        },
        "2017-03": {
            "month": "2017-03",
            "price": "73.45",
            "revenue": 340728
        },
        "2017-04": {
            "month": "2017-04",
            "price": "68.98",
            "revenue": 379981
        },
        "2017-05": {
            "month": "2017-05",
            "price": "70.24",
            "revenue": 306399
        },
        "2017-06": {
            "month": "2017-06",
            "price": "74.43",
            "revenue": 316993
        },
        "2017-07": {
            "month": "2017-07",
            "price": "73.71",
            "revenue": 483180
        },
        "2017-08": {
            "month": "2017-08",
            "price": "71.69",
            "revenue": 638407
        },
        "2017-09": {
            "month": "2017-09",
            "price": "75.28",
            "revenue": 594219
        },
        "2017-10": {
            "month": "2017-10",
            "price": "72.80",
            "revenue": 958257
        },
        "2017-11": {
            "month": "2017-11",
            "price": "74.07",
            "revenue": 597091
        },
        "2017-12": {
            "month": "2017-12",
            "price": "73.45",
            "revenue": 373701
        },
        "2018-01": {
            "month": "2018-01",
            "price": "72.01",
            "revenue": 352869
        },
        "2018-02": {
            "month": "2018-02",
            "price": "69.88",
            "revenue": 258576
        },
        "2018-03": {
            "month": "2018-03",
            "price": "74.26",
            "revenue": 342897
        },
        "2018-04": {
            "month": "2018-04",
            "price": "84.23",
            "revenue": 314642
        },
        "2018-05": {
            "month": "2018-05",
            "price": "84.44",
            "revenue": 286000
        },
        "2018-06": {
            "month": "2018-06",
            "price": "85.31",
            "revenue": 309111
        },
        "2018-07": {
            "month": "2018-07",
            "price": "85.74",
            "revenue": 459449
        },
        "2018-08": {
            "month": "2018-08",
            "price": "83.49",
            "revenue": 564228
        },
        "2018-09": {
            "month": "2018-09",
            "price": "83.71",
            "revenue": 611136
        },
        "2018-10": {
            "month": "2018-10",
            "price": "84.24",
            "revenue": 759037
        }
    }
}
