{
    "summary": {
        "stock_name": "佳醫",
        "stock_id": "4104",
        "category": "生技醫療",
        "main_business": "血液透析相關醫療耗材<br>外科設備及耗材, 血袋, 造口<br>健康家電及保養品系列產品",
        "website_url": "http://www.excelsiormedical.com.tw",
        "ceo": "張明正",
        "pe_ratio": 19,
        "report_year_from": 2001,
        "report_year_to": 2023,
        "age": 22,
        "eps_negative_percentage": 0,
        "eps_growth_avg": {
            "last_all": 3.39,
            "last_2y": 4.7,
            "last_4y": 8.17,
            "last_8y": 6.73,
            "last_12y": 2.53,
            "last_16y": 6.39,
            "last_20y": 3.39,
            "at_2006_last_3y": -1.88,
            "at_2007_last_3y": 34.6,
            "at_2008_last_3y": 26.9,
            "at_2009_last_3y": 18.93,
            "at_2010_last_3y": 12.41,
            "at_2011_last_3y": -15.51,
            "at_2012_last_3y": -2.16,
            "at_2013_last_3y": -6.91,
            "at_2014_last_3y": -8.34,
            "at_2015_last_3y": 1.79,
            "at_2016_last_3y": 6.18,
            "at_2017_last_3y": 4.93,
            "at_2018_last_3y": 9.44,
            "at_2019_last_3y": 5.62,
            "at_2020_last_3y": 7.36,
            "at_2021_last_3y": 8.53,
            "at_2022_last_3y": 6.93,
            "at_2023_last_3y": 6.93,
            "at_2006_last_all": -2.11,
            "at_2007_last_all": 14.9,
            "at_2008_last_all": 1.89,
            "at_2009_last_all": 4.78,
            "at_2010_last_all": 4.34,
            "at_2011_last_all": 2.74,
            "at_2012_last_all": 0.42,
            "at_2013_last_all": 0.88,
            "at_2014_last_all": 0.44,
            "at_2015_last_all": 2.47,
            "at_2016_last_all": 1.96,
            "at_2017_last_all": 1.89,
            "at_2018_last_all": 2.56,
            "at_2019_last_all": 3.17,
            "at_2020_last_all": 3.09,
            "at_2021_last_all": 3.22,
            "at_2022_last_all": 3.39,
            "at_2023_last_all": 3.39
        },
        "latest_eps": 4.73,
        "latest_price": 91.8,
        "latest_roe": 8.52,
        "latest_gross_margin": 20.18,
        "latest_equity": 10006390,
        "latest_revenue": 2006405,
        "latest_gross_profit": 404798,
        "latest_net_income": 246976,
        "latest_debt_ratio": 40.18,
        "latest_current_ratio": 152.77,
        "latest_account_receivable_turnover_ratio": 0.99,
        "latest_inventory_turnover_ratio": 1.4,
        "latest_reinvestment_rate": 72.64,
        "latest_research_to_sale_ratio": null
    },
    "eps_dividends": {
        "1999": {
            "cash": 3,
            "stock": 0,
            "eps": 0
        },
        "2000": {
            "cash": 4,
            "stock": 0,
            "eps": 0
        },
        "2001": {
            "cash": 1.61,
            "stock": 1.89,
            "eps": 7.86
        },
        "2002": {
            "cash": 3.5,
            "stock": 1.7,
            "eps": 7.62
        },
        "2003": {
            "cash": 2,
            "stock": 1.5,
            "eps": 4.12
        },
        "2004": {
            "cash": 1.76,
            "stock": 0.75,
            "eps": 2.25
        },
        "2005": {
            "cash": 1.2,
            "stock": 0.3,
            "eps": 3.53
        },
        "2006": {
            "cash": 1.3,
            "stock": 0.7,
            "eps": 4.48
        },
        "2007": {
            "cash": 2.8,
            "stock": 0,
            "eps": 12.26
        },
        "2008": {
            "cash": 5,
            "stock": 0,
            "eps": 2.92
        },
        "2009": {
            "cash": 1.93,
            "stock": 0,
            "eps": 3.65
        },
        "2010": {
            "cash": 1.98,
            "stock": 0,
            "eps": 3.68
        },
        "2011": {
            "cash": 3.5,
            "stock": 1,
            "eps": 3.25
        },
        "2012": {
            "cash": 0,
            "stock": 0,
            "eps": 2.51
        },
        "2013": {
            "cash": 2,
            "stock": 0,
            "eps": 2.66
        },
        "2014": {
            "cash": 2,
            "stock": 0,
            "eps": 2.53
        },
        "2015": {
            "cash": 2.5,
            "stock": 0,
            "eps": 3.26
        },
        "2016": {
            "cash": 2.5,
            "stock": 0,
            "eps": 3.09
        },
        "2017": {
            "cash": 2.5,
            "stock": 0,
            "eps": 3.12
        },
        "2018": {
            "cash": 2.8,
            "stock": 0,
            "eps": 3.53
        },
        "2019": {
            "cash": 3,
            "stock": 0,
            "eps": 4.01
        },
        "2020": {
            "cash": 3.3,
            "stock": 0,
            "eps": 4.08
        },
        "2021": {
            "cash": 3.5,
            "stock": 0,
            "eps": 4.31
        },
        "2022": {
            "cash": 3.5,
            "stock": 0.5,
            "eps": 4.6
        },
        "2023": {
            "cash": 3.65,
            "stock": 0.5,
            "eps": 1.36
        }
    },
    "dividends": {
        "1999-04-20": {
            "cash": 3,
            "stock": 0
        },
        "2000-06-16": {
            "cash": 4,
            "stock": 0
        },
        "2001-04-30": {
            "cash": 1.61,
            "stock": 1.89
        },
        "2002-05-20": {
            "cash": 3.5,
            "stock": 1.7
        },
        "2003-02-17": {
            "cash": 2,
            "stock": 1.5
        },
        "2004-04-16": {
            "cash": 1.76,
            "stock": 0.75
        },
        "2005-03-25": {
            "cash": 1.2,
            "stock": 0.3
        },
        "2006-06-14": {
            "cash": 1.3,
            "stock": 0.7
        },
        "2007-04-17": {
            "cash": 2.8,
            "stock": 0
        },
        "2008-03-24": {
            "cash": 5,
            "stock": 0
        },
        "2009-03-13": {
            "cash": 1.93,
            "stock": 0
        },
        "2010-03-16": {
            "cash": 1.98,
            "stock": 0
        },
        "2011-01-01": {
            "cash": 1,
            "stock": 1
        },
        "2011-03-17": {
            "cash": 2.5,
            "stock": 0
        },
        "2013-03-12": {
            "cash": 2,
            "stock": 0
        },
        "2014-09-30": {
            "cash": 2,
            "stock": 0
        },
        "2015-08-11": {
            "cash": 2.5,
            "stock": 0
        },
        "2016-08-31": {
            "cash": 2.5,
            "stock": 0
        },
        "2017-08-31": {
            "cash": 2.5,
            "stock": 0
        },
        "2018-09-07": {
            "cash": 2.8,
            "stock": 0
        },
        "2019-08-23": {
            "cash": 3,
            "stock": 0
        },
        "2020-08-28": {
            "cash": 3.3,
            "stock": 0
        },
        "2021-08-27": {
            "cash": 3.5,
            "stock": 0
        },
        "2022-08-04": {
            "cash": 3.5,
            "stock": 0.5
        },
        "2023-03-16": {
            "cash": 3.65,
            "stock": 0.5
        }
    },
    "prices": {
        "200101": "無",
        "200102": "無",
        "200103": "無",
        "200104": "無",
        "200105": "無",
        "200106": "104.63",
        "200107": "98.67",
        "200108": "84.72",
        "200109": "66.26",
        "200110": "58.88",
        "200111": "71.25",
        "200112": "80.24",
        "200201": "82.45",
        "200202": "81.88",
        "200203": "81.10",
        "200204": "80.38",
        "200205": "80.00",
        "200206": "74.40",
        "200207": "58.48",
        "200208": "59.50",
        "200209": "61.42",
        "200210": "58.09",
        "200211": "61.98",
        "200212": "59.18",
        "200301": "57.47",
        "200302": "50.18",
        "200303": "45.59",
        "200304": "45.61",
        "200305": "44.55",
        "200306": "41.28",
        "200307": "40.70",
        "200308": "44.99",
        "200309": "43.15",
        "200310": "42.32",
        "200311": "42.64",
        "200312": "42.73",
        "200401": "42.29",
        "200402": "42.94",
        "200403": "40.38",
        "200404": "37.44",
        "200405": "31.75",
        "200406": "29.11",
        "200407": "28.18",
        "200408": "26.38",
        "200409": "24.08",
        "200410": "23.37",
        "200411": "23.59",
        "200412": "23.65",
        "200501": "23.61",
        "200502": "25.70",
        "200503": "27.12",
        "200504": "24.85",
        "200505": "23.94",
        "200506": "24.30",
        "200507": "23.91",
        "200508": "22.95",
        "200509": "22.10",
        "200510": "22.96",
        "200511": "24.34",
        "200512": "25.23",
        "200601": "28.89",
        "200602": "27.62",
        "200603": "26.02",
        "200604": "27.51",
        "200605": "29.63",
        "200606": "27.62",
        "200607": "27.38",
        "200608": "24.43",
        "200609": "26.56",
        "200610": "28.10",
        "200611": "29.07",
        "200612": "35.73",
        "200701": "45.68",
        "200702": "51.39",
        "200703": "56.74",
        "200704": "61.48",
        "200705": "73.49",
        "200706": "74.91",
        "200707": "79.53",
        "200708": "68.93",
        "200709": "72.99",
        "200710": "67.65",
        "200711": "60.53",
        "200712": "68.90",
        "200801": "59.00",
        "200802": "55.77",
        "200803": "63.42",
        "200804": "66.76",
        "200805": "65.94",
        "200806": "57.42",
        "200807": "46.02",
        "200808": "47.57",
        "200809": "36.39",
        "200810": "31.98",
        "200811": "34.82",
        "200812": "36.39",
        "200901": "35.70",
        "200902": "35.30",
        "200903": "39.10",
        "200904": "44.53",
        "200905": "45.25",
        "200906": "49.64",
        "200907": "68.38",
        "200908": "62.95",
        "200909": "68.80",
        "200910": "69.12",
        "200911": "65.05",
        "200912": "76.39",
        "201001": "71.39",
        "201002": "65.31",
        "201003": "73.64",
        "201004": "73.20",
        "201005": "68.24",
        "201006": "70.22",
        "201007": "73.23",
        "201008": "72.95",
        "201009": "86.27",
        "201010": "96.93",
        "201011": "95.71",
        "201012": "99.92",
        "201101": "89.88",
        "201102": "87.49",
        "201103": "89.75",
        "201104": "91.34",
        "201105": "93.42",
        "201106": "88.72",
        "201107": "89.69",
        "201108": "72.87",
        "201109": "61.59",
        "201110": "56.98",
        "201111": "62.28",
        "201112": "60.10",
        "201201": "63.94",
        "201202": "71.14",
        "201203": "67.67",
        "201204": "59.56",
        "201205": "58.41",
        "201206": "57.29",
        "201207": "59.76",
        "201208": "62.47",
        "201209": "63.55",
        "201210": "58.50",
        "201211": "54.19",
        "201212": "57.08",
        "201301": "55.95",
        "201302": "56.47",
        "201303": "58.22",
        "201304": "55.56",
        "201305": "55.46",
        "201306": "53.29",
        "201307": "50.77",
        "201308": "52.39",
        "201309": "54.07",
        "201310": "62.16",
        "201311": "60.56",
        "201312": "59.47",
        "201401": "58.39",
        "201402": "58.15",
        "201403": "61.66",
        "201404": "59.00",
        "201405": "57.76",
        "201406": "59.96",
        "201407": "60.30",
        "201408": "57.01",
        "201409": "55.59",
        "201410": "52.33",
        "201411": "49.97",
        "201412": "50.76",
        "201501": "51.20",
        "201502": "50.54",
        "201503": "51.90",
        "201504": "51.93",
        "201505": "49.49",
        "201506": "47.82",
        "201507": "46.87",
        "201508": "40.55",
        "201509": "44.22",
        "201510": "47.64",
        "201511": "50.99",
        "201512": "50.62",
        "201601": "48.66",
        "201602": "51.15",
        "201603": "50.48",
        "201604": "49.89",
        "201605": "49.96",
        "201606": "51.36",
        "201607": "51.38",
        "201608": "48.30",
        "201609": "46.90",
        "201610": "45.62",
        "201611": "44.31",
        "201612": "44.68",
        "201701": "45.12",
        "201702": "46.21",
        "201703": "46.67",
        "201704": "45.29",
        "201705": "46.18",
        "201706": "48.19",
        "201707": "47.98",
        "201708": "44.92",
        "201709": "45.09",
        "201710": "44.76",
        "201711": "45.23",
        "201712": "45.12",
        "201801": "45.55",
        "201802": "44.79",
        "201803": "46.11",
        "201804": "48.57",
        "201805": "50.46",
        "201806": "50.70",
        "201807": "50.14",
        "201808": "48.28",
        "201809": "46.96",
        "201810": "45.47",
        "201811": "45.16",
        "201812": "45.90",
        "201901": "47.43",
        "201902": "48.43",
        "201903": "48.56",
        "201904": "49.38",
        "201905": "49.83",
        "201906": "50.98",
        "201907": "52.54",
        "201908": "51.28",
        "201909": "52.86",
        "201910": "52.84",
        "201911": "53.50",
        "201912": "53.65",
        "202001": "53.36",
        "202002": "52.87",
        "202003": "50.88",
        "202004": "52.36",
        "202005": "55.50",
        "202006": "58.31",
        "202007": "60.47",
        "202008": "57.07",
        "202009": "56.14",
        "202010": "56.51",
        "202011": "56.94",
        "202012": "56.54",
        "202101": "55.44",
        "202102": "55.19",
        "202103": "57.26",
        "202104": "58.75",
        "202105": "57.32",
        "202106": "57.73",
        "202107": "58.29",
        "202108": "55.26",
        "202109": "55.40",
        "202110": "55.26",
        "202111": "56.81",
        "202112": "57.12",
        "202201": "57.51",
        "202202": "58.62",
        "202203": "62.65",
        "202204": "68.18",
        "202205": "67.06",
        "202206": "67.42",
        "202207": "64.82",
        "202208": "65.87",
        "202209": "65.95",
        "202210": "62.58",
        "202211": "62.70",
        "202212": "66.37",
        "202301": "68.85",
        "202302": "74.90",
        "202303": "79.83",
        "202304": "84.49",
        "202305": "92.26",
        "202306": "92.29"
    },
    "quarters": {
        "20011": {
            "year_quarter": 20011,
            "year": 2001,
            "quarter": 1,
            "eps": 6.22,
            "eps_growth_year": 534.69,
            "eps_4q": 8.27,
            "eps_4q_growth_year": null,
            "roe": 17.17,
            "roe_4q": 17.17,
            "gross_profit": 75570,
            "gross_margin": 25.19,
            "gross_margin_4q_avg": 25.19,
            "net_income": 186621,
            "revenue": 300018,
            "common_shares": 300000,
            "book_valuer_per_share": 39.34,
            "book_valuer_per_share_4q_avg": 39.34,
            "equity": 1180214,
            "current_ratio": 231.44,
            "debt_ratio": 30.93,
            "inventory_turnover_ratio": 1,
            "account_receivable_turnover_ratio": null,
            "reinvestment_rate": null,
            "research_to_sale_ratio": null,
            "price_fair": 0,
            "eps_avg_yearly": 0,
            "eps_latest_yearly": 0,
            "eps_growth_yearly": 0
        },
        "20012": {
            "year_quarter": 20012,
            "year": 2001,
            "quarter": 2,
            "eps": 0.51,
            "eps_growth_year": -10.53,
            "eps_4q": 8.15,
            "eps_4q_growth_year": null,
            "roe": 1.33,
            "roe_4q": 18.5,
            "gross_profit": 69478,
            "gross_margin": 21.69,
            "gross_margin_4q_avg": 23.44,
            "net_income": 15420,
            "revenue": 320392,
            "common_shares": 300000,
            "book_valuer_per_share": 38.22,
            "book_valuer_per_share_4q_avg": 38.78,
            "equity": 1146547,
            "current_ratio": 231.51,
            "debt_ratio": 29.99,
            "inventory_turnover_ratio": 1.31,
            "account_receivable_turnover_ratio": null,
            "reinvestment_rate": null,
            "research_to_sale_ratio": null,
            "price_fair": 0,
            "eps_avg_yearly": 0,
            "eps_latest_yearly": 0,
            "eps_growth_yearly": 0
        },
        "20013": {
            "year_quarter": 20013,
            "year": 2001,
            "quarter": 3,
            "eps": 0.77,
            "eps_growth_year": 185.19,
            "eps_4q": 7.43,
            "eps_4q_growth_year": null,
            "roe": 2.37,
            "roe_4q": 20.87,
            "gross_profit": 61895,
            "gross_margin": 20.65,
            "gross_margin_4q_avg": 22.51,
            "net_income": 27546,
            "revenue": 299670,
            "common_shares": 360000,
            "book_valuer_per_share": 32.61,
            "book_valuer_per_share_4q_avg": 36.72,
            "equity": 1174093,
            "current_ratio": 227.43,
            "debt_ratio": 30.27,
            "inventory_turnover_ratio": 1.17,
            "account_receivable_turnover_ratio": null,
            "reinvestment_rate": null,
            "research_to_sale_ratio": null,
            "price_fair": 0,
            "eps_avg_yearly": 0,
            "eps_latest_yearly": 0,
            "eps_growth_yearly": 0
        },
        "20014": {
            "year_quarter": 20014,
            "year": 2001,
            "quarter": 4,
            "eps": 0.36,
            "eps_growth_year": -70.25,
            "eps_4q": 6.73,
            "eps_4q_growth_year": 121.72,
            "roe": 1.1,
            "roe_4q": 21.970000000000002,
            "gross_profit": 62098,
            "gross_margin": 20.75,
            "gross_margin_4q_avg": 22.07,
            "net_income": 12975,
            "revenue": 299307,
            "common_shares": 360000,
            "book_valuer_per_share": 33.01,
            "book_valuer_per_share_4q_avg": 35.8,
            "equity": 1188184,
            "current_ratio": 194.73,
            "debt_ratio": 33.58,
            "inventory_turnover_ratio": 1.02,
            "account_receivable_turnover_ratio": null,
            "reinvestment_rate": null,
            "research_to_sale_ratio": null,
            "price_fair": 0,
            "eps_avg_yearly": 0,
            "eps_latest_yearly": 0,
            "eps_growth_yearly": 0
        },
        "20021": {
            "year_quarter": 20021,
            "year": 2002,
            "quarter": 1,
            "eps": 5.58,
            "eps_growth_year": -10.29,
            "eps_4q": 7.13,
            "eps_4q_growth_year": -13.74,
            "roe": 15.59,
            "roe_4q": 20.39,
            "gross_profit": 63178,
            "gross_margin": 21.49,
            "gross_margin_4q_avg": 21.15,
            "net_income": 200854,
            "revenue": 293931,
            "common_shares": 360000,
            "book_valuer_per_share": 38.58,
            "book_valuer_per_share_4q_avg": 35.61,
            "equity": 1389038,
            "current_ratio": 540.29,
            "debt_ratio": 28.14,
            "inventory_turnover_ratio": 1,
            "account_receivable_turnover_ratio": null,
            "reinvestment_rate": null,
            "research_to_sale_ratio": null,
            "price_fair": 781.2,
            "eps_avg_yearly": 22.32,
            "eps_latest_yearly": 22.32,
            "eps_growth_yearly": 5800
        },
        "20022": {
            "year_quarter": 20022,
            "year": 2002,
            "quarter": 2,
            "eps": 0.54,
            "eps_growth_year": 5.88,
            "eps_4q": 7.22,
            "eps_4q_growth_year": -11.36,
            "roe": 1.43,
            "roe_4q": 20.490000000000002,
            "gross_profit": 63447,
            "gross_margin": 21.09,
            "gross_margin_4q_avg": 21,
            "net_income": 19504,
            "revenue": 300850,
            "common_shares": 360000,
            "book_valuer_per_share": 37.39,
            "book_valuer_per_share_4q_avg": 35.4,
            "equity": 1345882,
            "current_ratio": 440.57,
            "debt_ratio": 30.35,
            "inventory_turnover_ratio": 1.04,
            "account_receivable_turnover_ratio": null,
            "reinvestment_rate": null,
            "research_to_sale_ratio": null,
            "price_fair": 428.4,
            "eps_avg_yearly": 12.24,
            "eps_latest_yearly": 2.16,
            "eps_growth_yearly": 2719.35
        },
        "20023": {
            "year_quarter": 20023,
            "year": 2002,
            "quarter": 3,
            "eps": 0.9,
            "eps_growth_year": 16.88,
            "eps_4q": 6.32,
            "eps_4q_growth_year": -15,
            "roe": 2.84,
            "roe_4q": 20.96,
            "gross_profit": 66642,
            "gross_margin": 21.05,
            "gross_margin_4q_avg": 21.1,
            "net_income": 38779,
            "revenue": 316515,
            "common_shares": 430580,
            "book_valuer_per_share": 32.16,
            "book_valuer_per_share_4q_avg": 35.29,
            "equity": 1384661,
            "current_ratio": 437.91,
            "debt_ratio": 29.07,
            "inventory_turnover_ratio": 0.99,
            "account_receivable_turnover_ratio": null,
            "reinvestment_rate": null,
            "research_to_sale_ratio": null,
            "price_fair": 327.6,
            "eps_avg_yearly": 9.36,
            "eps_latest_yearly": 3.6,
            "eps_growth_yearly": 1901.79
        },
        "20024": {
            "year_quarter": 20024,
            "year": 2002,
            "quarter": 4,
            "eps": 0.6,
            "eps_growth_year": 66.67,
            "eps_4q": 6.67,
            "eps_4q_growth_year": -0.89,
            "roe": 1.83,
            "roe_4q": 21.689999999999998,
            "gross_profit": 70287,
            "gross_margin": 17.72,
            "gross_margin_4q_avg": 20.34,
            "net_income": 25615,
            "revenue": 396570,
            "common_shares": 430741,
            "book_valuer_per_share": 32.71,
            "book_valuer_per_share_4q_avg": 35.21,
            "equity": 1408929,
            "current_ratio": 357.92,
            "debt_ratio": 31.06,
            "inventory_turnover_ratio": 1.15,
            "account_receivable_turnover_ratio": null,
            "reinvestment_rate": null,
            "research_to_sale_ratio": null,
            "price_fair": 266.7,
            "eps_avg_yearly": 7.62,
            "eps_latest_yearly": 2.4,
            "eps_growth_yearly": 1393.01
        },
        "20031": {
            "year_quarter": 20031,
            "year": 2003,
            "quarter": 1,
            "eps": 3.24,
            "eps_growth_year": -41.94,
            "eps_4q": 4.64,
            "eps_4q_growth_year": -34.93,
            "roe": 11.39,
            "roe_4q": 17.490000000000002,
            "gross_profit": 59663,
            "gross_margin": 16.88,
            "gross_margin_4q_avg": 19.19,
            "net_income": 193874,
            "revenue": 353467,
            "common_shares": 530740,
            "book_valuer_per_share": 37.57,
            "book_valuer_per_share_4q_avg": 34.96,
            "equity": 1994092,
            "current_ratio": 433.01,
            "debt_ratio": 26.85,
            "inventory_turnover_ratio": 0.98,
            "account_receivable_turnover_ratio": null,
            "reinvestment_rate": null,
            "research_to_sale_ratio": null,
            "price_fair": 304.08,
            "eps_avg_yearly": 8.69,
            "eps_latest_yearly": 12.96,
            "eps_growth_yearly": 1466.41
        },
        "20032": {
            "year_quarter": 20032,
            "year": 2003,
            "quarter": 2,
            "eps": 0.58,
            "eps_growth_year": 7.41,
            "eps_4q": 4.83,
            "eps_4q_growth_year": -33.19,
            "roe": 1.75,
            "roe_4q": 17.810000000000002,
            "gross_profit": 69720,
            "gross_margin": 18.15,
            "gross_margin_4q_avg": 18.45,
            "net_income": 35281,
            "revenue": 384044,
            "common_shares": 623165,
            "book_valuer_per_share": 32.57,
            "book_valuer_per_share_4q_avg": 33.75,
            "equity": 2029416,
            "current_ratio": 557.93,
            "debt_ratio": 22.98,
            "inventory_turnover_ratio": 1.12,
            "account_receivable_turnover_ratio": null,
            "reinvestment_rate": null,
            "research_to_sale_ratio": null,
            "price_fair": 266.93,
            "eps_avg_yearly": 7.63,
            "eps_latest_yearly": 2.32,
            "eps_growth_yearly": 1167.27
        },
        "20033": {
            "year_quarter": 20033,
            "year": 2003,
            "quarter": 3,
            "eps": 0.53,
            "eps_growth_year": -41.11,
            "eps_4q": 4.66,
            "eps_4q_growth_year": -26.18,
            "roe": 1.6,
            "roe_4q": 16.57,
            "gross_profit": 63495,
            "gross_margin": 18.07,
            "gross_margin_4q_avg": 17.71,
            "net_income": 32680,
            "revenue": 351299,
            "common_shares": 623165,
            "book_valuer_per_share": 33.08,
            "book_valuer_per_share_4q_avg": 33.98,
            "equity": 2061693,
            "current_ratio": 610.69,
            "debt_ratio": 21.74,
            "inventory_turnover_ratio": 1.1,
            "account_receivable_turnover_ratio": null,
            "reinvestment_rate": null,
            "research_to_sale_ratio": null,
            "price_fair": 239.4,
            "eps_avg_yearly": 6.84,
            "eps_latest_yearly": 2.12,
            "eps_growth_yearly": 995.6
        },
        "20034": {
            "year_quarter": 20034,
            "year": 2003,
            "quarter": 4,
            "eps": -0.23,
            "eps_growth_year": -138.33,
            "eps_4q": 4.02,
            "eps_4q_growth_year": -39.73,
            "roe": -0.68,
            "roe_4q": 14.06,
            "gross_profit": 85259,
            "gross_margin": 15.95,
            "gross_margin_4q_avg": 17.26,
            "net_income": -14067,
            "revenue": 534683,
            "common_shares": 623165,
            "book_valuer_per_share": 32.86,
            "book_valuer_per_share_4q_avg": 34.02,
            "equity": 2060152,
            "current_ratio": 315.21,
            "debt_ratio": 28.52,
            "inventory_turnover_ratio": 1.6,
            "account_receivable_turnover_ratio": null,
            "reinvestment_rate": 32.49,
            "research_to_sale_ratio": null,
            "price_fair": 239.4,
            "eps_avg_yearly": 6.84,
            "eps_latest_yearly": 2.12,
            "eps_growth_yearly": 995.6
        },
        "20041": {
            "year_quarter": 20041,
            "year": 2004,
            "quarter": 1,
            "eps": 0.54,
            "eps_growth_year": -83.33,
            "eps_4q": 1.4,
            "eps_4q_growth_year": -69.84,
            "roe": 1.63,
            "roe_4q": 4.3,
            "gross_profit": 71212,
            "gross_margin": 15.92,
            "gross_margin_4q_avg": 17.02,
            "net_income": 33832,
            "revenue": 447216,
            "common_shares": 624707,
            "book_valuer_per_share": 33.42,
            "book_valuer_per_share_4q_avg": 32.98,
            "equity": 2087976,
            "current_ratio": 320.23,
            "debt_ratio": 42.19,
            "inventory_turnover_ratio": 1.33,
            "account_receivable_turnover_ratio": null,
            "reinvestment_rate": 32.2,
            "research_to_sale_ratio": null,
            "price_fair": 239.4,
            "eps_avg_yearly": 6.84,
            "eps_latest_yearly": 2.12,
            "eps_growth_yearly": 995.6
        },
        "20042": {
            "year_quarter": 20042,
            "year": 2004,
            "quarter": 2,
            "eps": 0.68,
            "eps_growth_year": 17.24,
            "eps_4q": 1.52,
            "eps_4q_growth_year": -68.5,
            "roe": 2.07,
            "roe_4q": 4.619999999999999,
            "gross_profit": 104494,
            "gross_margin": 19.5,
            "gross_margin_4q_avg": 17.36,
            "net_income": 42443,
            "revenue": 535950,
            "common_shares": 624707,
            "book_valuer_per_share": 32.31,
            "book_valuer_per_share_4q_avg": 32.92,
            "equity": 2018495,
            "current_ratio": 262.43,
            "debt_ratio": 45.86,
            "inventory_turnover_ratio": 1.41,
            "account_receivable_turnover_ratio": null,
            "reinvestment_rate": 32.48,
            "research_to_sale_ratio": null,
            "price_fair": 221.38,
            "eps_avg_yearly": 6.33,
            "eps_latest_yearly": 2.72,
            "eps_growth_yearly": 884.11
        },
        "20043": {
            "year_quarter": 20043,
            "year": 2004,
            "quarter": 3,
            "eps": 0.42,
            "eps_growth_year": -20.75,
            "eps_4q": 1.33,
            "eps_4q_growth_year": -71.4,
            "roe": 1.41,
            "roe_4q": 4.43,
            "gross_profit": 89116,
            "gross_margin": 16.92,
            "gross_margin_4q_avg": 17.07,
            "net_income": 28603,
            "revenue": 526776,
            "common_shares": 680479,
            "book_valuer_per_share": 29.87,
            "book_valuer_per_share_4q_avg": 32.12,
            "equity": 2032827,
            "current_ratio": 279.82,
            "debt_ratio": 44.4,
            "inventory_turnover_ratio": 1.26,
            "account_receivable_turnover_ratio": null,
            "reinvestment_rate": 34.78,
            "research_to_sale_ratio": null,
            "price_fair": 203.31,
            "eps_avg_yearly": 5.81,
            "eps_latest_yearly": 1.68,
            "eps_growth_yearly": 768.88
        },
        "20044": {
            "year_quarter": 20044,
            "year": 2004,
            "quarter": 4,
            "eps": 0.61,
            "eps_growth_year": null,
            "eps_4q": 2.19,
            "eps_4q_growth_year": -45.57,
            "roe": 1.95,
            "roe_4q": 7.06,
            "gross_profit": 116347,
            "gross_margin": 21.96,
            "gross_margin_4q_avg": 18.58,
            "net_income": 40537,
            "revenue": 529728,
            "common_shares": 680480,
            "book_valuer_per_share": 30.32,
            "book_valuer_per_share_4q_avg": 31.48,
            "equity": 2124037,
            "current_ratio": 251.16,
            "debt_ratio": 44.56,
            "inventory_turnover_ratio": 1.1,
            "account_receivable_turnover_ratio": null,
            "reinvestment_rate": 40.55,
            "research_to_sale_ratio": null,
            "price_fair": 191.52,
            "eps_avg_yearly": 5.47,
            "eps_latest_yearly": 2.44,
            "eps_growth_yearly": 710.09
        },
        "20051": {
            "year_quarter": 20051,
            "year": 2005,
            "quarter": 1,
            "eps": 0.65,
            "eps_growth_year": 20.37,
            "eps_4q": 2.32,
            "eps_4q_growth_year": 65.86,
            "roe": 2.13,
            "roe_4q": 7.5600000000000005,
            "gross_profit": 108792,
            "gross_margin": 20.71,
            "gross_margin_4q_avg": 19.77,
            "net_income": 43368,
            "revenue": 525201,
            "common_shares": 682580,
            "book_valuer_per_share": 28.43,
            "book_valuer_per_share_4q_avg": 30.23,
            "equity": 1940733,
            "current_ratio": 235.9,
            "debt_ratio": 42.51,
            "inventory_turnover_ratio": 1.09,
            "account_receivable_turnover_ratio": null,
            "reinvestment_rate": 47.97,
            "research_to_sale_ratio": null,
            "price_fair": 182.38,
            "eps_avg_yearly": 5.21,
            "eps_latest_yearly": 2.6,
            "eps_growth_yearly": 647.92
        },
        "20052": {
            "year_quarter": 20052,
            "year": 2005,
            "quarter": 2,
            "eps": 0.93,
            "eps_growth_year": 36.76,
            "eps_4q": 2.6,
            "eps_4q_growth_year": 71.15,
            "roe": 3.24,
            "roe_4q": 8.73,
            "gross_profit": 126546,
            "gross_margin": 23.68,
            "gross_margin_4q_avg": 20.82,
            "net_income": 62582,
            "revenue": 534506,
            "common_shares": 682580,
            "book_valuer_per_share": 28.14,
            "book_valuer_per_share_4q_avg": 29.19,
            "equity": 1921091,
            "current_ratio": 224.5,
            "debt_ratio": 44.23,
            "inventory_turnover_ratio": 1.19,
            "account_receivable_turnover_ratio": null,
            "reinvestment_rate": 48.13,
            "research_to_sale_ratio": null,
            "price_fair": 178.03,
            "eps_avg_yearly": 5.09,
            "eps_latest_yearly": 3.72,
            "eps_growth_yearly": 608.28
        },
        "20053": {
            "year_quarter": 20053,
            "year": 2005,
            "quarter": 3,
            "eps": 1.11,
            "eps_growth_year": 164.29,
            "eps_4q": 3.21,
            "eps_4q_growth_year": 141.05,
            "roe": 3.94,
            "roe_4q": 11.259999999999998,
            "gross_profit": 119267,
            "gross_margin": 23.35,
            "gross_margin_4q_avg": 22.43,
            "net_income": 77270,
            "revenue": 510802,
            "common_shares": 706713,
            "book_valuer_per_share": 28.29,
            "book_valuer_per_share_4q_avg": 28.8,
            "equity": 1999359,
            "current_ratio": 220.77,
            "debt_ratio": 43.63,
            "inventory_turnover_ratio": 1.21,
            "account_receivable_turnover_ratio": null,
            "reinvestment_rate": 47.38,
            "research_to_sale_ratio": null,
            "price_fair": 176.29,
            "eps_avg_yearly": 5.04,
            "eps_latest_yearly": 4.44,
            "eps_growth_yearly": 567.45
        },
        "20054": {
            "year_quarter": 20054,
            "year": 2005,
            "quarter": 4,
            "eps": 0.84,
            "eps_growth_year": 37.7,
            "eps_4q": 3.47,
            "eps_4q_growth_year": 58.57,
            "roe": 2.82,
            "roe_4q": 12.129999999999999,
            "gross_profit": 119180,
            "gross_margin": 21.54,
            "gross_margin_4q_avg": 22.32,
            "net_income": 58521,
            "revenue": 553324,
            "common_shares": 706713,
            "book_valuer_per_share": 28.9,
            "book_valuer_per_share_4q_avg": 28.44,
            "equity": 2150288,
            "current_ratio": 258.73,
            "debt_ratio": 46.12,
            "inventory_turnover_ratio": 1.09,
            "account_receivable_turnover_ratio": null,
            "reinvestment_rate": 80.41,
            "research_to_sale_ratio": null,
            "price_fair": 172.1,
            "eps_avg_yearly": 4.92,
            "eps_latest_yearly": 3.36,
            "eps_growth_yearly": 519.97
        },
        "20061": {
            "year_quarter": 20061,
            "year": 2006,
            "quarter": 1,
            "eps": 1.01,
            "eps_growth_year": 55.38,
            "eps_4q": 3.84,
            "eps_4q_growth_year": 65.48,
            "roe": 3.28,
            "roe_4q": 13.28,
            "gross_profit": 111405,
            "gross_margin": 21.1,
            "gross_margin_4q_avg": 22.42,
            "net_income": 70721,
            "revenue": 528000,
            "common_shares": 706713,
            "book_valuer_per_share": 30.57,
            "book_valuer_per_share_4q_avg": 28.98,
            "equity": 2160734,
            "current_ratio": 139.22,
            "debt_ratio": 37.92,
            "inventory_turnover_ratio": 0.98,
            "account_receivable_turnover_ratio": null,
            "reinvestment_rate": 50.66,
            "research_to_sale_ratio": null,
            "price_fair": 126.4,
            "eps_avg_yearly": 3.61,
            "eps_latest_yearly": 4.04,
            "eps_growth_yearly": 111.46
        },
        "20062": {
            "year_quarter": 20062,
            "year": 2006,
            "quarter": 2,
            "eps": 1.02,
            "eps_growth_year": 9.68,
            "eps_4q": 3.73,
            "eps_4q_growth_year": 43.34,
            "roe": 3.6,
            "roe_4q": 13.639999999999999,
            "gross_profit": 126866,
            "gross_margin": 22.12,
            "gross_margin_4q_avg": 22.03,
            "net_income": 77739,
            "revenue": 573548,
            "common_shares": 723246,
            "book_valuer_per_share": 29.82,
            "book_valuer_per_share_4q_avg": 29.4,
            "equity": 2156466,
            "current_ratio": 137.7,
            "debt_ratio": 38.31,
            "inventory_turnover_ratio": 1.28,
            "account_receivable_turnover_ratio": null,
            "reinvestment_rate": 45.39,
            "research_to_sale_ratio": null,
            "price_fair": 131.2,
            "eps_avg_yearly": 3.75,
            "eps_latest_yearly": 4.08,
            "eps_growth_yearly": 137.55
        },
        "20063": {
            "year_quarter": 20063,
            "year": 2006,
            "quarter": 3,
            "eps": 1.16,
            "eps_growth_year": 4.5,
            "eps_4q": 3.83,
            "eps_4q_growth_year": 19.29,
            "roe": 4.08,
            "roe_4q": 13.78,
            "gross_profit": 134816,
            "gross_margin": 25.78,
            "gross_margin_4q_avg": 22.64,
            "net_income": 89777,
            "revenue": 523013,
            "common_shares": 779936,
            "book_valuer_per_share": 28.81,
            "book_valuer_per_share_4q_avg": 29.53,
            "equity": 2247381,
            "current_ratio": 140.34,
            "debt_ratio": 34.73,
            "inventory_turnover_ratio": 1.22,
            "account_receivable_turnover_ratio": null,
            "reinvestment_rate": 43.17,
            "research_to_sale_ratio": null,
            "price_fair": 133.8,
            "eps_avg_yearly": 3.82,
            "eps_latest_yearly": 4.64,
            "eps_growth_yearly": 122.43
        },
        "20064": {
            "year_quarter": 20064,
            "year": 2006,
            "quarter": 4,
            "eps": 1.29,
            "eps_growth_year": 53.57,
            "eps_4q": 4.37,
            "eps_4q_growth_year": 25.94,
            "roe": 3.86,
            "roe_4q": 14.819999999999999,
            "gross_profit": 137580,
            "gross_margin": 25.89,
            "gross_margin_4q_avg": 23.72,
            "net_income": 99777,
            "revenue": 531374,
            "common_shares": 919873,
            "book_valuer_per_share": 29.78,
            "book_valuer_per_share_4q_avg": 29.75,
            "equity": 2924535,
            "current_ratio": 284,
            "debt_ratio": 26.1,
            "inventory_turnover_ratio": 1.04,
            "account_receivable_turnover_ratio": null,
            "reinvestment_rate": 75.34,
            "research_to_sale_ratio": null,
            "price_fair": 140.7,
            "eps_avg_yearly": 4.02,
            "eps_latest_yearly": 5.16,
            "eps_growth_yearly": 135.15
        },
        "20071": {
            "year_quarter": 20071,
            "year": 2007,
            "quarter": 1,
            "eps": 9.4,
            "eps_growth_year": 830.69,
            "eps_4q": 12.11,
            "eps_4q_growth_year": 215.03,
            "roe": 27.18,
            "roe_4q": 38.72,
            "gross_profit": 130677,
            "gross_margin": 25.24,
            "gross_margin_4q_avg": 24.76,
            "net_income": 928183,
            "revenue": 517720,
            "common_shares": 919873,
            "book_valuer_per_share": 42.45,
            "book_valuer_per_share_4q_avg": 32.72,
            "equity": 3904428,
            "current_ratio": 603.12,
            "debt_ratio": 11.47,
            "inventory_turnover_ratio": 0.94,
            "account_receivable_turnover_ratio": null,
            "reinvestment_rate": 21.62,
            "research_to_sale_ratio": null,
            "price_fair": 202.3,
            "eps_avg_yearly": 5.78,
            "eps_latest_yearly": 37.6,
            "eps_growth_yearly": 189.06
        },
        "20072": {
            "year_quarter": 20072,
            "year": 2007,
            "quarter": 2,
            "eps": 0.86,
            "eps_growth_year": -15.69,
            "eps_4q": 12.04,
            "eps_4q_growth_year": 222.91,
            "roe": 2.25,
            "roe_4q": 37.37,
            "gross_profit": 134819,
            "gross_margin": 23.1,
            "gross_margin_4q_avg": 25,
            "net_income": 85954,
            "revenue": 583558,
            "common_shares": 1001420,
            "book_valuer_per_share": 37.23,
            "book_valuer_per_share_4q_avg": 34.57,
            "equity": 3727828,
            "current_ratio": 368.35,
            "debt_ratio": 18.33,
            "inventory_turnover_ratio": 1.19,
            "account_receivable_turnover_ratio": null,
            "reinvestment_rate": 14.64,
            "research_to_sale_ratio": null,
            "price_fair": 205.1,
            "eps_avg_yearly": 5.86,
            "eps_latest_yearly": 3.44,
            "eps_growth_yearly": 186.56
        },
        "20073": {
            "year_quarter": 20073,
            "year": 2007,
            "quarter": 3,
            "eps": 0.98,
            "eps_growth_year": -15.52,
            "eps_4q": 12.14,
            "eps_4q_growth_year": 216.49,
            "roe": 2.59,
            "roe_4q": 35.879999999999995,
            "gross_profit": 131124,
            "gross_margin": 23.08,
            "gross_margin_4q_avg": 24.33,
            "net_income": 97856,
            "revenue": 568016,
            "common_shares": 1001420,
            "book_valuer_per_share": 38.19,
            "book_valuer_per_share_4q_avg": 36.91,
            "equity": 3824371,
            "current_ratio": 497.81,
            "debt_ratio": 13.22,
            "inventory_turnover_ratio": 1.08,
            "account_receivable_turnover_ratio": null,
            "reinvestment_rate": 13.62,
            "research_to_sale_ratio": null,
            "price_fair": 209.6,
            "eps_avg_yearly": 5.99,
            "eps_latest_yearly": 3.92,
            "eps_growth_yearly": 193.01
        },
        "20074": {
            "year_quarter": 20074,
            "year": 2007,
            "quarter": 4,
            "eps": 1.02,
            "eps_growth_year": -20.93,
            "eps_4q": 12.57,
            "eps_4q_growth_year": 187.62,
            "roe": 2.54,
            "roe_4q": 34.56,
            "gross_profit": 120424,
            "gross_margin": 19.63,
            "gross_margin_4q_avg": 22.76,
            "net_income": 98207,
            "revenue": 613496,
            "common_shares": 801136,
            "book_valuer_per_share": 46.24,
            "book_valuer_per_share_4q_avg": 41.03,
            "equity": 3898685,
            "current_ratio": 417.03,
            "debt_ratio": 17.04,
            "inventory_turnover_ratio": 0.98,
            "account_receivable_turnover_ratio": null,
            "reinvestment_rate": 10.22,
            "research_to_sale_ratio": null,
            "price_fair": 205.15,
            "eps_avg_yearly": 5.86,
            "eps_latest_yearly": 4.08,
            "eps_growth_yearly": 181.23
        },
        "20081": {
            "year_quarter": 20081,
            "year": 2008,
            "quarter": 1,
            "eps": 1.09,
            "eps_growth_year": -88.4,
            "eps_4q": 4.24,
            "eps_4q_growth_year": -65.01,
            "roe": 2.41,
            "roe_4q": 9.79,
            "gross_profit": 192620,
            "gross_margin": 27.32,
            "gross_margin_4q_avg": 23.28,
            "net_income": 94949,
            "revenue": 704947,
            "common_shares": 801136,
            "book_valuer_per_share": 47.14,
            "book_valuer_per_share_4q_avg": 42.2,
            "equity": 3977431,
            "current_ratio": 416.58,
            "debt_ratio": 17.16,
            "inventory_turnover_ratio": 0.82,
            "account_receivable_turnover_ratio": null,
            "reinvestment_rate": 10.31,
            "research_to_sale_ratio": null,
            "price_fair": 201.86,
            "eps_avg_yearly": 5.77,
            "eps_latest_yearly": 4.36,
            "eps_growth_yearly": 171.62
        },
        "20082": {
            "year_quarter": 20082,
            "year": 2008,
            "quarter": 2,
            "eps": 0.36,
            "eps_growth_year": -58.14,
            "eps_4q": 3.19,
            "eps_4q_growth_year": -73.51,
            "roe": 0.94,
            "roe_4q": 8.48,
            "gross_profit": 242018,
            "gross_margin": 30.83,
            "gross_margin_4q_avg": 25.22,
            "net_income": 35234,
            "revenue": 785095,
            "common_shares": 801136,
            "book_valuer_per_share": 41.36,
            "book_valuer_per_share_4q_avg": 43.23,
            "equity": 3488249,
            "current_ratio": 242.98,
            "debt_ratio": 28.18,
            "inventory_turnover_ratio": 0.81,
            "account_receivable_turnover_ratio": null,
            "reinvestment_rate": 12.2,
            "research_to_sale_ratio": null,
            "price_fair": 199.06,
            "eps_avg_yearly": 5.69,
            "eps_latest_yearly": 1.44,
            "eps_growth_yearly": 148.4
        },
        "20083": {
            "year_quarter": 20083,
            "year": 2008,
            "quarter": 3,
            "eps": 0.61,
            "eps_growth_year": -37.76,
            "eps_4q": 2.78,
            "eps_4q_growth_year": -77.11,
            "roe": 1.64,
            "roe_4q": 7.53,
            "gross_profit": 192058,
            "gross_margin": 23.64,
            "gross_margin_4q_avg": 25.36,
            "net_income": 57847,
            "revenue": 812349,
            "common_shares": 801136,
            "book_valuer_per_share": 42.02,
            "book_valuer_per_share_4q_avg": 44.19,
            "equity": 3552544,
            "current_ratio": 303.22,
            "debt_ratio": 22.68,
            "inventory_turnover_ratio": 0.88,
            "account_receivable_turnover_ratio": null,
            "reinvestment_rate": 11.52,
            "research_to_sale_ratio": null,
            "price_fair": 200.73,
            "eps_avg_yearly": 5.74,
            "eps_latest_yearly": 2.44,
            "eps_growth_yearly": 175.32
        },
        "20084": {
            "year_quarter": 20084,
            "year": 2008,
            "quarter": 4,
            "eps": 0.86,
            "eps_growth_year": -15.69,
            "eps_4q": 2.82,
            "eps_4q_growth_year": -77.54,
            "roe": 1.93,
            "roe_4q": 6.92,
            "gross_profit": 191005,
            "gross_margin": 20.01,
            "gross_margin_4q_avg": 25.45,
            "net_income": 71316,
            "revenue": 954722,
            "common_shares": 801136,
            "book_valuer_per_share": 42.99,
            "book_valuer_per_share_4q_avg": 43.38,
            "equity": 3847913,
            "current_ratio": 367.41,
            "debt_ratio": 19.38,
            "inventory_turnover_ratio": 1.03,
            "account_receivable_turnover_ratio": 1.73,
            "reinvestment_rate": 6.28,
            "research_to_sale_ratio": null,
            "price_fair": 202.91,
            "eps_avg_yearly": 5.8,
            "eps_latest_yearly": 3.44,
            "eps_growth_yearly": 174.25
        },
        "20091": {
            "year_quarter": 20091,
            "year": 2009,
            "quarter": 1,
            "eps": 0.83,
            "eps_growth_year": -23.85,
            "eps_4q": 2.12,
            "eps_4q_growth_year": -49.96,
            "roe": 2.09,
            "roe_4q": 6.6,
            "gross_profit": 325063,
            "gross_margin": 9,
            "gross_margin_4q_avg": 20.87,
            "net_income": 85077,
            "revenue": 3613110,
            "common_shares": 848661,
            "book_valuer_per_share": 43.53,
            "book_valuer_per_share_4q_avg": 42.48,
            "equity": 4310001,
            "current_ratio": 156.36,
            "debt_ratio": 52.37,
            "inventory_turnover_ratio": 3.09,
            "account_receivable_turnover_ratio": 1.41,
            "reinvestment_rate": 7.23,
            "research_to_sale_ratio": null,
            "price_fair": 204.49,
            "eps_avg_yearly": 5.84,
            "eps_latest_yearly": 3.32,
            "eps_growth_yearly": 171.74
        },
        "20092": {
            "year_quarter": 20092,
            "year": 2009,
            "quarter": 2,
            "eps": 1.04,
            "eps_growth_year": 188.89,
            "eps_4q": 2.76,
            "eps_4q_growth_year": -13.5,
            "roe": 2.42,
            "roe_4q": 8.08,
            "gross_profit": 320572,
            "gross_margin": 8.85,
            "gross_margin_4q_avg": 15.38,
            "net_income": 104143,
            "revenue": 3623686,
            "common_shares": 848661,
            "book_valuer_per_share": 43.07,
            "book_valuer_per_share_4q_avg": 42.9,
            "equity": 4300307,
            "current_ratio": 161.49,
            "debt_ratio": 55.96,
            "inventory_turnover_ratio": 2.31,
            "account_receivable_turnover_ratio": 0.9,
            "reinvestment_rate": 5.19,
            "research_to_sale_ratio": null,
            "price_fair": 205.45,
            "eps_avg_yearly": 5.87,
            "eps_latest_yearly": 4.16,
            "eps_growth_yearly": 167.3
        },
        "20093": {
            "year_quarter": 20093,
            "year": 2009,
            "quarter": 3,
            "eps": 0.89,
            "eps_growth_year": 45.9,
            "eps_4q": 3.21,
            "eps_4q_growth_year": 15.52,
            "roe": 1.94,
            "roe_4q": 8.379999999999999,
            "gross_profit": 341208,
            "gross_margin": 9.42,
            "gross_margin_4q_avg": 11.82,
            "net_income": 84182,
            "revenue": 3623341,
            "common_shares": 848661,
            "book_valuer_per_share": 46.48,
            "book_valuer_per_share_4q_avg": 44.02,
            "equity": 4370147,
            "current_ratio": 157.5,
            "debt_ratio": 52.74,
            "inventory_turnover_ratio": 2.21,
            "account_receivable_turnover_ratio": 0.92,
            "reinvestment_rate": 4.43,
            "research_to_sale_ratio": null,
            "price_fair": 203.53,
            "eps_avg_yearly": 5.82,
            "eps_latest_yearly": 3.56,
            "eps_growth_yearly": 158.85
        },
        "20094": {
            "year_quarter": 20094,
            "year": 2009,
            "quarter": 4,
            "eps": 0.89,
            "eps_growth_year": 3.49,
            "eps_4q": 3.35,
            "eps_4q_growth_year": 18.83,
            "roe": 1.9,
            "roe_4q": 8.35,
            "gross_profit": 282223,
            "gross_margin": 8.2,
            "gross_margin_4q_avg": 8.87,
            "net_income": 85560,
            "revenue": 3440645,
            "common_shares": 891085,
            "book_valuer_per_share": 47.33,
            "book_valuer_per_share_4q_avg": 45.1,
            "equity": 4651760,
            "current_ratio": 159.29,
            "debt_ratio": 49.08,
            "inventory_turnover_ratio": 2.12,
            "account_receivable_turnover_ratio": 1.92,
            "reinvestment_rate": 59.71,
            "research_to_sale_ratio": null,
            "price_fair": 203.96,
            "eps_avg_yearly": 5.83,
            "eps_latest_yearly": 3.56,
            "eps_growth_yearly": 164.93
        },
        "20101": {
            "year_quarter": 20101,
            "year": 2010,
            "quarter": 1,
            "eps": 0.87,
            "eps_growth_year": 4.82,
            "eps_4q": 3.42,
            "eps_4q_growth_year": 61.26,
            "roe": 2.22,
            "roe_4q": 8.48,
            "gross_profit": 340176,
            "gross_margin": 9.71,
            "gross_margin_4q_avg": 9.05,
            "net_income": 105296,
            "revenue": 3502600,
            "common_shares": 929913,
            "book_valuer_per_share": 46.8,
            "book_valuer_per_share_4q_avg": 45.92,
            "equity": 4824952,
            "current_ratio": 158.59,
            "debt_ratio": 48.12,
            "inventory_turnover_ratio": 2.19,
            "account_receivable_turnover_ratio": 0.95,
            "reinvestment_rate": 84.19,
            "research_to_sale_ratio": null,
            "price_fair": 202.74,
            "eps_avg_yearly": 5.79,
            "eps_latest_yearly": 3.48,
            "eps_growth_yearly": 159.31
        },
        "20102": {
            "year_quarter": 20102,
            "year": 2010,
            "quarter": 2,
            "eps": 0.76,
            "eps_growth_year": -26.55,
            "eps_4q": 3.24,
            "eps_4q_growth_year": 17.39,
            "roe": 2,
            "roe_4q": 8.06,
            "gross_profit": 378492,
            "gross_margin": 9.94,
            "gross_margin_4q_avg": 9.32,
            "net_income": 95942,
            "revenue": 3808603,
            "common_shares": 946189,
            "book_valuer_per_share": 44.93,
            "book_valuer_per_share_4q_avg": 46.39,
            "equity": 4745603,
            "current_ratio": 144.69,
            "debt_ratio": 52.8,
            "inventory_turnover_ratio": 2.32,
            "account_receivable_turnover_ratio": 0.96,
            "reinvestment_rate": 91.75,
            "research_to_sale_ratio": null,
            "price_fair": 200.46,
            "eps_avg_yearly": 5.73,
            "eps_latest_yearly": 3.04,
            "eps_growth_yearly": 155.9
        },
        "20103": {
            "year_quarter": 20103,
            "year": 2010,
            "quarter": 3,
            "eps": 1.22,
            "eps_growth_year": 37.21,
            "eps_4q": 3.65,
            "eps_4q_growth_year": 13.82,
            "roe": 2.87,
            "roe_4q": 8.99,
            "gross_profit": 374736,
            "gross_margin": 9.38,
            "gross_margin_4q_avg": 9.31,
            "net_income": 139221,
            "revenue": 3993061,
            "common_shares": 952340,
            "book_valuer_per_share": 46.49,
            "book_valuer_per_share_4q_avg": 46.39,
            "equity": 4944473,
            "current_ratio": 144.56,
            "debt_ratio": 52.09,
            "inventory_turnover_ratio": 2.2,
            "account_receivable_turnover_ratio": 0.94,
            "reinvestment_rate": 96.84,
            "research_to_sale_ratio": null,
            "price_fair": 200.99,
            "eps_avg_yearly": 5.74,
            "eps_latest_yearly": 4.88,
            "eps_growth_yearly": 167.6
        },
        "20104": {
            "year_quarter": 20104,
            "year": 2010,
            "quarter": 4,
            "eps": 0.83,
            "eps_growth_year": -7.22,
            "eps_4q": 3.45,
            "eps_4q_growth_year": 2.96,
            "roe": 1.71,
            "roe_4q": 8.8,
            "gross_profit": 433795,
            "gross_margin": 10.71,
            "gross_margin_4q_avg": 9.94,
            "net_income": 94275,
            "revenue": 4051342,
            "common_shares": 1029840,
            "book_valuer_per_share": 51.07,
            "book_valuer_per_share_4q_avg": 47.32,
            "equity": 6076457,
            "current_ratio": 170.3,
            "debt_ratio": 48.02,
            "inventory_turnover_ratio": 2.1,
            "account_receivable_turnover_ratio": 0.95,
            "reinvestment_rate": 89.76,
            "research_to_sale_ratio": null,
            "price_fair": 196.96,
            "eps_avg_yearly": 5.63,
            "eps_latest_yearly": 3.32,
            "eps_growth_yearly": 156.81
        },
        "20111": {
            "year_quarter": 20111,
            "year": 2011,
            "quarter": 1,
            "eps": 0.95,
            "eps_growth_year": 9.2,
            "eps_4q": 3.61,
            "eps_4q_growth_year": 5.5,
            "roe": 2.19,
            "roe_4q": 8.77,
            "gross_profit": 402410,
            "gross_margin": 9.31,
            "gross_margin_4q_avg": 9.84,
            "net_income": 133998,
            "revenue": 4322243,
            "common_shares": 1029840,
            "book_valuer_per_share": 51.77,
            "book_valuer_per_share_4q_avg": 48.57,
            "equity": 6188418,
            "current_ratio": 150.43,
            "debt_ratio": 50.1,
            "inventory_turnover_ratio": 2.2,
            "account_receivable_turnover_ratio": 0.99,
            "reinvestment_rate": 174.98,
            "research_to_sale_ratio": null,
            "price_fair": 46.59,
            "eps_avg_yearly": 3.52,
            "eps_latest_yearly": 3.8,
            "eps_growth_yearly": 3.25
        },
        "20112": {
            "year_quarter": 20112,
            "year": 2011,
            "quarter": 2,
            "eps": 0.76,
            "eps_growth_year": -0.6,
            "eps_4q": 3.66,
            "eps_4q_growth_year": 13.01,
            "roe": 1.7,
            "roe_4q": 8.469999999999999,
            "gross_profit": 390306,
            "gross_margin": 9.16,
            "gross_margin_4q_avg": 9.64,
            "net_income": 103122,
            "revenue": 4262004,
            "common_shares": 1029840,
            "book_valuer_per_share": 49.95,
            "book_valuer_per_share_4q_avg": 49.82,
            "equity": 5931857,
            "current_ratio": 140.5,
            "debt_ratio": 53.88,
            "inventory_turnover_ratio": 1.86,
            "account_receivable_turnover_ratio": 0.94,
            "reinvestment_rate": 236.76,
            "research_to_sale_ratio": null,
            "price_fair": 108.08,
            "eps_avg_yearly": 3.49,
            "eps_latest_yearly": 3.04,
            "eps_growth_yearly": 20.97
        },
        "20113": {
            "year_quarter": 20113,
            "year": 2011,
            "quarter": 3,
            "eps": 0.91,
            "eps_growth_year": -25.27,
            "eps_4q": 3.45,
            "eps_4q_growth_year": -5.5,
            "roe": 2.04,
            "roe_4q": 7.64,
            "gross_profit": 399945,
            "gross_margin": 8.3,
            "gross_margin_4q_avg": 9.37,
            "net_income": 121886,
            "revenue": 4820206,
            "common_shares": 1029840,
            "book_valuer_per_share": 50.54,
            "book_valuer_per_share_4q_avg": 50.83,
            "equity": 6014237,
            "current_ratio": 140.82,
            "debt_ratio": 57.17,
            "inventory_turnover_ratio": 1.84,
            "account_receivable_turnover_ratio": 1,
            "reinvestment_rate": 235.83,
            "research_to_sale_ratio": null,
            "price_fair": 112.55,
            "eps_avg_yearly": 3.47,
            "eps_latest_yearly": 3.64,
            "eps_growth_yearly": 22.41
        },
        "20114": {
            "year_quarter": 20114,
            "year": 2011,
            "quarter": 4,
            "eps": 0.63,
            "eps_growth_year": -23.87,
            "eps_4q": 3.25,
            "eps_4q_growth_year": -5.83,
            "roe": 1.46,
            "roe_4q": 7.390000000000001,
            "gross_profit": 231918,
            "gross_margin": -3.13,
            "gross_margin_4q_avg": 5.91,
            "net_income": 88964,
            "revenue": -7410117,
            "common_shares": 1029840,
            "book_valuer_per_share": 51.88,
            "book_valuer_per_share_4q_avg": 51.04,
            "equity": 6176086,
            "current_ratio": 153.91,
            "debt_ratio": 50.63,
            "inventory_turnover_ratio": -4.04,
            "account_receivable_turnover_ratio": -2,
            "reinvestment_rate": 236.27,
            "research_to_sale_ratio": null,
            "price_fair": 79.99,
            "eps_avg_yearly": 3.38,
            "eps_latest_yearly": 2.52,
            "eps_growth_yearly": 13.7
        },
        "20121": {
            "year_quarter": 20121,
            "year": 2012,
            "quarter": 1,
            "eps": 0.65,
            "eps_growth_year": -31.58,
            "eps_4q": 2.95,
            "eps_4q_growth_year": -18.18,
            "roe": 1.71,
            "roe_4q": 6.91,
            "gross_profit": 363081,
            "gross_margin": 24.49,
            "gross_margin_4q_avg": 9.71,
            "net_income": 106527,
            "revenue": 1482816,
            "common_shares": 1029840,
            "book_valuer_per_share": 52.41,
            "book_valuer_per_share_4q_avg": 51.2,
            "equity": 6267175,
            "current_ratio": 152.27,
            "debt_ratio": 51.5,
            "inventory_turnover_ratio": 0.89,
            "account_receivable_turnover_ratio": 0.64,
            "reinvestment_rate": 242.34,
            "research_to_sale_ratio": null,
            "price_fair": 74.37,
            "eps_avg_yearly": 3.27,
            "eps_latest_yearly": 2.6,
            "eps_growth_yearly": 12.78
        },
        "20122": {
            "year_quarter": 20122,
            "year": 2012,
            "quarter": 2,
            "eps": 0.57,
            "eps_growth_year": -25.39,
            "eps_4q": 2.56,
            "eps_4q_growth_year": -30.16,
            "roe": 1.51,
            "roe_4q": 6.72,
            "gross_profit": 365299,
            "gross_margin": 22.09,
            "gross_margin_4q_avg": 12.94,
            "net_income": 95309,
            "revenue": 1653761,
            "common_shares": 1029840,
            "book_valuer_per_share": 53.24,
            "book_valuer_per_share_4q_avg": 52.02,
            "equity": 6341986,
            "current_ratio": 150.58,
            "debt_ratio": 51.95,
            "inventory_turnover_ratio": 1.08,
            "account_receivable_turnover_ratio": 0.7,
            "reinvestment_rate": 245.88,
            "research_to_sale_ratio": null,
            "price_fair": 116.11,
            "eps_avg_yearly": 3.32,
            "eps_latest_yearly": 2.28,
            "eps_growth_yearly": 26.44
        },
        "20123": {
            "year_quarter": 20123,
            "year": 2012,
            "quarter": 3,
            "eps": 0.88,
            "eps_growth_year": -3.6,
            "eps_4q": 2.61,
            "eps_4q_growth_year": -24.47,
            "roe": 1.81,
            "roe_4q": 6.49,
            "gross_profit": 319142,
            "gross_margin": 22.23,
            "gross_margin_4q_avg": 16.42,
            "net_income": 115819,
            "revenue": 1435652,
            "common_shares": 1132524,
            "book_valuer_per_share": 49.09,
            "book_valuer_per_share_4q_avg": 51.66,
            "equity": 6441703,
            "current_ratio": 150.38,
            "debt_ratio": 51.6,
            "inventory_turnover_ratio": 0.96,
            "account_receivable_turnover_ratio": 0.6,
            "reinvestment_rate": 244.53,
            "research_to_sale_ratio": null,
            "price_fair": 110.62,
            "eps_avg_yearly": 3.39,
            "eps_latest_yearly": 3.52,
            "eps_growth_yearly": 22.68
        },
        "20124": {
            "year_quarter": 20124,
            "year": 2012,
            "quarter": 4,
            "eps": 0.41,
            "eps_growth_year": -35.44,
            "eps_4q": 2.44,
            "eps_4q_growth_year": -24.93,
            "roe": 0.67,
            "roe_4q": 5.7,
            "gross_profit": 311372,
            "gross_margin": 21.82,
            "gross_margin_4q_avg": 22.66,
            "net_income": 43345,
            "revenue": 1426759,
            "common_shares": 1132524,
            "book_valuer_per_share": 49.63,
            "book_valuer_per_share_4q_avg": 51.09,
            "equity": 6485015,
            "current_ratio": 144.76,
            "debt_ratio": 50.45,
            "inventory_turnover_ratio": 0.95,
            "account_receivable_turnover_ratio": 0.61,
            "reinvestment_rate": 250.01,
            "research_to_sale_ratio": null,
            "price_fair": 9.82,
            "eps_avg_yearly": 3.27,
            "eps_latest_yearly": 1.64,
            "eps_growth_yearly": -0.92
        },
        "20131": {
            "year_quarter": 20131,
            "year": 2013,
            "quarter": 1,
            "eps": 0.48,
            "eps_growth_year": -26.15,
            "eps_4q": 2.33,
            "eps_4q_growth_year": -21.13,
            "roe": 0.97,
            "roe_4q": 4.96,
            "gross_profit": 291017,
            "gross_margin": 22.25,
            "gross_margin_4q_avg": 22.1,
            "net_income": 64503,
            "revenue": 1308211,
            "common_shares": 1132524,
            "book_valuer_per_share": 52.58,
            "book_valuer_per_share_4q_avg": 51.14,
            "equity": 6848155,
            "current_ratio": 144.32,
            "debt_ratio": 50.01,
            "inventory_turnover_ratio": 0.84,
            "account_receivable_turnover_ratio": 0.59,
            "reinvestment_rate": 260.52,
            "research_to_sale_ratio": null,
            "price_fair": 45.3,
            "eps_avg_yearly": 3.19,
            "eps_latest_yearly": 1.92,
            "eps_growth_yearly": 4.22
        },
        "20132": {
            "year_quarter": 20132,
            "year": 2013,
            "quarter": 2,
            "eps": 1.07,
            "eps_growth_year": 88.89,
            "eps_4q": 2.83,
            "eps_4q_growth_year": 10.75,
            "roe": 1.97,
            "roe_4q": 5.42,
            "gross_profit": 283142,
            "gross_margin": 19.67,
            "gross_margin_4q_avg": 21.49,
            "net_income": 133177,
            "revenue": 1439761,
            "common_shares": 1132524,
            "book_valuer_per_share": 51.66,
            "book_valuer_per_share_4q_avg": 50.74,
            "equity": 6676264,
            "current_ratio": 129.07,
            "debt_ratio": 52.42,
            "inventory_turnover_ratio": 0.91,
            "account_receivable_turnover_ratio": 0.64,
            "reinvestment_rate": 299.88,
            "research_to_sale_ratio": null,
            "price_fair": 111.74,
            "eps_avg_yearly": 3.19,
            "eps_latest_yearly": 4.28,
            "eps_growth_yearly": 28.63
        },
        "20133": {
            "year_quarter": 20133,
            "year": 2013,
            "quarter": 3,
            "eps": 0.76,
            "eps_growth_year": -13.62,
            "eps_4q": 2.72,
            "eps_4q_growth_year": 4.15,
            "roe": 1.44,
            "roe_4q": 5.05,
            "gross_profit": 280593,
            "gross_margin": 19.41,
            "gross_margin_4q_avg": 20.79,
            "net_income": 96456,
            "revenue": 1445473,
            "common_shares": 1132524,
            "book_valuer_per_share": 52.12,
            "book_valuer_per_share_4q_avg": 51.5,
            "equity": 6764060,
            "current_ratio": 127.6,
            "debt_ratio": 51.14,
            "inventory_turnover_ratio": 0.89,
            "account_receivable_turnover_ratio": 0.66,
            "reinvestment_rate": 288.56,
            "research_to_sale_ratio": null,
            "price_fair": 110.56,
            "eps_avg_yearly": 3.16,
            "eps_latest_yearly": 3.04,
            "eps_growth_yearly": 24.99
        },
        "20134": {
            "year_quarter": 20134,
            "year": 2013,
            "quarter": 4,
            "eps": 0.35,
            "eps_growth_year": -14.78,
            "eps_4q": 2.66,
            "eps_4q_growth_year": 8.76,
            "roe": 0.45,
            "roe_4q": 4.83,
            "gross_profit": 300898,
            "gross_margin": 19.44,
            "gross_margin_4q_avg": 20.19,
            "net_income": 32269,
            "revenue": 1547516,
            "common_shares": 1132524,
            "book_valuer_per_share": 54.21,
            "book_valuer_per_share_4q_avg": 52.64,
            "equity": 7481888,
            "current_ratio": 140.63,
            "debt_ratio": 47.28,
            "inventory_turnover_ratio": 0.95,
            "account_receivable_turnover_ratio": 0.75,
            "reinvestment_rate": 171.18,
            "research_to_sale_ratio": null,
            "price_fair": 65.04,
            "eps_avg_yearly": 3.03,
            "eps_latest_yearly": 1.4,
            "eps_growth_yearly": 11.5
        },
        "20141": {
            "year_quarter": 20141,
            "year": 2014,
            "quarter": 1,
            "eps": 0.7,
            "eps_growth_year": 45.83,
            "eps_4q": 2.88,
            "eps_4q_growth_year": 23.95,
            "roe": 1.3,
            "roe_4q": 5.16,
            "gross_profit": 268112,
            "gross_margin": 19.43,
            "gross_margin_4q_avg": 19.49,
            "net_income": 97480,
            "revenue": 1380191,
            "common_shares": 1132524,
            "book_valuer_per_share": 54.91,
            "book_valuer_per_share_4q_avg": 53.23,
            "equity": 7564851,
            "current_ratio": 144.44,
            "debt_ratio": 46.39,
            "inventory_turnover_ratio": 0.9,
            "account_receivable_turnover_ratio": 0.67,
            "reinvestment_rate": 156.17,
            "research_to_sale_ratio": null,
            "price_fair": 104.39,
            "eps_avg_yearly": 2.98,
            "eps_latest_yearly": 2.8,
            "eps_growth_yearly": 37.06
        },
        "20142": {
            "year_quarter": 20142,
            "year": 2014,
            "quarter": 2,
            "eps": 0.66,
            "eps_growth_year": -38.32,
            "eps_4q": 2.47,
            "eps_4q_growth_year": -12.72,
            "roe": 1.33,
            "roe_4q": 4.52,
            "gross_profit": 314540,
            "gross_margin": 21.35,
            "gross_margin_4q_avg": 19.91,
            "net_income": 100550,
            "revenue": 1473202,
            "common_shares": 1132524,
            "book_valuer_per_share": 55.23,
            "book_valuer_per_share_4q_avg": 54.12,
            "equity": 7591311,
            "current_ratio": 134.09,
            "debt_ratio": 47.76,
            "inventory_turnover_ratio": 1.01,
            "account_receivable_turnover_ratio": 0.71,
            "reinvestment_rate": 161.69,
            "research_to_sale_ratio": null,
            "price_fair": 103.51,
            "eps_avg_yearly": 2.96,
            "eps_latest_yearly": 2.64,
            "eps_growth_yearly": 38.8
        },
        "20143": {
            "year_quarter": 20143,
            "year": 2014,
            "quarter": 3,
            "eps": 0.7,
            "eps_growth_year": -7.89,
            "eps_4q": 2.41,
            "eps_4q_growth_year": -11.31,
            "roe": 1.27,
            "roe_4q": 4.3500000000000005,
            "gross_profit": 288650,
            "gross_margin": 19.72,
            "gross_margin_4q_avg": 19.99,
            "net_income": 96703,
            "revenue": 1463520,
            "common_shares": 1129524,
            "book_valuer_per_share": 55.48,
            "book_valuer_per_share_4q_avg": 54.96,
            "equity": 7657387,
            "current_ratio": 140.99,
            "debt_ratio": 44.61,
            "inventory_turnover_ratio": 1,
            "account_receivable_turnover_ratio": 0.71,
            "reinvestment_rate": 147.09,
            "research_to_sale_ratio": null,
            "price_fair": 98.96,
            "eps_avg_yearly": 2.83,
            "eps_latest_yearly": 2.8,
            "eps_growth_yearly": 25.18
        },
        "20144": {
            "year_quarter": 20144,
            "year": 2014,
            "quarter": 4,
            "eps": 0.47,
            "eps_growth_year": 34.97,
            "eps_4q": 2.53,
            "eps_4q_growth_year": -4.75,
            "roe": 0.95,
            "roe_4q": 4.85,
            "gross_profit": 307865,
            "gross_margin": 20.67,
            "gross_margin_4q_avg": 20.29,
            "net_income": 73312,
            "revenue": 1489764,
            "common_shares": 1129524,
            "book_valuer_per_share": 54.69,
            "book_valuer_per_share_4q_avg": 55.08,
            "equity": 7853987,
            "current_ratio": 149.27,
            "debt_ratio": 47.23,
            "inventory_turnover_ratio": 0.95,
            "account_receivable_turnover_ratio": 0.75,
            "reinvestment_rate": 85.03,
            "research_to_sale_ratio": null,
            "price_fair": 95.7,
            "eps_avg_yearly": 2.74,
            "eps_latest_yearly": 1.88,
            "eps_growth_yearly": 24.96
        },
        "20151": {
            "year_quarter": 20151,
            "year": 2015,
            "quarter": 1,
            "eps": 0.76,
            "eps_growth_year": 8.57,
            "eps_4q": 2.59,
            "eps_4q_growth_year": -10.29,
            "roe": 1.29,
            "roe_4q": 4.84,
            "gross_profit": 280605,
            "gross_margin": 19.07,
            "gross_margin_4q_avg": 20.2,
            "net_income": 101875,
            "revenue": 1471752,
            "common_shares": 1129524,
            "book_valuer_per_share": 53.82,
            "book_valuer_per_share_4q_avg": 54.81,
            "equity": 7907736,
            "current_ratio": 163.88,
            "debt_ratio": 45.74,
            "inventory_turnover_ratio": 1.01,
            "account_receivable_turnover_ratio": 0.75,
            "reinvestment_rate": 67.58,
            "research_to_sale_ratio": null,
            "price_fair": 94.15,
            "eps_avg_yearly": 2.69,
            "eps_latest_yearly": 3.04,
            "eps_growth_yearly": 36.77
        },
        "20152": {
            "year_quarter": 20152,
            "year": 2015,
            "quarter": 2,
            "eps": 0.89,
            "eps_growth_year": 34.85,
            "eps_4q": 2.82,
            "eps_4q_growth_year": 14.13,
            "roe": 1.68,
            "roe_4q": 5.1899999999999995,
            "gross_profit": 326942,
            "gross_margin": 20.82,
            "gross_margin_4q_avg": 20.07,
            "net_income": 129710,
            "revenue": 1570126,
            "common_shares": 1129524,
            "book_valuer_per_share": 51.21,
            "book_valuer_per_share_4q_avg": 53.8,
            "equity": 7513205,
            "current_ratio": 149.96,
            "debt_ratio": 50.76,
            "inventory_turnover_ratio": 1.13,
            "account_receivable_turnover_ratio": 0.81,
            "reinvestment_rate": -3.97,
            "research_to_sale_ratio": null,
            "price_fair": 95.29,
            "eps_avg_yearly": 2.72,
            "eps_latest_yearly": 3.56,
            "eps_growth_yearly": 46.04
        },
        "20153": {
            "year_quarter": 20153,
            "year": 2015,
            "quarter": 3,
            "eps": 0.77,
            "eps_growth_year": 10,
            "eps_4q": 2.73,
            "eps_4q_growth_year": 13.48,
            "roe": 1.45,
            "roe_4q": 5.37,
            "gross_profit": 303490,
            "gross_margin": 19.07,
            "gross_margin_4q_avg": 19.91,
            "net_income": 112293,
            "revenue": 1591185,
            "common_shares": 1204524,
            "book_valuer_per_share": 51.61,
            "book_valuer_per_share_4q_avg": 52.83,
            "equity": 7971810,
            "current_ratio": 167.18,
            "debt_ratio": 47.88,
            "inventory_turnover_ratio": 1.14,
            "account_receivable_turnover_ratio": 0.81,
            "reinvestment_rate": -6.33,
            "research_to_sale_ratio": null,
            "price_fair": 94.06,
            "eps_avg_yearly": 2.69,
            "eps_latest_yearly": 3.08,
            "eps_growth_yearly": 37.74
        },
        "20154": {
            "year_quarter": 20154,
            "year": 2015,
            "quarter": 4,
            "eps": 0.84,
            "eps_growth_year": 80.37,
            "eps_4q": 3.11,
            "eps_4q_growth_year": 23.05,
            "roe": 1.53,
            "roe_4q": 5.95,
            "gross_profit": 320842,
            "gross_margin": 20.44,
            "gross_margin_4q_avg": 19.85,
            "net_income": 123868,
            "revenue": 1569821,
            "common_shares": 1204524,
            "book_valuer_per_share": 53.24,
            "book_valuer_per_share_4q_avg": 52.47,
            "equity": 8178017,
            "current_ratio": 170.45,
            "debt_ratio": 47.63,
            "inventory_turnover_ratio": 1.08,
            "account_receivable_turnover_ratio": 0.81,
            "reinvestment_rate": 5.5,
            "research_to_sale_ratio": null,
            "price_fair": 95.9,
            "eps_avg_yearly": 2.74,
            "eps_latest_yearly": 3.36,
            "eps_growth_yearly": 47.7
        },
        "20161": {
            "year_quarter": 20161,
            "year": 2016,
            "quarter": 1,
            "eps": 1.06,
            "eps_growth_year": 39.47,
            "eps_4q": 3.37,
            "eps_4q_growth_year": 30.15,
            "roe": 1.83,
            "roe_4q": 6.49,
            "gross_profit": 287032,
            "gross_margin": 19.26,
            "gross_margin_4q_avg": 19.9,
            "net_income": 151730,
            "revenue": 1490072,
            "common_shares": 1217806,
            "book_valuer_per_share": 54.82,
            "book_valuer_per_share_4q_avg": 52.72,
            "equity": 8417440,
            "current_ratio": 173.24,
            "debt_ratio": 48.21,
            "inventory_turnover_ratio": 1.07,
            "account_receivable_turnover_ratio": 0.81,
            "reinvestment_rate": 3.03,
            "research_to_sale_ratio": null,
            "price_fair": 99.49,
            "eps_avg_yearly": 2.84,
            "eps_latest_yearly": 4.24,
            "eps_growth_yearly": 53.46
        },
        "20162": {
            "year_quarter": 20162,
            "year": 2016,
            "quarter": 2,
            "eps": 0.67,
            "eps_growth_year": -24.72,
            "eps_4q": 3.2,
            "eps_4q_growth_year": 13.54,
            "roe": 1.36,
            "roe_4q": 6.170000000000001,
            "gross_profit": 313646,
            "gross_margin": 20.06,
            "gross_margin_4q_avg": 19.71,
            "net_income": 112835,
            "revenue": 1563434,
            "common_shares": 1255694,
            "book_valuer_per_share": 51.47,
            "book_valuer_per_share_4q_avg": 52.79,
            "equity": 8131474,
            "current_ratio": 166.31,
            "debt_ratio": 50.23,
            "inventory_turnover_ratio": 1.12,
            "account_receivable_turnover_ratio": 0.85,
            "reinvestment_rate": -22.07,
            "research_to_sale_ratio": null,
            "price_fair": 100.36,
            "eps_avg_yearly": 2.87,
            "eps_latest_yearly": 2.68,
            "eps_growth_yearly": 47.34
        },
        "20163": {
            "year_quarter": 20163,
            "year": 2016,
            "quarter": 3,
            "eps": 0.74,
            "eps_growth_year": -3.9,
            "eps_4q": 3.23,
            "eps_4q_growth_year": 18.3,
            "roe": 1.38,
            "roe_4q": 6.1000000000000005,
            "gross_profit": 296657,
            "gross_margin": 19.17,
            "gross_margin_4q_avg": 19.73,
            "net_income": 112031,
            "revenue": 1547520,
            "common_shares": 1272055,
            "book_valuer_per_share": 50.95,
            "book_valuer_per_share_4q_avg": 52.62,
            "equity": 8156595,
            "current_ratio": 167.72,
            "debt_ratio": 49.64,
            "inventory_turnover_ratio": 1.11,
            "account_receivable_turnover_ratio": 0.81,
            "reinvestment_rate": -32.27,
            "research_to_sale_ratio": null,
            "price_fair": 99.14,
            "eps_avg_yearly": 2.83,
            "eps_latest_yearly": 2.96,
            "eps_growth_yearly": 36.35
        },
        "20164": {
            "year_quarter": 20164,
            "year": 2016,
            "quarter": 4,
            "eps": 0.62,
            "eps_growth_year": -25.92,
            "eps_4q": 3.05,
            "eps_4q_growth_year": -1.92,
            "roe": 1.22,
            "roe_4q": 5.79,
            "gross_profit": 299385,
            "gross_margin": 18.66,
            "gross_margin_4q_avg": 19.29,
            "net_income": 100706,
            "revenue": 1604732,
            "common_shares": 1275815,
            "book_valuer_per_share": 51.05,
            "book_valuer_per_share_4q_avg": 52.07,
            "equity": 8308560,
            "current_ratio": 161.93,
            "debt_ratio": 50.62,
            "inventory_turnover_ratio": 1.2,
            "account_receivable_turnover_ratio": 0.78,
            "reinvestment_rate": -32.62,
            "research_to_sale_ratio": null,
            "price_fair": 100.98,
            "eps_avg_yearly": 2.89,
            "eps_latest_yearly": 2.48,
            "eps_growth_yearly": 45.65
        },
        "20171": {
            "year_quarter": 20171,
            "year": 2017,
            "quarter": 1,
            "eps": 1,
            "eps_growth_year": -5.66,
            "eps_4q": 3.03,
            "eps_4q_growth_year": -9.92,
            "roe": 1.76,
            "roe_4q": 5.72,
            "gross_profit": 314628,
            "gross_margin": 21.16,
            "gross_margin_4q_avg": 19.76,
            "net_income": 144812,
            "revenue": 1487160,
            "common_shares": 1276268,
            "book_valuer_per_share": 50.67,
            "book_valuer_per_share_4q_avg": 51.04,
            "equity": 8103451,
            "current_ratio": 164.3,
            "debt_ratio": 46.59,
            "inventory_turnover_ratio": 1.14,
            "account_receivable_turnover_ratio": 0.75,
            "reinvestment_rate": -37.01,
            "research_to_sale_ratio": null,
            "price_fair": 105.53,
            "eps_avg_yearly": 3.02,
            "eps_latest_yearly": 4,
            "eps_growth_yearly": 56.71
        },
        "20172": {
            "year_quarter": 20172,
            "year": 2017,
            "quarter": 2,
            "eps": 0.77,
            "eps_growth_year": 14.93,
            "eps_4q": 3.14,
            "eps_4q_growth_year": -2.1,
            "roe": 1.48,
            "roe_4q": 5.84,
            "gross_profit": 288547,
            "gross_margin": 19.02,
            "gross_margin_4q_avg": 19.5,
            "net_income": 118004,
            "revenue": 1516933,
            "common_shares": 1277655,
            "book_valuer_per_share": 49.07,
            "book_valuer_per_share_4q_avg": 50.44,
            "equity": 7846263,
            "current_ratio": 159.42,
            "debt_ratio": 48.5,
            "inventory_turnover_ratio": 1.18,
            "account_receivable_turnover_ratio": 0.84,
            "reinvestment_rate": -85.21,
            "research_to_sale_ratio": null,
            "price_fair": 88.87,
            "eps_avg_yearly": 2.94,
            "eps_latest_yearly": 3.08,
            "eps_growth_yearly": 20.23
        },
        "20173": {
            "year_quarter": 20173,
            "year": 2017,
            "quarter": 3,
            "eps": 0.71,
            "eps_growth_year": -4.05,
            "eps_4q": 3.11,
            "eps_4q_growth_year": -3.84,
            "roe": 1.33,
            "roe_4q": 5.79,
            "gross_profit": 311079,
            "gross_margin": 20.5,
            "gross_margin_4q_avg": 19.84,
            "net_income": 104791,
            "revenue": 1517104,
            "common_shares": 1277655,
            "book_valuer_per_share": 49.61,
            "book_valuer_per_share_4q_avg": 50.1,
            "equity": 7924186,
            "current_ratio": 165.91,
            "debt_ratio": 45.87,
            "inventory_turnover_ratio": 1.1,
            "account_receivable_turnover_ratio": 0.86,
            "reinvestment_rate": -73.43,
            "research_to_sale_ratio": null,
            "price_fair": 102.46,
            "eps_avg_yearly": 2.93,
            "eps_latest_yearly": 2.84,
            "eps_growth_yearly": 25.52
        },
        "20174": {
            "year_quarter": 20174,
            "year": 2017,
            "quarter": 4,
            "eps": 0.64,
            "eps_growth_year": 2.12,
            "eps_4q": 3.12,
            "eps_4q_growth_year": 2.27,
            "roe": 1.3,
            "roe_4q": 5.869999999999999,
            "gross_profit": 292044,
            "gross_margin": 18.55,
            "gross_margin_4q_avg": 19.81,
            "net_income": 103401,
            "revenue": 1574140,
            "common_shares": 1278274,
            "book_valuer_per_share": 50.2,
            "book_valuer_per_share_4q_avg": 49.89,
            "equity": 8024803,
            "current_ratio": 164.39,
            "debt_ratio": 46.33,
            "inventory_turnover_ratio": 1.14,
            "account_receivable_turnover_ratio": 0.8,
            "reinvestment_rate": -62.13,
            "research_to_sale_ratio": null,
            "price_fair": 105,
            "eps_avg_yearly": 3,
            "eps_latest_yearly": 2.56,
            "eps_growth_yearly": 36.54
        },
        "20181": {
            "year_quarter": 20181,
            "year": 2018,
            "quarter": 1,
            "eps": 0.82,
            "eps_growth_year": -18,
            "eps_4q": 2.94,
            "eps_4q_growth_year": -3.2,
            "roe": 1.59,
            "roe_4q": 5.700000000000001,
            "gross_profit": 305904,
            "gross_margin": 19.7,
            "gross_margin_4q_avg": 19.44,
            "net_income": 131453,
            "revenue": 1552604,
            "common_shares": 1279906,
            "book_valuer_per_share": 52.79,
            "book_valuer_per_share_4q_avg": 50.42,
            "equity": 8518589,
            "current_ratio": 171.42,
            "debt_ratio": 43.34,
            "inventory_turnover_ratio": 1.09,
            "account_receivable_turnover_ratio": 0.78,
            "reinvestment_rate": -101.71,
            "research_to_sale_ratio": null,
            "price_fair": 86.58,
            "eps_avg_yearly": 3.03,
            "eps_latest_yearly": 3.28,
            "eps_growth_yearly": 18.57
        },
        "20182": {
            "year_quarter": 20182,
            "year": 2018,
            "quarter": 2,
            "eps": 0.98,
            "eps_growth_year": 27.27,
            "eps_4q": 3.14,
            "eps_4q_growth_year": 0.21,
            "roe": 1.83,
            "roe_4q": 6.05,
            "gross_profit": 309334,
            "gross_margin": 19.76,
            "gross_margin_4q_avg": 19.63,
            "net_income": 152963,
            "revenue": 1565601,
            "common_shares": 1281341,
            "book_valuer_per_share": 52.05,
            "book_valuer_per_share_4q_avg": 51.16,
            "equity": 8162398,
            "current_ratio": 168.63,
            "debt_ratio": 44.76,
            "inventory_turnover_ratio": 1.1,
            "account_receivable_turnover_ratio": 0.83,
            "reinvestment_rate": -115.12,
            "research_to_sale_ratio": null,
            "price_fair": 108.48,
            "eps_avg_yearly": 3.11,
            "eps_latest_yearly": 3.92,
            "eps_growth_yearly": 24.88
        },
        "20183": {
            "year_quarter": 20183,
            "year": 2018,
            "quarter": 3,
            "eps": 0.86,
            "eps_growth_year": 21.13,
            "eps_4q": 3.29,
            "eps_4q_growth_year": 5.91,
            "roe": 1.68,
            "roe_4q": 6.3999999999999995,
            "gross_profit": 290136,
            "gross_margin": 18.21,
            "gross_margin_4q_avg": 19.06,
            "net_income": 137642,
            "revenue": 1593131,
            "common_shares": 1281490,
            "book_valuer_per_share": 52.39,
            "book_valuer_per_share_4q_avg": 51.86,
            "equity": 8232500,
            "current_ratio": 190.63,
            "debt_ratio": 40.7,
            "inventory_turnover_ratio": 1.21,
            "account_receivable_turnover_ratio": 0.79,
            "reinvestment_rate": -105.26,
            "research_to_sale_ratio": null,
            "price_fair": 95.46,
            "eps_avg_yearly": 3.15,
            "eps_latest_yearly": 3.44,
            "eps_growth_yearly": 20.3
        },
        "20184": {
            "year_quarter": 20184,
            "year": 2018,
            "quarter": 4,
            "eps": 0.87,
            "eps_growth_year": 35.99,
            "eps_4q": 3.52,
            "eps_4q_growth_year": 12.88,
            "roe": 1.52,
            "roe_4q": 6.62,
            "gross_profit": 293732,
            "gross_margin": 17.98,
            "gross_margin_4q_avg": 18.91,
            "net_income": 126365,
            "revenue": 1633695,
            "common_shares": 1281490,
            "book_valuer_per_share": 53.12,
            "book_valuer_per_share_4q_avg": 52.59,
            "equity": 8342403,
            "current_ratio": 194.66,
            "debt_ratio": 40.33,
            "inventory_turnover_ratio": 1.31,
            "account_receivable_turnover_ratio": 0.81,
            "reinvestment_rate": -67.91,
            "research_to_sale_ratio": null,
            "price_fair": 113.75,
            "eps_avg_yearly": 3.25,
            "eps_latest_yearly": 3.48,
            "eps_growth_yearly": 28.81
        },
        "20191": {
            "year_quarter": 20191,
            "year": 2019,
            "quarter": 1,
            "eps": 1.01,
            "eps_growth_year": 23.17,
            "eps_4q": 3.72,
            "eps_4q_growth_year": 26.68,
            "roe": 1.85,
            "roe_4q": 6.88,
            "gross_profit": 318265,
            "gross_margin": 19.92,
            "gross_margin_4q_avg": 18.97,
            "net_income": 157003,
            "revenue": 1597829,
            "common_shares": 1281490,
            "book_valuer_per_share": 54.77,
            "book_valuer_per_share_4q_avg": 53.08,
            "equity": 8608069,
            "current_ratio": 196.38,
            "debt_ratio": 40.66,
            "inventory_turnover_ratio": 1.32,
            "account_receivable_turnover_ratio": 0.81,
            "reinvestment_rate": -50.09,
            "research_to_sale_ratio": null,
            "price_fair": 90.79,
            "eps_avg_yearly": 3.31,
            "eps_latest_yearly": 4.04,
            "eps_growth_yearly": 17.41
        },
        "20192": {
            "year_quarter": 20192,
            "year": 2019,
            "quarter": 2,
            "eps": 0.98,
            "eps_growth_year": 0,
            "eps_4q": 3.72,
            "eps_4q_growth_year": 18.48,
            "roe": 1.86,
            "roe_4q": 6.91,
            "gross_profit": 319845,
            "gross_margin": 20.68,
            "gross_margin_4q_avg": 19.2,
            "net_income": 157619,
            "revenue": 1546670,
            "common_shares": 1281490,
            "book_valuer_per_share": 52.83,
            "book_valuer_per_share_4q_avg": 53.28,
            "equity": 8301038,
            "current_ratio": 184.98,
            "debt_ratio": 43.21,
            "inventory_turnover_ratio": 1.33,
            "account_receivable_turnover_ratio": 0.8,
            "reinvestment_rate": -49.12,
            "research_to_sale_ratio": null,
            "price_fair": 74.66,
            "eps_avg_yearly": 3.34,
            "eps_latest_yearly": 3.92,
            "eps_growth_yearly": 12.39
        },
        "20193": {
            "year_quarter": 20193,
            "year": 2019,
            "quarter": 3,
            "eps": 1.12,
            "eps_growth_year": 30.23,
            "eps_4q": 3.98,
            "eps_4q_growth_year": 21.01,
            "roe": 1.97,
            "roe_4q": 7.199999999999999,
            "gross_profit": 289623,
            "gross_margin": 18,
            "gross_margin_4q_avg": 19.15,
            "net_income": 165644,
            "revenue": 1608893,
            "common_shares": 1281490,
            "book_valuer_per_share": 53.67,
            "book_valuer_per_share_4q_avg": 53.6,
            "equity": 8500041,
            "current_ratio": 175.12,
            "debt_ratio": 38.94,
            "inventory_turnover_ratio": 1.51,
            "account_receivable_turnover_ratio": 0.82,
            "reinvestment_rate": -37.07,
            "research_to_sale_ratio": null,
            "price_fair": 100.38,
            "eps_avg_yearly": 3.42,
            "eps_latest_yearly": 4.48,
            "eps_growth_yearly": 19.33
        },
        "20194": {
            "year_quarter": 20194,
            "year": 2019,
            "quarter": 4,
            "eps": 0.9,
            "eps_growth_year": 3.7,
            "eps_4q": 4.02,
            "eps_4q_growth_year": 13.99,
            "roe": 1.66,
            "roe_4q": 7.34,
            "gross_profit": 310664,
            "gross_margin": 18.23,
            "gross_margin_4q_avg": 19.21,
            "net_income": 142008,
            "revenue": 1703970,
            "common_shares": 1281490,
            "book_valuer_per_share": 54.21,
            "book_valuer_per_share_4q_avg": 53.87,
            "equity": 8631912,
            "current_ratio": 178.39,
            "debt_ratio": 37.29,
            "inventory_turnover_ratio": 1.65,
            "account_receivable_turnover_ratio": 0.9,
            "reinvestment_rate": -41.75,
            "research_to_sale_ratio": null,
            "price_fair": 76.13,
            "eps_avg_yearly": 3.44,
            "eps_latest_yearly": 3.6,
            "eps_growth_yearly": 12.15
        },
        "20201": {
            "year_quarter": 20201,
            "year": 2020,
            "quarter": 1,
            "eps": 0.99,
            "eps_growth_year": -1.98,
            "eps_4q": 3.7,
            "eps_4q_growth_year": -0.47,
            "roe": 1.93,
            "roe_4q": 7.42,
            "gross_profit": 352584,
            "gross_margin": 20.34,
            "gross_margin_4q_avg": 19.31,
            "net_income": 167284,
            "revenue": 1733507,
            "common_shares": 1411490,
            "book_valuer_per_share": 50.41,
            "book_valuer_per_share_4q_avg": 52.78,
            "equity": 8685467,
            "current_ratio": 174.13,
            "debt_ratio": 40.17,
            "inventory_turnover_ratio": 1.61,
            "account_receivable_turnover_ratio": 0.95,
            "reinvestment_rate": -38.38,
            "research_to_sale_ratio": null,
            "price_fair": 61.9,
            "eps_avg_yearly": 3.42,
            "eps_latest_yearly": 3.96,
            "eps_growth_yearly": 8.1
        },
        "20202": {
            "year_quarter": 20202,
            "year": 2020,
            "quarter": 2,
            "eps": 1.04,
            "eps_growth_year": 6.12,
            "eps_4q": 3.85,
            "eps_4q_growth_year": 3.34,
            "roe": 1.94,
            "roe_4q": 7.5,
            "gross_profit": 308687,
            "gross_margin": 19.46,
            "gross_margin_4q_avg": 19.01,
            "net_income": 174737,
            "revenue": 1585989,
            "common_shares": 1411490,
            "book_valuer_per_share": 52.36,
            "book_valuer_per_share_4q_avg": 52.66,
            "equity": 9305888,
            "current_ratio": 203.87,
            "debt_ratio": 32.83,
            "inventory_turnover_ratio": 1.48,
            "account_receivable_turnover_ratio": 0.88,
            "reinvestment_rate": -28.24,
            "research_to_sale_ratio": null,
            "price_fair": 100.32,
            "eps_avg_yearly": 3.51,
            "eps_latest_yearly": 4.16,
            "eps_growth_yearly": 18.56
        },
        "20203": {
            "year_quarter": 20203,
            "year": 2020,
            "quarter": 3,
            "eps": 1.04,
            "eps_growth_year": -7.14,
            "eps_4q": 3.86,
            "eps_4q_growth_year": -3.15,
            "roe": 1.75,
            "roe_4q": 7.28,
            "gross_profit": 306707,
            "gross_margin": 18.2,
            "gross_margin_4q_avg": 19.06,
            "net_income": 163746,
            "revenue": 1685670,
            "common_shares": 1411490,
            "book_valuer_per_share": 53.22,
            "book_valuer_per_share_4q_avg": 52.55,
            "equity": 9455117,
            "current_ratio": 211,
            "debt_ratio": 31.33,
            "inventory_turnover_ratio": 1.49,
            "account_receivable_turnover_ratio": 0.96,
            "reinvestment_rate": -22.49,
            "research_to_sale_ratio": null,
            "price_fair": 93.09,
            "eps_avg_yearly": 3.59,
            "eps_latest_yearly": 4.16,
            "eps_growth_yearly": 15.95
        },
        "20204": {
            "year_quarter": 20204,
            "year": 2020,
            "quarter": 4,
            "eps": 1.01,
            "eps_growth_year": 12.05,
            "eps_4q": 4.05,
            "eps_4q_growth_year": 0.83,
            "roe": 1.72,
            "roe_4q": 7.34,
            "gross_profit": 338596,
            "gross_margin": 20.27,
            "gross_margin_4q_avg": 19.57,
            "net_income": 163319,
            "revenue": 1670328,
            "common_shares": 1411490,
            "book_valuer_per_share": 53.78,
            "book_valuer_per_share_4q_avg": 52.44,
            "equity": 9579704,
            "current_ratio": 211.49,
            "debt_ratio": 31.6,
            "inventory_turnover_ratio": 1.44,
            "account_receivable_turnover_ratio": 0.98,
            "reinvestment_rate": -18.67,
            "research_to_sale_ratio": null,
            "price_fair": 107.9,
            "eps_avg_yearly": 3.69,
            "eps_latest_yearly": 4.04,
            "eps_growth_yearly": 19.28
        },
        "20211": {
            "year_quarter": 20211,
            "year": 2021,
            "quarter": 1,
            "eps": 0.93,
            "eps_growth_year": -6.06,
            "eps_4q": 4,
            "eps_4q_growth_year": 7.97,
            "roe": 1.73,
            "roe_4q": 7.140000000000001,
            "gross_profit": 344904,
            "gross_margin": 21.17,
            "gross_margin_4q_avg": 19.78,
            "net_income": 162099,
            "revenue": 1629331,
            "common_shares": 1411490,
            "book_valuer_per_share": 51.11,
            "book_valuer_per_share_4q_avg": 52.62,
            "equity": 9109718,
            "current_ratio": 182.63,
            "debt_ratio": 36.16,
            "inventory_turnover_ratio": 1.49,
            "account_receivable_turnover_ratio": 0.99,
            "reinvestment_rate": -12.39,
            "research_to_sale_ratio": null,
            "price_fair": 43.93,
            "eps_avg_yearly": 3.67,
            "eps_latest_yearly": 3.72,
            "eps_growth_yearly": 1.98
        },
        "20212": {
            "year_quarter": 20212,
            "year": 2021,
            "quarter": 2,
            "eps": 0.97,
            "eps_growth_year": -6.73,
            "eps_4q": 3.93,
            "eps_4q_growth_year": 2.16,
            "roe": 1.7,
            "roe_4q": 6.8999999999999995,
            "gross_profit": 334555,
            "gross_margin": 21.17,
            "gross_margin_4q_avg": 20.2,
            "net_income": 156833,
            "revenue": 1580433,
            "common_shares": 1411490,
            "book_valuer_per_share": 52.51,
            "book_valuer_per_share_4q_avg": 52.66,
            "equity": 9340780,
            "current_ratio": 183.77,
            "debt_ratio": 36.1,
            "inventory_turnover_ratio": 1.43,
            "account_receivable_turnover_ratio": 0.94,
            "reinvestment_rate": -6.37,
            "research_to_sale_ratio": null,
            "price_fair": 69.9,
            "eps_avg_yearly": 3.72,
            "eps_latest_yearly": 3.88,
            "eps_growth_yearly": 8.8
        },
        "20213": {
            "year_quarter": 20213,
            "year": 2021,
            "quarter": 3,
            "eps": 1.19,
            "eps_growth_year": 14.42,
            "eps_4q": 4.09,
            "eps_4q_growth_year": 5.93,
            "roe": 2.02,
            "roe_4q": 7.169999999999999,
            "gross_profit": 325434,
            "gross_margin": 20.65,
            "gross_margin_4q_avg": 20.82,
            "net_income": 190611,
            "revenue": 1575782,
            "common_shares": 1411490,
            "book_valuer_per_share": 53.33,
            "book_valuer_per_share_4q_avg": 52.68,
            "equity": 9488210,
            "current_ratio": 191.63,
            "debt_ratio": 34.7,
            "inventory_turnover_ratio": 1.36,
            "account_receivable_turnover_ratio": 0.91,
            "reinvestment_rate": -9.5,
            "research_to_sale_ratio": null,
            "price_fair": 101.39,
            "eps_avg_yearly": 3.84,
            "eps_latest_yearly": 4.76,
            "eps_growth_yearly": 16.42
        },
        "20214": {
            "year_quarter": 20214,
            "year": 2021,
            "quarter": 4,
            "eps": 1.22,
            "eps_growth_year": 21.19,
            "eps_4q": 4.3,
            "eps_4q_growth_year": 6.21,
            "roe": 2.21,
            "roe_4q": 7.66,
            "gross_profit": 369133,
            "gross_margin": 20.65,
            "gross_margin_4q_avg": 20.91,
            "net_income": 212746,
            "revenue": 1787606,
            "common_shares": 1411490,
            "book_valuer_per_share": 54.82,
            "book_valuer_per_share_4q_avg": 52.94,
            "equity": 9745712,
            "current_ratio": 187.84,
            "debt_ratio": 35.48,
            "inventory_turnover_ratio": 1.51,
            "account_receivable_turnover_ratio": 0.98,
            "reinvestment_rate": -6.21,
            "research_to_sale_ratio": null,
            "price_fair": 117.55,
            "eps_avg_yearly": 3.98,
            "eps_latest_yearly": 4.88,
            "eps_growth_yearly": 19.52
        },
        "20221": {
            "year_quarter": 20221,
            "year": 2022,
            "quarter": 1,
            "eps": 1.19,
            "eps_growth_year": 27.96,
            "eps_4q": 4.57,
            "eps_4q_growth_year": 14.18,
            "roe": 2.08,
            "roe_4q": 8.01,
            "gross_profit": 382324,
            "gross_margin": 22.38,
            "gross_margin_4q_avg": 21.21,
            "net_income": 200478,
            "revenue": 1708329,
            "common_shares": 1411490,
            "book_valuer_per_share": 53.58,
            "book_valuer_per_share_4q_avg": 53.56,
            "equity": 9521156,
            "current_ratio": 173.79,
            "debt_ratio": 38.24,
            "inventory_turnover_ratio": 1.39,
            "account_receivable_turnover_ratio": 0.94,
            "reinvestment_rate": 30.67,
            "research_to_sale_ratio": null,
            "price_fair": 89.12,
            "eps_avg_yearly": 4.08,
            "eps_latest_yearly": 4.76,
            "eps_growth_yearly": 11.87
        },
        "20222": {
            "year_quarter": 20222,
            "year": 2022,
            "quarter": 2,
            "eps": 0.99,
            "eps_growth_year": 2.06,
            "eps_4q": 4.37,
            "eps_4q_growth_year": 11.26,
            "roe": 1.75,
            "roe_4q": 8.06,
            "gross_profit": 358284,
            "gross_margin": 21.4,
            "gross_margin_4q_avg": 21.27,
            "net_income": 169429,
            "revenue": 1674292,
            "common_shares": 1411490,
            "book_valuer_per_share": 55.34,
            "book_valuer_per_share_4q_avg": 54.27,
            "equity": 9814495,
            "current_ratio": 163.31,
            "debt_ratio": 38.71,
            "inventory_turnover_ratio": 1.29,
            "account_receivable_turnover_ratio": 0.94,
            "reinvestment_rate": 63.27,
            "research_to_sale_ratio": null,
            "price_fair": 52.16,
            "eps_avg_yearly": 4.08,
            "eps_latest_yearly": 3.96,
            "eps_growth_yearly": 2.79
        },
        "20223": {
            "year_quarter": 20223,
            "year": 2022,
            "quarter": 3,
            "eps": 1.36,
            "eps_growth_year": 14.29,
            "eps_4q": 4.6,
            "eps_4q_growth_year": 12.55,
            "roe": 2.29,
            "roe_4q": 8.33,
            "gross_profit": 365181,
            "gross_margin": 19.83,
            "gross_margin_4q_avg": 21.07,
            "net_income": 229162,
            "revenue": 1841135,
            "common_shares": 1482064,
            "book_valuer_per_share": 54.98,
            "book_valuer_per_share_4q_avg": 54.68,
            "equity": 10190188,
            "current_ratio": 167.3,
            "debt_ratio": 37.21,
            "inventory_turnover_ratio": 1.43,
            "account_receivable_turnover_ratio": 0.97,
            "reinvestment_rate": 70,
            "research_to_sale_ratio": null,
            "price_fair": 105.89,
            "eps_avg_yearly": 4.2,
            "eps_latest_yearly": 5.44,
            "eps_growth_yearly": 15.2
        },
        "20224": {
            "year_quarter": 20224,
            "year": 2022,
            "quarter": 4,
            "eps": 1.06,
            "eps_growth_year": -12.78,
            "eps_4q": 4.5,
            "eps_4q_growth_year": 4.7,
            "roe": 1.82,
            "roe_4q": 7.94,
            "gross_profit": 408248,
            "gross_margin": 20.8,
            "gross_margin_4q_avg": 21.1,
            "net_income": 186232,
            "revenue": 1963072,
            "common_shares": 1482064,
            "book_valuer_per_share": 55.33,
            "book_valuer_per_share_4q_avg": 54.81,
            "equity": 10297309,
            "current_ratio": 165.65,
            "debt_ratio": 37.53,
            "inventory_turnover_ratio": 1.42,
            "account_receivable_turnover_ratio": 0.98,
            "reinvestment_rate": 73.1,
            "research_to_sale_ratio": null,
            "price_fair": 82.41,
            "eps_avg_yearly": 4.25,
            "eps_latest_yearly": 4.24,
            "eps_growth_yearly": 9.39
        },
        "20231": {
            "year_quarter": 20231,
            "year": 2023,
            "quarter": 1,
            "eps": 1.36,
            "eps_growth_year": 14.29,
            "eps_4q": 4.73,
            "eps_4q_growth_year": 3.65,
            "roe": 2.43,
            "roe_4q": 8.29,
            "gross_profit": 404798,
            "gross_margin": 20.18,
            "gross_margin_4q_avg": 20.55,
            "net_income": 246976,
            "revenue": 2006405,
            "common_shares": 1482064,
            "book_valuer_per_share": 53.47,
            "book_valuer_per_share_4q_avg": 54.78,
            "equity": 10006390,
            "current_ratio": 152.77,
            "debt_ratio": 40.18,
            "inventory_turnover_ratio": 1.4,
            "account_receivable_turnover_ratio": 0.99,
            "reinvestment_rate": 72.64,
            "research_to_sale_ratio": null,
            "price_fair": 97.35,
            "eps_avg_yearly": 4.34,
            "eps_latest_yearly": 5.44,
            "eps_growth_yearly": 12.44
        }
    },
    "months": {
        "2001-10": {
            "month": "2001-10",
            "price": "58.88",
            "revenue": 95139
        },
        "2001-11": {
            "month": "2001-11",
            "price": "71.25",
            "revenue": 97892
        },
        "2001-12": {
            "month": "2001-12",
            "price": "80.24",
            "revenue": 110974
        },
        "2002-01": {
            "month": "2002-01",
            "price": "82.45",
            "revenue": 95853
        },
        "2002-02": {
            "month": "2002-02",
            "price": "81.88",
            "revenue": 94641
        },
        "2002-03": {
            "month": "2002-03",
            "price": "81.10",
            "revenue": 100737
        },
        "2002-04": {
            "month": "2002-04",
            "price": "80.38",
            "revenue": 110063
        },
        "2002-05": {
            "month": "2002-05",
            "price": "80.00",
            "revenue": 100125
        },
        "2002-06": {
            "month": "2002-06",
            "price": "74.40",
            "revenue": 90661
        },
        "2002-07": {
            "month": "2002-07",
            "price": "58.48",
            "revenue": 93301
        },
        "2002-08": {
            "month": "2002-08",
            "price": "59.50",
            "revenue": 101091
        },
        "2002-09": {
            "month": "2002-09",
            "price": "61.42",
            "revenue": 122124
        },
        "2002-10": {
            "month": "2002-10",
            "price": "58.09",
            "revenue": 132080
        },
        "2002-11": {
            "month": "2002-11",
            "price": "61.98",
            "revenue": 140251
        },
        "2002-12": {
            "month": "2002-12",
            "price": "59.18",
            "revenue": 124384
        },
        "2003-01": {
            "month": "2003-01",
            "price": "57.47",
            "revenue": 130766
        },
        "2003-02": {
            "month": "2003-02",
            "price": "50.18",
            "revenue": 100253
        },
        "2003-03": {
            "month": "2003-03",
            "price": "45.59",
            "revenue": 120154
        },
        "2003-04": {
            "month": "2003-04",
            "price": "45.61",
            "revenue": 144938
        },
        "2003-05": {
            "month": "2003-05",
            "price": "44.55",
            "revenue": 140033
        },
        "2003-06": {
            "month": "2003-06",
            "price": "41.28",
            "revenue": 101368
        },
        "2003-07": {
            "month": "2003-07",
            "price": "40.70",
            "revenue": 105011
        },
        "2003-08": {
            "month": "2003-08",
            "price": "44.99",
            "revenue": 115191
        },
        "2003-09": {
            "month": "2003-09",
            "price": "43.15",
            "revenue": 130123
        },
        "2003-10": {
            "month": "2003-10",
            "price": "42.32",
            "revenue": 151271
        },
        "2003-11": {
            "month": "2003-11",
            "price": "42.64",
            "revenue": 140079
        },
        "2003-12": {
            "month": "2003-12",
            "price": "42.73",
            "revenue": 241876
        },
        "2004-01": {
            "month": "2004-01",
            "price": "42.29",
            "revenue": 155299
        },
        "2004-02": {
            "month": "2004-02",
            "price": "42.94",
            "revenue": 130055
        },
        "2004-03": {
            "month": "2004-03",
            "price": "40.38",
            "revenue": 161015
        },
        "2004-04": {
            "month": "2004-04",
            "price": "37.44",
            "revenue": 160845
        },
        "2004-05": {
            "month": "2004-05",
            "price": "31.75",
            "revenue": 197383
        },
        "2004-06": {
            "month": "2004-06",
            "price": "29.11",
            "revenue": 178450
        },
        "2004-07": {
            "month": "2004-07",
            "price": "28.18",
            "revenue": 200674
        },
        "2004-08": {
            "month": "2004-08",
            "price": "26.38",
            "revenue": 161422
        },
        "2004-09": {
            "month": "2004-09",
            "price": "24.08",
            "revenue": 164588
        },
        "2004-10": {
            "month": "2004-10",
            "price": "23.37",
            "revenue": 162949
        },
        "2004-11": {
            "month": "2004-11",
            "price": "23.59",
            "revenue": 170236
        },
        "2004-12": {
            "month": "2004-12",
            "price": "23.65",
            "revenue": 193172
        },
        "2005-01": {
            "month": "2005-01",
            "price": "23.61",
            "revenue": 199235
        },
        "2005-02": {
            "month": "2005-02",
            "price": "25.70",
            "revenue": 139840
        },
        "2005-03": {
            "month": "2005-03",
            "price": "27.12",
            "revenue": 185940
        },
        "2005-04": {
            "month": "2005-04",
            "price": "24.85",
            "revenue": 176059
        },
        "2005-05": {
            "month": "2005-05",
            "price": "23.94",
            "revenue": 159170
        },
        "2005-06": {
            "month": "2005-06",
            "price": "24.30",
            "revenue": 197908
        },
        "2005-07": {
            "month": "2005-07",
            "price": "23.91",
            "revenue": 168234
        },
        "2005-08": {
            "month": "2005-08",
            "price": "22.95",
            "revenue": 177622
        },
        "2005-09": {
            "month": "2005-09",
            "price": "22.10",
            "revenue": 163811
        },
        "2005-10": {
            "month": "2005-10",
            "price": "22.96",
            "revenue": 188456
        },
        "2005-11": {
            "month": "2005-11",
            "price": "24.34",
            "revenue": 195451
        },
        "2005-12": {
            "month": "2005-12",
            "price": "25.23",
            "revenue": 198795
        },
        "2006-01": {
            "month": "2006-01",
            "price": "28.89",
            "revenue": 215501
        },
        "2006-02": {
            "month": "2006-02",
            "price": "27.62",
            "revenue": 132191
        },
        "2006-03": {
            "month": "2006-03",
            "price": "26.02",
            "revenue": 181094
        },
        "2006-04": {
            "month": "2006-04",
            "price": "27.51",
            "revenue": 201258
        },
        "2006-05": {
            "month": "2006-05",
            "price": "29.63",
            "revenue": 174610
        },
        "2006-06": {
            "month": "2006-06",
            "price": "27.62",
            "revenue": 196894
        },
        "2006-07": {
            "month": "2006-07",
            "price": "27.38",
            "revenue": 163771
        },
        "2006-08": {
            "month": "2006-08",
            "price": "24.43",
            "revenue": 190447
        },
        "2006-09": {
            "month": "2006-09",
            "price": "26.56",
            "revenue": 170509
        },
        "2006-10": {
            "month": "2006-10",
            "price": "28.10",
            "revenue": 183540
        },
        "2006-11": {
            "month": "2006-11",
            "price": "29.07",
            "revenue": 182635
        },
        "2006-12": {
            "month": "2006-12",
            "price": "35.73",
            "revenue": 163810
        },
        "2007-01": {
            "month": "2007-01",
            "price": "45.68",
            "revenue": 188322
        },
        "2007-02": {
            "month": "2007-02",
            "price": "51.39",
            "revenue": 158120
        },
        "2007-03": {
            "month": "2007-03",
            "price": "56.74",
            "revenue": 171278
        },
        "2007-04": {
            "month": "2007-04",
            "price": "61.48",
            "revenue": 202590
        },
        "2007-05": {
            "month": "2007-05",
            "price": "73.49",
            "revenue": 205466
        },
        "2007-06": {
            "month": "2007-06",
            "price": "74.91",
            "revenue": 175502
        },
        "2007-07": {
            "month": "2007-07",
            "price": "79.53",
            "revenue": 182255
        },
        "2007-08": {
            "month": "2007-08",
            "price": "68.93",
            "revenue": 193171
        },
        "2007-09": {
            "month": "2007-09",
            "price": "72.99",
            "revenue": 192590
        },
        "2007-10": {
            "month": "2007-10",
            "price": "67.65",
            "revenue": 199112
        },
        "2007-11": {
            "month": "2007-11",
            "price": "60.53",
            "revenue": 219006
        },
        "2007-12": {
            "month": "2007-12",
            "price": "68.90",
            "revenue": 195378
        },
        "2008-01": {
            "month": "2008-01",
            "price": "59.00",
            "revenue": 195173
        },
        "2008-02": {
            "month": "2008-02",
            "price": "55.77",
            "revenue": 143352
        },
        "2008-03": {
            "month": "2008-03",
            "price": "63.42",
            "revenue": 211955
        },
        "2008-04": {
            "month": "2008-04",
            "price": "66.76",
            "revenue": 178759
        },
        "2008-05": {
            "month": "2008-05",
            "price": "65.94",
            "revenue": 211884
        },
        "2008-06": {
            "month": "2008-06",
            "price": "57.42",
            "revenue": 216612
        },
        "2008-07": {
            "month": "2008-07",
            "price": "46.02",
            "revenue": 234306
        },
        "2008-08": {
            "month": "2008-08",
            "price": "47.57",
            "revenue": 204417
        },
        "2008-09": {
            "month": "2008-09",
            "price": "36.39",
            "revenue": 227178
        },
        "2008-10": {
            "month": "2008-10",
            "price": "31.98",
            "revenue": 254323
        },
        "2008-11": {
            "month": "2008-11",
            "price": "34.82",
            "revenue": 244019
        },
        "2008-12": {
            "month": "2008-12",
            "price": "36.39",
            "revenue": 280024
        },
        "2009-01": {
            "month": "2009-01",
            "price": "35.70",
            "revenue": 216340
        },
        "2009-02": {
            "month": "2009-02",
            "price": "35.30",
            "revenue": 226175
        },
        "2009-03": {
            "month": "2009-03",
            "price": "39.10",
            "revenue": 248752
        },
        "2009-04": {
            "month": "2009-04",
            "price": "44.53",
            "revenue": 232580
        },
        "2009-05": {
            "month": "2009-05",
            "price": "45.25",
            "revenue": 227997
        },
        "2009-06": {
            "month": "2009-06",
            "price": "49.64",
            "revenue": 246465
        },
        "2009-07": {
            "month": "2009-07",
            "price": "68.38",
            "revenue": 238484
        },
        "2009-08": {
            "month": "2009-08",
            "price": "62.95",
            "revenue": 225840
        },
        "2009-09": {
            "month": "2009-09",
            "price": "68.80",
            "revenue": 242941
        },
        "2009-10": {
            "month": "2009-10",
            "price": "69.12",
            "revenue": 243635
        },
        "2009-11": {
            "month": "2009-11",
            "price": "65.05",
            "revenue": 230614
        },
        "2009-12": {
            "month": "2009-12",
            "price": "76.39",
            "revenue": 283059
        },
        "2010-01": {
            "month": "2010-01",
            "price": "71.39",
            "revenue": 232244
        },
        "2010-02": {
            "month": "2010-02",
            "price": "65.31",
            "revenue": 221551
        },
        "2010-03": {
            "month": "2010-03",
            "price": "73.64",
            "revenue": 264293
        },
        "2010-04": {
            "month": "2010-04",
            "price": "73.20",
            "revenue": 241076
        },
        "2010-05": {
            "month": "2010-05",
            "price": "68.24",
            "revenue": 229156
        },
        "2010-06": {
            "month": "2010-06",
            "price": "70.22",
            "revenue": 1252619
        },
        "2010-07": {
            "month": "2010-07",
            "price": "73.23",
            "revenue": 1323438
        },
        "2010-08": {
            "month": "2010-08",
            "price": "72.95",
            "revenue": 1390058
        },
        "2010-09": {
            "month": "2010-09",
            "price": "86.27",
            "revenue": 1313595
        },
        "2010-10": {
            "month": "2010-10",
            "price": "96.93",
            "revenue": 1304908
        },
        "2010-11": {
            "month": "2010-11",
            "price": "95.71",
            "revenue": 1392964
        },
        "2010-12": {
            "month": "2010-12",
            "price": "99.92",
            "revenue": 1365584
        },
        "2011-01": {
            "month": "2011-01",
            "price": "89.88",
            "revenue": 568083
        },
        "2011-02": {
            "month": "2011-02",
            "price": "87.49",
            "revenue": 436990
        },
        "2011-03": {
            "month": "2011-03",
            "price": "89.75",
            "revenue": 492247
        },
        "2011-04": {
            "month": "2011-04",
            "price": "91.34",
            "revenue": 499013
        },
        "2011-05": {
            "month": "2011-05",
            "price": "93.42",
            "revenue": 499306
        },
        "2011-06": {
            "month": "2011-06",
            "price": "88.72",
            "revenue": 469999
        },
        "2011-07": {
            "month": "2011-07",
            "price": "89.69",
            "revenue": 505976
        },
        "2011-08": {
            "month": "2011-08",
            "price": "72.87",
            "revenue": 508240
        },
        "2011-09": {
            "month": "2011-09",
            "price": "61.59",
            "revenue": 478345
        },
        "2011-10": {
            "month": "2011-10",
            "price": "56.98",
            "revenue": 505806
        },
        "2011-11": {
            "month": "2011-11",
            "price": "62.28",
            "revenue": 508719
        },
        "2011-12": {
            "month": "2011-12",
            "price": "60.10",
            "revenue": 565923
        },
        "2012-01": {
            "month": "2012-01",
            "price": "63.94",
            "revenue": 497364
        },
        "2012-02": {
            "month": "2012-02",
            "price": "71.14",
            "revenue": 479349
        },
        "2012-03": {
            "month": "2012-03",
            "price": "67.67",
            "revenue": 515908
        },
        "2012-04": {
            "month": "2012-04",
            "price": "59.56",
            "revenue": 592298
        },
        "2012-05": {
            "month": "2012-05",
            "price": "58.41",
            "revenue": 552295
        },
        "2012-06": {
            "month": "2012-06",
            "price": "57.29",
            "revenue": 500001
        },
        "2012-07": {
            "month": "2012-07",
            "price": "59.76",
            "revenue": 464173
        },
        "2012-08": {
            "month": "2012-08",
            "price": "62.47",
            "revenue": 516495
        },
        "2012-09": {
            "month": "2012-09",
            "price": "63.55",
            "revenue": 450415
        },
        "2012-10": {
            "month": "2012-10",
            "price": "58.50",
            "revenue": 486151
        },
        "2012-11": {
            "month": "2012-11",
            "price": "54.19",
            "revenue": 459601
        },
        "2012-12": {
            "month": "2012-12",
            "price": "57.08",
            "revenue": 462191
        },
        "2013-01": {
            "month": "2013-01",
            "price": "55.95",
            "revenue": 479375
        },
        "2013-02": {
            "month": "2013-02",
            "price": "56.47",
            "revenue": 401406
        },
        "2013-03": {
            "month": "2013-03",
            "price": "58.22",
            "revenue": 424381
        },
        "2013-04": {
            "month": "2013-04",
            "price": "55.56",
            "revenue": 502327
        },
        "2013-05": {
            "month": "2013-05",
            "price": "55.46",
            "revenue": 505210
        },
        "2013-06": {
            "month": "2013-06",
            "price": "53.29",
            "revenue": 439006
        },
        "2013-07": {
            "month": "2013-07",
            "price": "50.77",
            "revenue": 495434
        },
        "2013-08": {
            "month": "2013-08",
            "price": "52.39",
            "revenue": 456362
        },
        "2013-09": {
            "month": "2013-09",
            "price": "54.07",
            "revenue": 486424
        },
        "2013-10": {
            "month": "2013-10",
            "price": "62.16",
            "revenue": 514925
        },
        "2013-11": {
            "month": "2013-11",
            "price": "60.56",
            "revenue": 527953
        },
        "2013-12": {
            "month": "2013-12",
            "price": "59.47",
            "revenue": 518315
        },
        "2014-01": {
            "month": "2014-01",
            "price": "58.39",
            "revenue": 463509
        },
        "2014-02": {
            "month": "2014-02",
            "price": "58.15",
            "revenue": 435805
        },
        "2014-03": {
            "month": "2014-03",
            "price": "61.66",
            "revenue": 480744
        },
        "2014-04": {
            "month": "2014-04",
            "price": "59.00",
            "revenue": 488998
        },
        "2014-05": {
            "month": "2014-05",
            "price": "57.76",
            "revenue": 511080
        },
        "2014-06": {
            "month": "2014-06",
            "price": "59.96",
            "revenue": 473240
        },
        "2014-07": {
            "month": "2014-07",
            "price": "60.30",
            "revenue": 506968
        },
        "2014-08": {
            "month": "2014-08",
            "price": "57.01",
            "revenue": 477207
        },
        "2014-09": {
            "month": "2014-09",
            "price": "55.59",
            "revenue": 457597
        },
        "2014-10": {
            "month": "2014-10",
            "price": "52.33",
            "revenue": 491006
        },
        "2014-11": {
            "month": "2014-11",
            "price": "49.97",
            "revenue": 479161
        },
        "2014-12": {
            "month": "2014-12",
            "price": "50.76",
            "revenue": 565756
        },
        "2015-01": {
            "month": "2015-01",
            "price": "51.20",
            "revenue": 499560
        },
        "2015-02": {
            "month": "2015-02",
            "price": "50.54",
            "revenue": 452034
        },
        "2015-03": {
            "month": "2015-03",
            "price": "51.90",
            "revenue": 527818
        },
        "2015-04": {
            "month": "2015-04",
            "price": "51.93",
            "revenue": 516045
        },
        "2015-05": {
            "month": "2015-05",
            "price": "49.49",
            "revenue": 538380
        },
        "2015-06": {
            "month": "2015-06",
            "price": "47.82",
            "revenue": 518754
        },
        "2015-07": {
            "month": "2015-07",
            "price": "46.87",
            "revenue": 525662
        },
        "2015-08": {
            "month": "2015-08",
            "price": "40.55",
            "revenue": 529881
        },
        "2015-09": {
            "month": "2015-09",
            "price": "44.22",
            "revenue": 495119
        },
        "2015-10": {
            "month": "2015-10",
            "price": "47.64",
            "revenue": 529802
        },
        "2015-11": {
            "month": "2015-11",
            "price": "50.99",
            "revenue": 529208
        },
        "2015-12": {
            "month": "2015-12",
            "price": "50.62",
            "revenue": 505843
        },
        "2016-01": {
            "month": "2016-01",
            "price": "48.66",
            "revenue": 526029
        },
        "2016-02": {
            "month": "2016-02",
            "price": "51.15",
            "revenue": 439362
        },
        "2016-03": {
            "month": "2016-03",
            "price": "50.48",
            "revenue": 538963
        },
        "2016-04": {
            "month": "2016-04",
            "price": "49.89",
            "revenue": 507155
        },
        "2016-05": {
            "month": "2016-05",
            "price": "49.96",
            "revenue": 528630
        },
        "2016-06": {
            "month": "2016-06",
            "price": "51.36",
            "revenue": 514807
        },
        "2016-07": {
            "month": "2016-07",
            "price": "51.38",
            "revenue": 505405
        },
        "2016-08": {
            "month": "2016-08",
            "price": "48.30",
            "revenue": 550673
        },
        "2016-09": {
            "month": "2016-09",
            "price": "46.90",
            "revenue": 490916
        },
        "2016-10": {
            "month": "2016-10",
            "price": "45.62",
            "revenue": 490416
        },
        "2016-11": {
            "month": "2016-11",
            "price": "44.31",
            "revenue": 612723
        },
        "2016-12": {
            "month": "2016-12",
            "price": "44.68",
            "revenue": 505059
        },
        "2017-01": {
            "month": "2017-01",
            "price": "45.12",
            "revenue": 491685
        },
        "2017-02": {
            "month": "2017-02",
            "price": "46.21",
            "revenue": 467236
        },
        "2017-03": {
            "month": "2017-03",
            "price": "46.67",
            "revenue": 525148
        },
        "2017-04": {
            "month": "2017-04",
            "price": "45.29",
            "revenue": 486541
        },
        "2017-05": {
            "month": "2017-05",
            "price": "46.18",
            "revenue": 544735
        },
        "2017-06": {
            "month": "2017-06",
            "price": "48.19",
            "revenue": 511609
        },
        "2017-07": {
            "month": "2017-07",
            "price": "47.98",
            "revenue": 475413
        },
        "2017-08": {
            "month": "2017-08",
            "price": "44.92",
            "revenue": 525912
        },
        "2017-09": {
            "month": "2017-09",
            "price": "45.09",
            "revenue": 493720
        },
        "2017-10": {
            "month": "2017-10",
            "price": "44.76",
            "revenue": 499924
        },
        "2017-11": {
            "month": "2017-11",
            "price": "45.23",
            "revenue": 550708
        },
        "2017-12": {
            "month": "2017-12",
            "price": "45.12",
            "revenue": 522711
        },
        "2018-01": {
            "month": "2018-01",
            "price": "45.55",
            "revenue": 539496
        },
        "2018-02": {
            "month": "2018-02",
            "price": "44.79",
            "revenue": 510815
        },
        "2018-03": {
            "month": "2018-03",
            "price": "46.11",
            "revenue": 501451
        },
        "2018-04": {
            "month": "2018-04",
            "price": "48.57",
            "revenue": 484872
        },
        "2018-05": {
            "month": "2018-05",
            "price": "50.46",
            "revenue": 590347
        },
        "2018-06": {
            "month": "2018-06",
            "price": "50.70",
            "revenue": 491502
        },
        "2018-07": {
            "month": "2018-07",
            "price": "50.14",
            "revenue": 527024
        },
        "2018-08": {
            "month": "2018-08",
            "price": "48.28",
            "revenue": 569022
        },
        "2018-09": {
            "month": "2018-09",
            "price": "46.96",
            "revenue": 498625
        },
        "2018-10": {
            "month": "2018-10",
            "price": "45.47",
            "revenue": 517908
        },
        "2018-11": {
            "month": "2018-11",
            "price": "45.16",
            "revenue": 605486
        },
        "2018-12": {
            "month": "2018-12",
            "price": "45.90",
            "revenue": 507462
        },
        "2019-01": {
            "month": "2019-01",
            "price": "47.43",
            "revenue": 587302
        },
        "2019-02": {
            "month": "2019-02",
            "price": "48.43",
            "revenue": 470899
        },
        "2019-03": {
            "month": "2019-03",
            "price": "48.56",
            "revenue": 540312
        },
        "2019-04": {
            "month": "2019-04",
            "price": "49.38",
            "revenue": 486088
        },
        "2019-05": {
            "month": "2019-05",
            "price": "49.83",
            "revenue": 567847
        },
        "2019-06": {
            "month": "2019-06",
            "price": "50.98",
            "revenue": 492741
        },
        "2019-07": {
            "month": "2019-07",
            "price": "52.54",
            "revenue": 513390
        },
        "2019-08": {
            "month": "2019-08",
            "price": "51.28",
            "revenue": 599769
        },
        "2019-09": {
            "month": "2019-09",
            "price": "52.86",
            "revenue": 496241
        },
        "2019-10": {
            "month": "2019-10",
            "price": "52.84",
            "revenue": 549178
        },
        "2019-11": {
            "month": "2019-11",
            "price": "53.50",
            "revenue": 578705
        },
        "2019-12": {
            "month": "2019-12",
            "price": "53.65",
            "revenue": 579223
        },
        "2020-01": {
            "month": "2020-01",
            "price": "53.36",
            "revenue": 557524
        },
        "2020-02": {
            "month": "2020-02",
            "price": "52.87",
            "revenue": 610939
        },
        "2020-03": {
            "month": "2020-03",
            "price": "50.88",
            "revenue": 565116
        },
        "2020-04": {
            "month": "2020-04",
            "price": "52.36",
            "revenue": 543510
        },
        "2020-05": {
            "month": "2020-05",
            "price": "55.50",
            "revenue": 534850
        },
        "2020-06": {
            "month": "2020-06",
            "price": "58.31",
            "revenue": 507393
        },
        "2020-07": {
            "month": "2020-07",
            "price": "60.47",
            "revenue": 542778
        },
        "2020-08": {
            "month": "2020-08",
            "price": "57.07",
            "revenue": 569144
        },
        "2020-09": {
            "month": "2020-09",
            "price": "56.14",
            "revenue": 573907
        },
        "2020-10": {
            "month": "2020-10",
            "price": "56.51",
            "revenue": 577013
        },
        "2020-11": {
            "month": "2020-11",
            "price": "56.94",
            "revenue": 555782
        },
        "2020-12": {
            "month": "2020-12",
            "price": "56.54",
            "revenue": 542971
        },
        "2021-01": {
            "month": "2021-01",
            "price": "55.44",
            "revenue": 552882
        },
        "2021-02": {
            "month": "2021-02",
            "price": "55.19",
            "revenue": 532455
        },
        "2021-03": {
            "month": "2021-03",
            "price": "57.26",
            "revenue": 541865
        },
        "2021-04": {
            "month": "2021-04",
            "price": "58.75",
            "revenue": 533199
        },
        "2021-05": {
            "month": "2021-05",
            "price": "57.32",
            "revenue": 556218
        },
        "2021-06": {
            "month": "2021-06",
            "price": "57.73",
            "revenue": 493203
        },
        "2021-07": {
            "month": "2021-07",
            "price": "58.29",
            "revenue": 486139
        },
        "2021-08": {
            "month": "2021-08",
            "price": "55.26",
            "revenue": 539838
        },
        "2021-09": {
            "month": "2021-09",
            "price": "55.40",
            "revenue": 551463
        },
        "2021-10": {
            "month": "2021-10",
            "price": "55.26",
            "revenue": 580120
        },
        "2021-11": {
            "month": "2021-11",
            "price": "56.81",
            "revenue": 598857
        },
        "2021-12": {
            "month": "2021-12",
            "price": "57.12",
            "revenue": 607566
        },
        "2022-01": {
            "month": "2022-01",
            "price": "57.51",
            "revenue": 642618
        },
        "2022-02": {
            "month": "2022-02",
            "price": "58.62",
            "revenue": 501960
        },
        "2022-03": {
            "month": "2022-03",
            "price": "62.65",
            "revenue": 563666
        },
        "2022-04": {
            "month": "2022-04",
            "price": "68.18",
            "revenue": 583365
        },
        "2022-05": {
            "month": "2022-05",
            "price": "67.06",
            "revenue": 571111
        },
        "2022-06": {
            "month": "2022-06",
            "price": "67.42",
            "revenue": 519919
        },
        "2022-07": {
            "month": "2022-07",
            "price": "64.82",
            "revenue": 562980
        },
        "2022-08": {
            "month": "2022-08",
            "price": "65.87",
            "revenue": 634672
        },
        "2022-09": {
            "month": "2022-09",
            "price": "65.95",
            "revenue": 643396
        },
        "2022-10": {
            "month": "2022-10",
            "price": "62.58",
            "revenue": 633490
        },
        "2022-11": {
            "month": "2022-11",
            "price": "62.70",
            "revenue": 653985
        },
        "2022-12": {
            "month": "2022-12",
            "price": "66.37",
            "revenue": 675492
        },
        "2023-01": {
            "month": "2023-01",
            "price": "68.85",
            "revenue": 679779
        },
        "2023-02": {
            "month": "2023-02",
            "price": "74.90",
            "revenue": 604745
        },
        "2023-03": {
            "month": "2023-03",
            "price": "79.83",
            "revenue": 734944
        },
        "2023-04": {
            "month": "2023-04",
            "price": "84.49",
            "revenue": 678780
        },
        "2023-05": {
            "month": "2023-05",
            "price": "92.26",
            "revenue": 678374
        }
    }
}
