{
    "summary": {
        "stock_name": "東洋",
        "stock_id": "4105",
        "category": "生技醫療",
        "main_business": "各種西藥動物用藥農藥環境用藥化粧品等之製造及銷售<br>生物技術服務業<br>各種醫療器材玻璃器具橡膠製品等製造銷售及食品什貨批發零售",
        "website_url": "http://www.tty.com.tw",
        "ceo": "侯靜蘭",
        "pe_ratio": 18,
        "report_year_from": 2001,
        "report_year_to": 2023,
        "age": 22,
        "eps_negative_percentage": 0,
        "eps_growth_avg": {
            "last_all": 3.71,
            "last_2y": 7.95,
            "last_4y": -1.18,
            "last_8y": 8.44,
            "last_12y": 6.12,
            "last_16y": 4.39,
            "last_20y": 3.71,
            "at_2006_last_3y": -22.12,
            "at_2007_last_3y": -12.28,
            "at_2008_last_3y": -6.27,
            "at_2009_last_3y": -1.25,
            "at_2010_last_3y": 2.67,
            "at_2011_last_3y": 1.4,
            "at_2012_last_3y": -0.45,
            "at_2013_last_3y": 0.89,
            "at_2014_last_3y": 5.05,
            "at_2015_last_3y": 14.2,
            "at_2016_last_3y": 17.48,
            "at_2017_last_3y": 20.47,
            "at_2018_last_3y": 18.49,
            "at_2019_last_3y": -4.57,
            "at_2020_last_3y": -3.57,
            "at_2021_last_3y": -9.23,
            "at_2022_last_3y": -3.64,
            "at_2023_last_3y": -3.64,
            "at_2006_last_all": -2.46,
            "at_2007_last_all": 1.66,
            "at_2008_last_all": 0.43,
            "at_2009_last_all": -0.2,
            "at_2010_last_all": -0.18,
            "at_2011_last_all": 1.56,
            "at_2012_last_all": 0.11,
            "at_2013_last_all": 0.16,
            "at_2014_last_all": 1.43,
            "at_2015_last_all": 5.17,
            "at_2016_last_all": 4.74,
            "at_2017_last_all": 5.24,
            "at_2018_last_all": 5.44,
            "at_2019_last_all": 3.01,
            "at_2020_last_all": 2.99,
            "at_2021_last_all": 2.35,
            "at_2022_last_all": 3.71,
            "at_2023_last_all": 3.71
        },
        "latest_eps": 4.54,
        "latest_price": 83,
        "latest_roe": 19.72,
        "latest_gross_margin": 60.2,
        "latest_equity": 5947015,
        "latest_revenue": 1261563,
        "latest_gross_profit": 759473,
        "latest_net_income": 311795,
        "latest_debt_ratio": 38.28,
        "latest_current_ratio": 154.21,
        "latest_account_receivable_turnover_ratio": 1.15,
        "latest_inventory_turnover_ratio": 0.48,
        "latest_reinvestment_rate": 8.55,
        "latest_research_to_sale_ratio": 4.99
    },
    "eps_dividends": {
        "2001": {
            "cash": 0,
            "stock": 0,
            "eps": 3.86
        },
        "2002": {
            "cash": 0,
            "stock": 3,
            "eps": 6.8
        },
        "2003": {
            "cash": 0.5,
            "stock": 2.99,
            "eps": 5.64
        },
        "2004": {
            "cash": 1,
            "stock": 2,
            "eps": 3.89
        },
        "2005": {
            "cash": 3,
            "stock": 0.5,
            "eps": 2.93
        },
        "2006": {
            "cash": 2.5,
            "stock": 1,
            "eps": 2.47
        },
        "2007": {
            "cash": 1.83,
            "stock": 0.91,
            "eps": 3.02
        },
        "2008": {
            "cash": 1.6,
            "stock": 1.8,
            "eps": 2.81
        },
        "2009": {
            "cash": 1.6,
            "stock": 1.7,
            "eps": 2.68
        },
        "2010": {
            "cash": 2.1,
            "stock": 0.9,
            "eps": 2.68
        },
        "2011": {
            "cash": 0.26,
            "stock": 2.34,
            "eps": 3.14
        },
        "2012": {
            "cash": 0.3,
            "stock": 2.4,
            "eps": 2.69
        },
        "2013": {
            "cash": 1.4,
            "stock": 0.89,
            "eps": 2.71
        },
        "2014": {
            "cash": 2,
            "stock": 0.67,
            "eps": 3.16
        },
        "2015": {
            "cash": 2.5,
            "stock": 0,
            "eps": 4.86
        },
        "2016": {
            "cash": 3.5,
            "stock": 0,
            "eps": 4.8
        },
        "2017": {
            "cash": 3.8,
            "stock": 0,
            "eps": 5.41
        },
        "2018": {
            "cash": 4.5,
            "stock": 0,
            "eps": 5.88
        },
        "2019": {
            "cash": 4.5,
            "stock": 0,
            "eps": 3.62
        },
        "2020": {
            "cash": 4,
            "stock": 0,
            "eps": 3.72
        },
        "2021": {
            "cash": 4,
            "stock": 0,
            "eps": 3.35
        },
        "2022": {
            "cash": 3,
            "stock": 0,
            "eps": 4.39
        },
        "2023": {
            "cash": 3.4,
            "stock": 0,
            "eps": 2.2
        }
    },
    "dividends": {
        "2002-05-13": {
            "cash": 0,
            "stock": 3
        },
        "2003-05-19": {
            "cash": 0.5,
            "stock": 2.99
        },
        "2004-04-13": {
            "cash": 1,
            "stock": 2
        },
        "2005-04-13": {
            "cash": 3,
            "stock": 0.5
        },
        "2006-04-17": {
            "cash": 2.5,
            "stock": 1
        },
        "2007-03-28": {
            "cash": 1.83,
            "stock": 0.91
        },
        "2008-04-29": {
            "cash": 1.6,
            "stock": 1.8
        },
        "2009-04-15": {
            "cash": 1.6,
            "stock": 1.7
        },
        "2010-04-02": {
            "cash": 2.1,
            "stock": 0.9
        },
        "2011-04-15": {
            "cash": 0.26,
            "stock": 2.34
        },
        "2012-06-22": {
            "cash": 0.3,
            "stock": 2.4
        },
        "2013-06-25": {
            "cash": 1.4,
            "stock": 0.89
        },
        "2014-09-19": {
            "cash": 2,
            "stock": 0.67
        },
        "2015-08-07": {
            "cash": 2.5,
            "stock": 0
        },
        "2016-08-26": {
            "cash": 3.5,
            "stock": 0
        },
        "2017-08-11": {
            "cash": 3.8,
            "stock": 0
        },
        "2018-08-10": {
            "cash": 4.5,
            "stock": 0
        },
        "2019-08-16": {
            "cash": 4.5,
            "stock": 0
        },
        "2020-08-20": {
            "cash": 4,
            "stock": 0
        },
        "2021-10-15": {
            "cash": 4,
            "stock": 0
        },
        "2022-08-15": {
            "cash": 3,
            "stock": 0
        },
        "2023-05-05": {
            "cash": 3.4,
            "stock": 0
        }
    },
    "prices": {
        "200101": "無",
        "200102": "無",
        "200103": "無",
        "200104": "無",
        "200105": "無",
        "200106": "無",
        "200107": "無",
        "200108": "無",
        "200109": "50.25",
        "200110": "43.52",
        "200111": "50.48",
        "200112": "67.52",
        "200201": "81.05",
        "200202": "80.71",
        "200203": "81.14",
        "200204": "78.71",
        "200205": "81.66",
        "200206": "81.18",
        "200207": "82.39",
        "200208": "76.23",
        "200209": "79.70",
        "200210": "75.98",
        "200211": "77.29",
        "200212": "73.57",
        "200301": "69.45",
        "200302": "67.53",
        "200303": "67.93",
        "200304": "68.93",
        "200305": "71.36",
        "200306": "76.65",
        "200307": "65.41",
        "200308": "63.24",
        "200309": "61.50",
        "200310": "59.70",
        "200311": "58.72",
        "200312": "57.39",
        "200401": "57.40",
        "200402": "61.05",
        "200403": "59.02",
        "200404": "56.98",
        "200405": "49.86",
        "200406": "49.43",
        "200407": "45.32",
        "200408": "38.37",
        "200409": "45.80",
        "200410": "44.36",
        "200411": "41.46",
        "200412": "40.35",
        "200501": "40.85",
        "200502": "43.94",
        "200503": "42.76",
        "200504": "40.48",
        "200505": "40.33",
        "200506": "41.19",
        "200507": "41.36",
        "200508": "38.18",
        "200509": "36.98",
        "200510": "37.82",
        "200511": "37.57",
        "200512": "37.92",
        "200601": "37.73",
        "200602": "36.59",
        "200603": "34.69",
        "200604": "34.82",
        "200605": "34.91",
        "200606": "32.90",
        "200607": "32.33",
        "200608": "27.95",
        "200609": "26.10",
        "200610": "26.32",
        "200611": "25.72",
        "200612": "27.36",
        "200701": "28.80",
        "200702": "28.45",
        "200703": "29.99",
        "200704": "32.69",
        "200705": "42.28",
        "200706": "46.56",
        "200707": "69.21",
        "200708": "55.24",
        "200709": "57.02",
        "200710": "58.48",
        "200711": "49.13",
        "200712": "49.93",
        "200801": "50.32",
        "200802": "48.60",
        "200803": "52.77",
        "200804": "57.45",
        "200805": "54.14",
        "200806": "46.75",
        "200807": "42.64",
        "200808": "42.63",
        "200809": "34.97",
        "200810": "31.83",
        "200811": "34.04",
        "200812": "36.09",
        "200901": "36.63",
        "200902": "37.04",
        "200903": "42.46",
        "200904": "69.06",
        "200905": "77.85",
        "200906": "82.58",
        "200907": "112.25",
        "200908": "96.60",
        "200909": "103.60",
        "200910": "104.01",
        "200911": "101.83",
        "200912": "105.96",
        "201001": "92.63",
        "201002": "79.43",
        "201003": "89.33",
        "201004": "97.70",
        "201005": "94.10",
        "201006": "95.78",
        "201007": "95.83",
        "201008": "100.74",
        "201009": "133.43",
        "201010": "143.93",
        "201011": "144.43",
        "201012": "137.98",
        "201101": "139.22",
        "201102": "147.96",
        "201103": "156.35",
        "201104": "158.21",
        "201105": "163.69",
        "201106": "147.67",
        "201107": "150.45",
        "201108": "118.78",
        "201109": "96.55",
        "201110": "89.58",
        "201111": "91.75",
        "201112": "82.82",
        "201201": "88.67",
        "201202": "113.85",
        "201203": "129.98",
        "201204": "112.28",
        "201205": "106.05",
        "201206": "108.64",
        "201207": "117.45",
        "201208": "113.82",
        "201209": "111.98",
        "201210": "105.22",
        "201211": "96.12",
        "201212": "105.46",
        "201301": "108.23",
        "201302": "108.54",
        "201303": "98.95",
        "201304": "98.02",
        "201305": "104.95",
        "201306": "104.95",
        "201307": "103.40",
        "201308": "102.16",
        "201309": "106.65",
        "201310": "114.93",
        "201311": "99.44",
        "201312": "91.41",
        "201401": "90.34",
        "201402": "95.97",
        "201403": "98.17",
        "201404": "96.38",
        "201405": "96.25",
        "201406": "92.03",
        "201407": "88.67",
        "201408": "70.52",
        "201409": "67.91",
        "201410": "58.90",
        "201411": "57.62",
        "201412": "64.78",
        "201501": "67.03",
        "201502": "66.52",
        "201503": "67.25",
        "201504": "66.06",
        "201505": "73.08",
        "201506": "72.36",
        "201507": "83.48",
        "201508": "83.90",
        "201509": "89.90",
        "201510": "93.99",
        "201511": "95.56",
        "201512": "114.72",
        "201601": "111.93",
        "201602": "114.00",
        "201603": "104.79",
        "201604": "108.79",
        "201605": "107.83",
        "201606": "112.52",
        "201607": "114.22",
        "201608": "111.04",
        "201609": "118.29",
        "201610": "127.80",
        "201611": "108.12",
        "201612": "97.86",
        "201701": "100.18",
        "201702": "104.82",
        "201703": "112.87",
        "201704": "102.42",
        "201705": "100.02",
        "201706": "100.73",
        "201707": "98.19",
        "201708": "93.50",
        "201709": "91.13",
        "201710": "92.45",
        "201711": "96.25",
        "201712": "102.31",
        "201801": "102.23",
        "201802": "99.11",
        "201803": "97.50",
        "201804": "101.17",
        "201805": "98.27",
        "201806": "96.71",
        "201807": "93.05",
        "201808": "89.77",
        "201809": "84.72",
        "201810": "81.40",
        "201811": "82.11",
        "201812": "80.01",
        "201901": "78.32",
        "201902": "81.43",
        "201903": "82.66",
        "201904": "82.78",
        "201905": "80.39",
        "201906": "81.49",
        "201907": "84.70",
        "201908": "78.30",
        "201909": "79.12",
        "201910": "80.47",
        "201911": "82.78",
        "201912": "83.27",
        "202001": "80.39",
        "202002": "78.57",
        "202003": "67.46",
        "202004": "67.30",
        "202005": "73.33",
        "202006": "75.60",
        "202007": "75.61",
        "202008": "68.68",
        "202009": "67.13",
        "202010": "76.92",
        "202011": "71.34",
        "202012": "68.94",
        "202101": "65.50",
        "202102": "64.13",
        "202103": "69.63",
        "202104": "72.27",
        "202105": "82.08",
        "202106": "84.24",
        "202107": "81.12",
        "202108": "78.87",
        "202109": "76.86",
        "202110": "68.04",
        "202111": "69.12",
        "202112": "68.86",
        "202201": "68.21",
        "202202": "68.85",
        "202203": "68.52",
        "202204": "73.24",
        "202205": "69.11",
        "202206": "70.90",
        "202207": "71.92",
        "202208": "71.87",
        "202209": "73.90",
        "202210": "73.27",
        "202211": "77.08",
        "202212": "81.80",
        "202301": "79.82",
        "202302": "78.14",
        "202303": "78.07",
        "202304": "76.80",
        "202305": "75.70",
        "202306": "76.16",
        "202307": "77.89",
        "202308": "75.45",
        "202309": "76.75",
        "202310": "78.96"
    },
    "quarters": {
        "20011": {
            "year_quarter": 20011,
            "year": 2001,
            "quarter": 1,
            "eps": 1.08,
            "eps_growth_year": 20,
            "eps_4q": 1.88,
            "eps_4q_growth_year": null,
            "roe": 7.74,
            "roe_4q": 7.74,
            "gross_profit": 125609,
            "gross_margin": 64.97,
            "gross_margin_4q_avg": 64.97,
            "net_income": 25995,
            "net_income_4q": null,
            "revenue": 193337,
            "revenue_4q": null,
            "common_shares": 239900,
            "book_valuer_per_share": 14.53,
            "book_valuer_per_share_4q_avg": 14.53,
            "equity": 348632,
            "current_ratio": 158.58,
            "debt_ratio": 57.67,
            "inventory_turnover_ratio": 0.73,
            "account_receivable_turnover_ratio": null,
            "reinvestment_rate": null,
            "research_to_sale_ratio": null,
            "price_fair": 0,
            "eps_avg_yearly": 0,
            "eps_latest_yearly": 0,
            "eps_growth_yearly": 0
        },
        "20012": {
            "year_quarter": 20012,
            "year": 2001,
            "quarter": 2,
            "eps": 0.68,
            "eps_growth_year": 223.81,
            "eps_4q": 2.37,
            "eps_4q_growth_year": null,
            "roe": 4.53,
            "roe_4q": 12.27,
            "gross_profit": 131159,
            "gross_margin": 68.71,
            "gross_margin_4q_avg": 66.84,
            "net_income": 16216,
            "net_income_4q": null,
            "revenue": 190885,
            "revenue_4q": null,
            "common_shares": 239900,
            "book_valuer_per_share": 15.28,
            "book_valuer_per_share_4q_avg": 14.91,
            "equity": 366583,
            "current_ratio": 160.74,
            "debt_ratio": 56.78,
            "inventory_turnover_ratio": 0.6,
            "account_receivable_turnover_ratio": null,
            "reinvestment_rate": null,
            "research_to_sale_ratio": null,
            "price_fair": 0,
            "eps_avg_yearly": 0,
            "eps_latest_yearly": 0,
            "eps_growth_yearly": 0
        },
        "20013": {
            "year_quarter": 20013,
            "year": 2001,
            "quarter": 3,
            "eps": 0.87,
            "eps_growth_year": 155.88,
            "eps_4q": 2.63,
            "eps_4q_growth_year": null,
            "roe": 6.32,
            "roe_4q": 18.590000000000003,
            "gross_profit": 150605,
            "gross_margin": 69.54,
            "gross_margin_4q_avg": 67.74,
            "net_income": 23946,
            "net_income_4q": null,
            "revenue": 216572,
            "revenue_4q": null,
            "common_shares": 276434,
            "book_valuer_per_share": 14.14,
            "book_valuer_per_share_4q_avg": 14.65,
            "equity": 390917,
            "current_ratio": 154.24,
            "debt_ratio": 55.16,
            "inventory_turnover_ratio": 0.62,
            "account_receivable_turnover_ratio": null,
            "reinvestment_rate": null,
            "research_to_sale_ratio": null,
            "price_fair": 0,
            "eps_avg_yearly": 0,
            "eps_latest_yearly": 0,
            "eps_growth_yearly": 0
        },
        "20014": {
            "year_quarter": 20014,
            "year": 2001,
            "quarter": 4,
            "eps": 1.23,
            "eps_growth_year": 373.08,
            "eps_4q": 3.62,
            "eps_4q_growth_year": 114.63,
            "roe": 8.35,
            "roe_4q": 26.939999999999998,
            "gross_profit": 163446,
            "gross_margin": 67.46,
            "gross_margin_4q_avg": 67.67,
            "net_income": 34112,
            "net_income_4q": null,
            "revenue": 242292,
            "revenue_4q": null,
            "common_shares": 276434,
            "book_valuer_per_share": 15.4,
            "book_valuer_per_share_4q_avg": 14.84,
            "equity": 425690,
            "current_ratio": 159.89,
            "debt_ratio": 54.2,
            "inventory_turnover_ratio": 0.74,
            "account_receivable_turnover_ratio": null,
            "reinvestment_rate": null,
            "research_to_sale_ratio": null,
            "price_fair": 0,
            "eps_avg_yearly": 0,
            "eps_latest_yearly": 0,
            "eps_growth_yearly": 0
        },
        "20021": {
            "year_quarter": 20021,
            "year": 2002,
            "quarter": 1,
            "eps": 1.57,
            "eps_growth_year": 45.37,
            "eps_4q": 4.25,
            "eps_4q_growth_year": 125.98,
            "roe": 9.7,
            "roe_4q": 28.9,
            "gross_profit": 195696,
            "gross_margin": 67.81,
            "gross_margin_4q_avg": 68.38,
            "net_income": 43433,
            "net_income_4q": null,
            "revenue": 288582,
            "revenue_4q": null,
            "common_shares": 276434,
            "book_valuer_per_share": 17,
            "book_valuer_per_share_4q_avg": 15.46,
            "equity": 469981,
            "current_ratio": 312.96,
            "debt_ratio": 55.43,
            "inventory_turnover_ratio": 0.82,
            "account_receivable_turnover_ratio": null,
            "reinvestment_rate": null,
            "research_to_sale_ratio": null,
            "price_fair": 219.8,
            "eps_avg_yearly": 6.28,
            "eps_latest_yearly": 6.28,
            "eps_growth_yearly": 110.57
        },
        "20022": {
            "year_quarter": 20022,
            "year": 2002,
            "quarter": 2,
            "eps": 2.27,
            "eps_growth_year": 233.82,
            "eps_4q": 5.93,
            "eps_4q_growth_year": 150.18,
            "roe": 12.61,
            "roe_4q": 36.98,
            "gross_profit": 215254,
            "gross_margin": 68.47,
            "gross_margin_4q_avg": 68.32,
            "net_income": 62863,
            "net_income_4q": null,
            "revenue": 314387,
            "revenue_4q": null,
            "common_shares": 276434,
            "book_valuer_per_share": 19.08,
            "book_valuer_per_share_4q_avg": 16.41,
            "equity": 527401,
            "current_ratio": 522.9,
            "debt_ratio": 65.49,
            "inventory_turnover_ratio": 0.82,
            "account_receivable_turnover_ratio": null,
            "reinvestment_rate": null,
            "research_to_sale_ratio": null,
            "price_fair": 268.8,
            "eps_avg_yearly": 7.68,
            "eps_latest_yearly": 9.08,
            "eps_growth_yearly": 144.46
        },
        "20023": {
            "year_quarter": 20023,
            "year": 2002,
            "quarter": 3,
            "eps": 1.77,
            "eps_growth_year": 103.45,
            "eps_4q": 5.62,
            "eps_4q_growth_year": 113.46,
            "roe": 11.14,
            "roe_4q": 41.800000000000004,
            "gross_profit": 223996,
            "gross_margin": 67.34,
            "gross_margin_4q_avg": 67.77,
            "net_income": 64536,
            "net_income_4q": null,
            "revenue": 332614,
            "revenue_4q": null,
            "common_shares": 370871,
            "book_valuer_per_share": 17.01,
            "book_valuer_per_share_4q_avg": 17.12,
            "equity": 630867,
            "current_ratio": 488.84,
            "debt_ratio": 61.14,
            "inventory_turnover_ratio": 0.9,
            "account_receivable_turnover_ratio": null,
            "reinvestment_rate": null,
            "research_to_sale_ratio": null,
            "price_fair": 261.8,
            "eps_avg_yearly": 7.48,
            "eps_latest_yearly": 7.08,
            "eps_growth_yearly": 66.94
        },
        "20024": {
            "year_quarter": 20024,
            "year": 2002,
            "quarter": 4,
            "eps": 1.19,
            "eps_growth_year": -3.25,
            "eps_4q": 5.86,
            "eps_4q_growth_year": 61.97,
            "roe": 6.5,
            "roe_4q": 39.95,
            "gross_profit": 217849,
            "gross_margin": 70.43,
            "gross_margin_4q_avg": 68.51,
            "net_income": 43569,
            "net_income_4q": null,
            "revenue": 309298,
            "revenue_4q": null,
            "common_shares": 376441,
            "book_valuer_per_share": 18.83,
            "book_valuer_per_share_4q_avg": 17.98,
            "equity": 708751,
            "current_ratio": 516.9,
            "debt_ratio": 57.55,
            "inventory_turnover_ratio": 0.81,
            "account_receivable_turnover_ratio": null,
            "reinvestment_rate": null,
            "research_to_sale_ratio": null,
            "price_fair": 186.55,
            "eps_avg_yearly": 6.8,
            "eps_latest_yearly": 4.76,
            "eps_growth_yearly": 17.43
        },
        "20031": {
            "year_quarter": 20031,
            "year": 2003,
            "quarter": 1,
            "eps": 2.11,
            "eps_growth_year": 34.39,
            "eps_4q": 6.64,
            "eps_4q_growth_year": 56.1,
            "roe": 10.64,
            "roe_4q": 40.89,
            "gross_profit": 245657,
            "gross_margin": 72.29,
            "gross_margin_4q_avg": 69.63,
            "net_income": 79602,
            "net_income_4q": null,
            "revenue": 339828,
            "revenue_4q": null,
            "common_shares": 376441,
            "book_valuer_per_share": 20.93,
            "book_valuer_per_share_4q_avg": 18.96,
            "equity": 787813,
            "current_ratio": 484.25,
            "debt_ratio": 54.98,
            "inventory_turnover_ratio": 0.87,
            "account_receivable_turnover_ratio": null,
            "reinvestment_rate": null,
            "research_to_sale_ratio": null,
            "price_fair": 249.48,
            "eps_avg_yearly": 7.13,
            "eps_latest_yearly": 8.44,
            "eps_growth_yearly": 75.8
        },
        "20032": {
            "year_quarter": 20032,
            "year": 2003,
            "quarter": 2,
            "eps": 1.71,
            "eps_growth_year": -24.67,
            "eps_4q": 6.68,
            "eps_4q_growth_year": 12.6,
            "roe": 7.92,
            "roe_4q": 36.2,
            "gross_profit": 238641,
            "gross_margin": 67.48,
            "gross_margin_4q_avg": 69.39,
            "net_income": 64551,
            "net_income_4q": null,
            "revenue": 353672,
            "revenue_4q": null,
            "common_shares": 377213,
            "book_valuer_per_share": 22.34,
            "book_valuer_per_share_4q_avg": 19.78,
            "equity": 842681,
            "current_ratio": 454.76,
            "debt_ratio": 54.17,
            "inventory_turnover_ratio": 0.98,
            "account_receivable_turnover_ratio": null,
            "reinvestment_rate": null,
            "research_to_sale_ratio": null,
            "price_fair": 247.8,
            "eps_avg_yearly": 7.08,
            "eps_latest_yearly": 6.84,
            "eps_growth_yearly": 50.52
        },
        "20033": {
            "year_quarter": 20033,
            "year": 2003,
            "quarter": 3,
            "eps": 0.74,
            "eps_growth_year": -58.19,
            "eps_4q": 4.48,
            "eps_4q_growth_year": -20.21,
            "roe": 4.27,
            "roe_4q": 29.33,
            "gross_profit": 215318,
            "gross_margin": 67.76,
            "gross_margin_4q_avg": 69.49,
            "net_income": 37094,
            "net_income_4q": null,
            "revenue": 317781,
            "revenue_4q": null,
            "common_shares": 503706,
            "book_valuer_per_share": 17.78,
            "book_valuer_per_share_4q_avg": 19.97,
            "equity": 895464,
            "current_ratio": 577.02,
            "debt_ratio": 50.95,
            "inventory_turnover_ratio": 0.84,
            "account_receivable_turnover_ratio": null,
            "reinvestment_rate": null,
            "research_to_sale_ratio": null,
            "price_fair": 135.62,
            "eps_avg_yearly": 6.49,
            "eps_latest_yearly": 2.96,
            "eps_growth_yearly": 10.89
        },
        "20034": {
            "year_quarter": 20034,
            "year": 2003,
            "quarter": 4,
            "eps": 1.08,
            "eps_growth_year": -9.24,
            "eps_4q": 4.71,
            "eps_4q_growth_year": -19.59,
            "roe": 5.78,
            "roe_4q": 28.61,
            "gross_profit": 253802,
            "gross_margin": 68.37,
            "gross_margin_4q_avg": 68.98,
            "net_income": 53939,
            "net_income_4q": null,
            "revenue": 371205,
            "revenue_4q": null,
            "common_shares": 507817,
            "book_valuer_per_share": 19.09,
            "book_valuer_per_share_4q_avg": 20.04,
            "equity": 969665,
            "current_ratio": 583.64,
            "debt_ratio": 49.65,
            "inventory_turnover_ratio": 1.04,
            "account_receivable_turnover_ratio": null,
            "reinvestment_rate": 20.38,
            "research_to_sale_ratio": null,
            "price_fair": 217.7,
            "eps_avg_yearly": 6.22,
            "eps_latest_yearly": 4.32,
            "eps_growth_yearly": 32.5
        },
        "20041": {
            "year_quarter": 20041,
            "year": 2004,
            "quarter": 1,
            "eps": 0.89,
            "eps_growth_year": -57.82,
            "eps_4q": 3.94,
            "eps_4q_growth_year": -40.69,
            "roe": 4.55,
            "roe_4q": 22.52,
            "gross_profit": 250823,
            "gross_margin": 68.1,
            "gross_margin_4q_avg": 67.93,
            "net_income": 45410,
            "net_income_4q": null,
            "revenue": 368334,
            "revenue_4q": null,
            "common_shares": 510862,
            "book_valuer_per_share": 20.1,
            "book_valuer_per_share_4q_avg": 19.83,
            "equity": 1026624,
            "current_ratio": 407.54,
            "debt_ratio": 47.64,
            "inventory_turnover_ratio": 1.07,
            "account_receivable_turnover_ratio": null,
            "reinvestment_rate": 15.64,
            "research_to_sale_ratio": null,
            "price_fair": 184.09,
            "eps_avg_yearly": 5.92,
            "eps_latest_yearly": 3.56,
            "eps_growth_yearly": 21.07
        },
        "20042": {
            "year_quarter": 20042,
            "year": 2004,
            "quarter": 2,
            "eps": 1,
            "eps_growth_year": -41.52,
            "eps_4q": 3.2,
            "eps_4q_growth_year": -52.11,
            "roe": 5.9,
            "roe_4q": 20.5,
            "gross_profit": 287589,
            "gross_margin": 70.1,
            "gross_margin_4q_avg": 68.58,
            "net_income": 62020,
            "net_income_4q": null,
            "revenue": 410267,
            "revenue_4q": null,
            "common_shares": 514039,
            "book_valuer_per_share": 20.91,
            "book_valuer_per_share_4q_avg": 19.47,
            "equity": 1074784,
            "current_ratio": 287.65,
            "debt_ratio": 59.87,
            "inventory_turnover_ratio": 1.06,
            "account_receivable_turnover_ratio": null,
            "reinvestment_rate": 13.42,
            "research_to_sale_ratio": null,
            "price_fair": 194.37,
            "eps_avg_yearly": 5.73,
            "eps_latest_yearly": 4,
            "eps_growth_yearly": 23.91
        },
        "20043": {
            "year_quarter": 20043,
            "year": 2004,
            "quarter": 3,
            "eps": 0.88,
            "eps_growth_year": 18.92,
            "eps_4q": 3.47,
            "eps_4q_growth_year": -22.55,
            "roe": 5.1,
            "roe_4q": 21.330000000000002,
            "gross_profit": 263033,
            "gross_margin": 67.67,
            "gross_margin_4q_avg": 68.56,
            "net_income": 54749,
            "net_income_4q": null,
            "revenue": 388689,
            "revenue_4q": null,
            "common_shares": 631083,
            "book_valuer_per_share": 17.01,
            "book_valuer_per_share_4q_avg": 19.28,
            "equity": 1073724,
            "current_ratio": 542.32,
            "debt_ratio": 58.78,
            "inventory_turnover_ratio": 0.96,
            "account_receivable_turnover_ratio": null,
            "reinvestment_rate": 10.14,
            "research_to_sale_ratio": null,
            "price_fair": 151.4,
            "eps_avg_yearly": 5.53,
            "eps_latest_yearly": 3.52,
            "eps_growth_yearly": 17.37
        },
        "20044": {
            "year_quarter": 20044,
            "year": 2004,
            "quarter": 4,
            "eps": 1.12,
            "eps_growth_year": 3.7,
            "eps_4q": 3.76,
            "eps_4q_growth_year": -20.12,
            "roe": 6.42,
            "roe_4q": 21.970000000000002,
            "gross_profit": 285378,
            "gross_margin": 69.88,
            "gross_margin_4q_avg": 68.94,
            "net_income": 68757,
            "net_income_4q": null,
            "revenue": 408392,
            "revenue_4q": null,
            "common_shares": 631540,
            "book_valuer_per_share": 16.92,
            "book_valuer_per_share_4q_avg": 18.74,
            "equity": 1068784,
            "current_ratio": 504.45,
            "debt_ratio": 58.81,
            "inventory_turnover_ratio": 0.9,
            "account_receivable_turnover_ratio": null,
            "reinvestment_rate": 7.22,
            "research_to_sale_ratio": null,
            "price_fair": 190.52,
            "eps_avg_yearly": 5.44,
            "eps_latest_yearly": 4.48,
            "eps_growth_yearly": 25.02
        },
        "20051": {
            "year_quarter": 20051,
            "year": 2005,
            "quarter": 1,
            "eps": 1,
            "eps_growth_year": 12.36,
            "eps_4q": 3.99,
            "eps_4q_growth_year": 1.25,
            "roe": 5.37,
            "roe_4q": 22.79,
            "gross_profit": 290088,
            "gross_margin": 72.12,
            "gross_margin_4q_avg": 69.94,
            "net_income": 62076,
            "net_income_4q": null,
            "revenue": 402225,
            "revenue_4q": null,
            "common_shares": 659208,
            "book_valuer_per_share": 18.88,
            "book_valuer_per_share_4q_avg": 18.43,
            "equity": 1244443,
            "current_ratio": 526.39,
            "debt_ratio": 51.23,
            "inventory_turnover_ratio": 0.81,
            "account_receivable_turnover_ratio": null,
            "reinvestment_rate": 5.85,
            "research_to_sale_ratio": null,
            "price_fair": 158.88,
            "eps_avg_yearly": 5.33,
            "eps_latest_yearly": 4,
            "eps_growth_yearly": 19.79
        },
        "20052": {
            "year_quarter": 20052,
            "year": 2005,
            "quarter": 2,
            "eps": 0.91,
            "eps_growth_year": -9,
            "eps_4q": 3.77,
            "eps_4q_growth_year": 17.75,
            "roe": 4.91,
            "roe_4q": 21.800000000000004,
            "gross_profit": 297340,
            "gross_margin": 71.46,
            "gross_margin_4q_avg": 70.28,
            "net_income": 59091,
            "net_income_4q": null,
            "revenue": 416117,
            "revenue_4q": null,
            "common_shares": 674208,
            "book_valuer_per_share": 17.24,
            "book_valuer_per_share_4q_avg": 17.51,
            "equity": 1162061,
            "current_ratio": 141.66,
            "debt_ratio": 55.36,
            "inventory_turnover_ratio": 0.76,
            "account_receivable_turnover_ratio": null,
            "reinvestment_rate": 14.13,
            "research_to_sale_ratio": null,
            "price_fair": 134.5,
            "eps_avg_yearly": 5.21,
            "eps_latest_yearly": 3.64,
            "eps_growth_yearly": 15.81
        },
        "20053": {
            "year_quarter": 20053,
            "year": 2005,
            "quarter": 3,
            "eps": 0.89,
            "eps_growth_year": 1.14,
            "eps_4q": 3.78,
            "eps_4q_growth_year": 8.96,
            "roe": 4.83,
            "roe_4q": 21.53,
            "gross_profit": 298198,
            "gross_margin": 72.79,
            "gross_margin_4q_avg": 71.56,
            "net_income": 58391,
            "net_income_4q": null,
            "revenue": 409676,
            "revenue_4q": null,
            "common_shares": 711298,
            "book_valuer_per_share": 17.67,
            "book_valuer_per_share_4q_avg": 17.68,
            "equity": 1256825,
            "current_ratio": 162.37,
            "debt_ratio": 48.89,
            "inventory_turnover_ratio": 0.62,
            "account_receivable_turnover_ratio": null,
            "reinvestment_rate": 14.22,
            "research_to_sale_ratio": null,
            "price_fair": 123.3,
            "eps_avg_yearly": 5.1,
            "eps_latest_yearly": 3.56,
            "eps_growth_yearly": 14.17
        },
        "20054": {
            "year_quarter": 20054,
            "year": 2005,
            "quarter": 4,
            "eps": 0.13,
            "eps_growth_year": -88.39,
            "eps_4q": 2.82,
            "eps_4q_growth_year": -24.97,
            "roe": 0.6,
            "roe_4q": 15.71,
            "gross_profit": 284784,
            "gross_margin": 71.16,
            "gross_margin_4q_avg": 71.88,
            "net_income": 8670,
            "net_income_4q": null,
            "revenue": 400192,
            "revenue_4q": null,
            "common_shares": 713996,
            "book_valuer_per_share": 17.83,
            "book_valuer_per_share_4q_avg": 17.91,
            "equity": 1616771,
            "current_ratio": 175.11,
            "debt_ratio": 46.94,
            "inventory_turnover_ratio": 0.48,
            "account_receivable_turnover_ratio": null,
            "reinvestment_rate": 41.24,
            "research_to_sale_ratio": null,
            "price_fair": 14.45,
            "eps_avg_yearly": 4.82,
            "eps_latest_yearly": 0.52,
            "eps_growth_yearly": -8.06
        },
        "20061": {
            "year_quarter": 20061,
            "year": 2006,
            "quarter": 1,
            "eps": 0.54,
            "eps_growth_year": -46,
            "eps_4q": 2.38,
            "eps_4q_growth_year": -40.36,
            "roe": 2.53,
            "roe_4q": 12.870000000000001,
            "gross_profit": 276682,
            "gross_margin": 73.1,
            "gross_margin_4q_avg": 72.13,
            "net_income": 37046,
            "net_income_4q": null,
            "revenue": 378472,
            "revenue_4q": null,
            "common_shares": 714120,
            "book_valuer_per_share": 18.36,
            "book_valuer_per_share_4q_avg": 17.78,
            "equity": 1311248,
            "current_ratio": 159.5,
            "debt_ratio": 44.69,
            "inventory_turnover_ratio": 0.41,
            "account_receivable_turnover_ratio": null,
            "reinvestment_rate": 15.21,
            "research_to_sale_ratio": null,
            "price_fair": 159.51,
            "eps_avg_yearly": 4.56,
            "eps_latest_yearly": 2.16,
            "eps_growth_yearly": 63.87
        },
        "20062": {
            "year_quarter": 20062,
            "year": 2006,
            "quarter": 2,
            "eps": 0.91,
            "eps_growth_year": 0,
            "eps_4q": 2.44,
            "eps_4q_growth_year": -35.15,
            "roe": 4.93,
            "roe_4q": 12.889999999999999,
            "gross_profit": 294197,
            "gross_margin": 69.53,
            "gross_margin_4q_avg": 71.65,
            "net_income": 61784,
            "net_income_4q": null,
            "revenue": 423132,
            "revenue_4q": null,
            "common_shares": 714120,
            "book_valuer_per_share": 16.71,
            "book_valuer_per_share_4q_avg": 17.64,
            "equity": 1193460,
            "current_ratio": 148.87,
            "debt_ratio": 44.02,
            "inventory_turnover_ratio": 0.59,
            "account_receivable_turnover_ratio": null,
            "reinvestment_rate": 15.16,
            "research_to_sale_ratio": null,
            "price_fair": 147.61,
            "eps_avg_yearly": 4.22,
            "eps_latest_yearly": 3.64,
            "eps_growth_yearly": 69.85
        },
        "20063": {
            "year_quarter": 20063,
            "year": 2006,
            "quarter": 3,
            "eps": 0.4,
            "eps_growth_year": -55.06,
            "eps_4q": 1.85,
            "eps_4q_growth_year": -51.21,
            "roe": 2.46,
            "roe_4q": 10.52,
            "gross_profit": 279759,
            "gross_margin": 69.67,
            "gross_margin_4q_avg": 70.87,
            "net_income": 29727,
            "net_income_4q": null,
            "revenue": 401554,
            "revenue_4q": null,
            "common_shares": 781907,
            "book_valuer_per_share": 15.71,
            "book_valuer_per_share_4q_avg": 17.15,
            "equity": 1228298,
            "current_ratio": 173.05,
            "debt_ratio": 37.81,
            "inventory_turnover_ratio": 0.52,
            "account_receivable_turnover_ratio": null,
            "reinvestment_rate": 10.98,
            "research_to_sale_ratio": null,
            "price_fair": 135.63,
            "eps_avg_yearly": 3.88,
            "eps_latest_yearly": 1.6,
            "eps_growth_yearly": 61.35
        },
        "20064": {
            "year_quarter": 20064,
            "year": 2006,
            "quarter": 4,
            "eps": 0.62,
            "eps_growth_year": 376.92,
            "eps_4q": 2.35,
            "eps_4q_growth_year": -16.64,
            "roe": 3.16,
            "roe_4q": 13.08,
            "gross_profit": 287375,
            "gross_margin": 69.4,
            "gross_margin_4q_avg": 70.43,
            "net_income": 46000,
            "net_income_4q": null,
            "revenue": 414082,
            "revenue_4q": null,
            "common_shares": 781907,
            "book_valuer_per_share": 16.33,
            "book_valuer_per_share_4q_avg": 16.78,
            "equity": 1681667,
            "current_ratio": 194.35,
            "debt_ratio": 37.28,
            "inventory_turnover_ratio": 0.47,
            "account_receivable_turnover_ratio": null,
            "reinvestment_rate": 40.02,
            "research_to_sale_ratio": null,
            "price_fair": 130.64,
            "eps_avg_yearly": 3.73,
            "eps_latest_yearly": 2.48,
            "eps_growth_yearly": 83.29
        },
        "20071": {
            "year_quarter": 20071,
            "year": 2007,
            "quarter": 1,
            "eps": 0.62,
            "eps_growth_year": 14.81,
            "eps_4q": 2.45,
            "eps_4q_growth_year": 3.19,
            "roe": 3.08,
            "roe_4q": 13.629999999999999,
            "gross_profit": 294841,
            "gross_margin": 69.23,
            "gross_margin_4q_avg": 69.46,
            "net_income": 46466,
            "net_income_4q": null,
            "revenue": 425883,
            "revenue_4q": null,
            "common_shares": 781907,
            "book_valuer_per_share": 17.02,
            "book_valuer_per_share_4q_avg": 16.44,
            "equity": 1331174,
            "current_ratio": 198.78,
            "debt_ratio": 32.32,
            "inventory_turnover_ratio": 0.52,
            "account_receivable_turnover_ratio": null,
            "reinvestment_rate": 12.4,
            "research_to_sale_ratio": null,
            "price_fair": 117.6,
            "eps_avg_yearly": 3.36,
            "eps_latest_yearly": 2.48,
            "eps_growth_yearly": 63.96
        },
        "20072": {
            "year_quarter": 20072,
            "year": 2007,
            "quarter": 2,
            "eps": 0.71,
            "eps_growth_year": -21.98,
            "eps_4q": 2.35,
            "eps_4q_growth_year": -3.98,
            "roe": 3.94,
            "roe_4q": 12.64,
            "gross_profit": 318784,
            "gross_margin": 70.93,
            "gross_margin_4q_avg": 69.81,
            "net_income": 53024,
            "net_income_4q": null,
            "revenue": 449409,
            "revenue_4q": null,
            "common_shares": 819643,
            "book_valuer_per_share": 16.62,
            "book_valuer_per_share_4q_avg": 16.42,
            "equity": 1362053,
            "current_ratio": 191.05,
            "debt_ratio": 33.93,
            "inventory_turnover_ratio": 0.61,
            "account_receivable_turnover_ratio": null,
            "reinvestment_rate": 14.4,
            "research_to_sale_ratio": null,
            "price_fair": 108.85,
            "eps_avg_yearly": 3.11,
            "eps_latest_yearly": 2.84,
            "eps_growth_yearly": 72.33
        },
        "20073": {
            "year_quarter": 20073,
            "year": 2007,
            "quarter": 3,
            "eps": 0.54,
            "eps_growth_year": 35,
            "eps_4q": 2.27,
            "eps_4q_growth_year": 22.75,
            "roe": 3.03,
            "roe_4q": 13.21,
            "gross_profit": 320568,
            "gross_margin": 69.94,
            "gross_margin_4q_avg": 69.88,
            "net_income": 45505,
            "net_income_4q": null,
            "revenue": 458340,
            "revenue_4q": null,
            "common_shares": 937919,
            "book_valuer_per_share": 17.52,
            "book_valuer_per_share_4q_avg": 16.87,
            "equity": 1643204,
            "current_ratio": 378.28,
            "debt_ratio": 19.12,
            "inventory_turnover_ratio": 0.66,
            "account_receivable_turnover_ratio": null,
            "reinvestment_rate": 21.9,
            "research_to_sale_ratio": null,
            "price_fair": 107.1,
            "eps_avg_yearly": 3.06,
            "eps_latest_yearly": 2.16,
            "eps_growth_yearly": 80.53
        },
        "20074": {
            "year_quarter": 20074,
            "year": 2007,
            "quarter": 4,
            "eps": 1.15,
            "eps_growth_year": 85.48,
            "eps_4q": 2.83,
            "eps_4q_growth_year": 20.18,
            "roe": 5.14,
            "roe_4q": 15.19,
            "gross_profit": 295152,
            "gross_margin": 65.18,
            "gross_margin_4q_avg": 68.82,
            "net_income": 99398,
            "net_income_4q": null,
            "revenue": 452824,
            "revenue_4q": null,
            "common_shares": 929319,
            "book_valuer_per_share": 18.88,
            "book_valuer_per_share_4q_avg": 17.51,
            "equity": 2222449,
            "current_ratio": 390.83,
            "debt_ratio": 21.85,
            "inventory_turnover_ratio": 0.65,
            "account_receivable_turnover_ratio": null,
            "reinvestment_rate": 52.83,
            "research_to_sale_ratio": null,
            "price_fair": 107.71,
            "eps_avg_yearly": 3.08,
            "eps_latest_yearly": 4.6,
            "eps_growth_yearly": 97.28
        },
        "20081": {
            "year_quarter": 20081,
            "year": 2008,
            "quarter": 1,
            "eps": 0.76,
            "eps_growth_year": 22.58,
            "eps_4q": 2.01,
            "eps_4q_growth_year": -18.14,
            "roe": 4.49,
            "roe_4q": 16.599999999999998,
            "gross_profit": 458269,
            "gross_margin": 60.4,
            "gross_margin_4q_avg": 66.61,
            "net_income": 101469,
            "net_income_4q": null,
            "revenue": 758663,
            "revenue_4q": null,
            "common_shares": 929319,
            "book_valuer_per_share": 19.5,
            "book_valuer_per_share_4q_avg": 18.13,
            "equity": 2296048,
            "current_ratio": 416.87,
            "debt_ratio": 19.82,
            "inventory_turnover_ratio": 1.08,
            "account_receivable_turnover_ratio": null,
            "reinvestment_rate": 49.77,
            "research_to_sale_ratio": null,
            "price_fair": 106.58,
            "eps_avg_yearly": 3.05,
            "eps_latest_yearly": 3.04,
            "eps_growth_yearly": 93.2
        },
        "20082": {
            "year_quarter": 20082,
            "year": 2008,
            "quarter": 2,
            "eps": 0.75,
            "eps_growth_year": 5.63,
            "eps_4q": 2.17,
            "eps_4q_growth_year": -7.41,
            "roe": 4.33,
            "roe_4q": 16.990000000000002,
            "gross_profit": 460327,
            "gross_margin": 62.73,
            "gross_margin_4q_avg": 64.56,
            "net_income": 98242,
            "net_income_4q": null,
            "revenue": 733773,
            "revenue_4q": null,
            "common_shares": 929319,
            "book_valuer_per_share": 18.57,
            "book_valuer_per_share_4q_avg": 18.62,
            "equity": 2242552,
            "current_ratio": 300.75,
            "debt_ratio": 26.62,
            "inventory_turnover_ratio": 0.93,
            "account_receivable_turnover_ratio": null,
            "reinvestment_rate": 47.03,
            "research_to_sale_ratio": null,
            "price_fair": 104.39,
            "eps_avg_yearly": 2.98,
            "eps_latest_yearly": 3,
            "eps_growth_yearly": 89.78
        },
        "20083": {
            "year_quarter": 20083,
            "year": 2008,
            "quarter": 3,
            "eps": 0.7,
            "eps_growth_year": 29.63,
            "eps_4q": 2.31,
            "eps_4q_growth_year": 1.81,
            "roe": 4.14,
            "roe_4q": 18.099999999999998,
            "gross_profit": 452323,
            "gross_margin": 54.82,
            "gross_margin_4q_avg": 60.78,
            "net_income": 95847,
            "net_income_4q": null,
            "revenue": 825163,
            "revenue_4q": null,
            "common_shares": 1096597,
            "book_valuer_per_share": 16.64,
            "book_valuer_per_share_4q_avg": 18.4,
            "equity": 2390656,
            "current_ratio": 307.68,
            "debt_ratio": 26.47,
            "inventory_turnover_ratio": 1.06,
            "account_receivable_turnover_ratio": null,
            "reinvestment_rate": 46.26,
            "research_to_sale_ratio": null,
            "price_fair": 102.81,
            "eps_avg_yearly": 2.94,
            "eps_latest_yearly": 2.8,
            "eps_growth_yearly": 91.12
        },
        "20084": {
            "year_quarter": 20084,
            "year": 2008,
            "quarter": 4,
            "eps": 0.6,
            "eps_growth_year": -47.83,
            "eps_4q": 2.54,
            "eps_4q_growth_year": -10.13,
            "roe": 2.88,
            "roe_4q": 15.84,
            "gross_profit": 434324,
            "gross_margin": 72.14,
            "gross_margin_4q_avg": 62.52,
            "net_income": 66612,
            "net_income_4q": null,
            "revenue": 602026,
            "revenue_4q": null,
            "common_shares": 1096596,
            "book_valuer_per_share": 17.35,
            "book_valuer_per_share_4q_avg": 18.02,
            "equity": 2230118,
            "current_ratio": 271.11,
            "debt_ratio": 28.21,
            "inventory_turnover_ratio": 0.41,
            "account_receivable_turnover_ratio": 1.42,
            "reinvestment_rate": 47.47,
            "research_to_sale_ratio": null,
            "price_fair": 98.26,
            "eps_avg_yearly": 2.81,
            "eps_latest_yearly": 2.4,
            "eps_growth_yearly": 80.73
        },
        "20091": {
            "year_quarter": 20091,
            "year": 2009,
            "quarter": 1,
            "eps": 0.54,
            "eps_growth_year": -28.95,
            "eps_4q": 1.87,
            "eps_4q_growth_year": -7.1,
            "roe": 3.46,
            "roe_4q": 14.81,
            "gross_profit": 427020,
            "gross_margin": 58.48,
            "gross_margin_4q_avg": 62.04,
            "net_income": 78287,
            "net_income_4q": null,
            "revenue": 730216,
            "revenue_4q": null,
            "common_shares": 1096596,
            "book_valuer_per_share": 17.96,
            "book_valuer_per_share_4q_avg": 17.63,
            "equity": 2297561,
            "current_ratio": 324.3,
            "debt_ratio": 24.15,
            "inventory_turnover_ratio": 0.73,
            "account_receivable_turnover_ratio": 0.85,
            "reinvestment_rate": 45.63,
            "research_to_sale_ratio": null,
            "price_fair": 94.24,
            "eps_avg_yearly": 2.69,
            "eps_latest_yearly": 2.16,
            "eps_growth_yearly": 80.91
        },
        "20092": {
            "year_quarter": 20092,
            "year": 2009,
            "quarter": 2,
            "eps": 1,
            "eps_growth_year": 33.33,
            "eps_4q": 2.38,
            "eps_4q_growth_year": 9.61,
            "roe": 5.76,
            "roe_4q": 16.24,
            "gross_profit": 507303,
            "gross_margin": 63.21,
            "gross_margin_4q_avg": 62.16,
            "net_income": 130644,
            "net_income_4q": null,
            "revenue": 802599,
            "revenue_4q": null,
            "common_shares": 1096596,
            "book_valuer_per_share": 17.26,
            "book_valuer_per_share_4q_avg": 17.3,
            "equity": 2238758,
            "current_ratio": 266.15,
            "debt_ratio": 28.49,
            "inventory_turnover_ratio": 0.68,
            "account_receivable_turnover_ratio": 0.89,
            "reinvestment_rate": 36.67,
            "research_to_sale_ratio": null,
            "price_fair": 95.03,
            "eps_avg_yearly": 2.72,
            "eps_latest_yearly": 4,
            "eps_growth_yearly": 104.45
        },
        "20093": {
            "year_quarter": 20093,
            "year": 2009,
            "quarter": 3,
            "eps": 0.69,
            "eps_growth_year": -1.43,
            "eps_4q": 2.23,
            "eps_4q_growth_year": -3.51,
            "roe": 4.39,
            "roe_4q": 16.49,
            "gross_profit": 484292,
            "gross_margin": 60.93,
            "gross_margin_4q_avg": 63.69,
            "net_income": 99962,
            "net_income_4q": null,
            "revenue": 794840,
            "revenue_4q": null,
            "common_shares": 1283018,
            "book_valuer_per_share": 15.3,
            "book_valuer_per_share_4q_avg": 16.97,
            "equity": 2312711,
            "current_ratio": 259.52,
            "debt_ratio": 28.89,
            "inventory_turnover_ratio": 0.65,
            "account_receivable_turnover_ratio": 0.84,
            "reinvestment_rate": 40.74,
            "research_to_sale_ratio": null,
            "price_fair": 93.28,
            "eps_avg_yearly": 2.67,
            "eps_latest_yearly": 2.76,
            "eps_growth_yearly": 97.25
        },
        "20094": {
            "year_quarter": 20094,
            "year": 2009,
            "quarter": 4,
            "eps": 0.45,
            "eps_growth_year": -25,
            "eps_4q": 2.46,
            "eps_4q_growth_year": -3.3,
            "roe": 2.53,
            "roe_4q": 16.14,
            "gross_profit": 522684,
            "gross_margin": 62.21,
            "gross_margin_4q_avg": 61.21,
            "net_income": 59182,
            "net_income_4q": null,
            "revenue": 840212,
            "revenue_4q": null,
            "common_shares": 1283018,
            "book_valuer_per_share": 15.74,
            "book_valuer_per_share_4q_avg": 16.57,
            "equity": 2365910,
            "current_ratio": 260.33,
            "debt_ratio": 28.79,
            "inventory_turnover_ratio": 0.65,
            "account_receivable_turnover_ratio": 1.89,
            "reinvestment_rate": 26.1,
            "research_to_sale_ratio": null,
            "price_fair": 96.08,
            "eps_avg_yearly": 2.75,
            "eps_latest_yearly": 1.8,
            "eps_growth_yearly": 109.9
        },
        "20101": {
            "year_quarter": 20101,
            "year": 2010,
            "quarter": 1,
            "eps": 0.84,
            "eps_growth_year": 55.56,
            "eps_4q": 2.84,
            "eps_4q_growth_year": 51.88,
            "roe": 5.78,
            "roe_4q": 18.46,
            "gross_profit": 557139,
            "gross_margin": 63.73,
            "gross_margin_4q_avg": 62.52,
            "net_income": 141001,
            "net_income_4q": null,
            "revenue": 874230,
            "revenue_4q": null,
            "common_shares": 1283018,
            "book_valuer_per_share": 16.7,
            "book_valuer_per_share_4q_avg": 16.25,
            "equity": 2515980,
            "current_ratio": 274.12,
            "debt_ratio": 27.8,
            "inventory_turnover_ratio": 0.66,
            "account_receivable_turnover_ratio": 0.91,
            "reinvestment_rate": 48.81,
            "research_to_sale_ratio": 7.97,
            "price_fair": 98.7,
            "eps_avg_yearly": 2.82,
            "eps_latest_yearly": 3.36,
            "eps_growth_yearly": 52.72
        },
        "20102": {
            "year_quarter": 20102,
            "year": 2010,
            "quarter": 2,
            "eps": 1.08,
            "eps_growth_year": 7.91,
            "eps_4q": 2.9,
            "eps_4q_growth_year": 21.63,
            "roe": 7.39,
            "roe_4q": 20.09,
            "gross_profit": 645898,
            "gross_margin": 68.15,
            "gross_margin_4q_avg": 63.76,
            "net_income": 183014,
            "net_income_4q": null,
            "revenue": 947759,
            "revenue_4q": null,
            "common_shares": 1283018,
            "book_valuer_per_share": 15.96,
            "book_valuer_per_share_4q_avg": 15.93,
            "equity": 2438567,
            "current_ratio": 228.27,
            "debt_ratio": 32.77,
            "inventory_turnover_ratio": 0.61,
            "account_receivable_turnover_ratio": 0.86,
            "reinvestment_rate": 45.56,
            "research_to_sale_ratio": 6.53,
            "price_fair": 100.19,
            "eps_avg_yearly": 2.86,
            "eps_latest_yearly": 4.32,
            "eps_growth_yearly": 42.74
        },
        "20103": {
            "year_quarter": 20103,
            "year": 2010,
            "quarter": 3,
            "eps": 0.51,
            "eps_growth_year": -26.12,
            "eps_4q": 2.77,
            "eps_4q_growth_year": 24.57,
            "roe": 3.65,
            "roe_4q": 19.35,
            "gross_profit": 481364,
            "gross_margin": 61.37,
            "gross_margin_4q_avg": 63.87,
            "net_income": 90481,
            "net_income_4q": null,
            "revenue": 784416,
            "revenue_4q": null,
            "common_shares": 1398490,
            "book_valuer_per_share": 15.1,
            "book_valuer_per_share_4q_avg": 15.88,
            "equity": 2517815,
            "current_ratio": 225.03,
            "debt_ratio": 33.39,
            "inventory_turnover_ratio": 0.58,
            "account_receivable_turnover_ratio": 0.68,
            "reinvestment_rate": 42.78,
            "research_to_sale_ratio": 6.3,
            "price_fair": 101.15,
            "eps_avg_yearly": 2.89,
            "eps_latest_yearly": 2.04,
            "eps_growth_yearly": 43.55
        },
        "20104": {
            "year_quarter": 20104,
            "year": 2010,
            "quarter": 4,
            "eps": 0.25,
            "eps_growth_year": -43.87,
            "eps_4q": 2.61,
            "eps_4q_growth_year": 6.2,
            "roe": 0.99,
            "roe_4q": 17.81,
            "gross_profit": 540231,
            "gross_margin": 65,
            "gross_margin_4q_avg": 64.56,
            "net_income": 25701,
            "net_income_4q": null,
            "revenue": 831117,
            "revenue_4q": null,
            "common_shares": 1398490,
            "book_valuer_per_share": 15.47,
            "book_valuer_per_share_4q_avg": 15.81,
            "equity": 2648846,
            "current_ratio": 164.2,
            "debt_ratio": 40.61,
            "inventory_turnover_ratio": 0.54,
            "account_receivable_turnover_ratio": 0.77,
            "reinvestment_rate": 64.65,
            "research_to_sale_ratio": 12.59,
            "price_fair": 75.7,
            "eps_avg_yearly": 2.8,
            "eps_latest_yearly": 1,
            "eps_growth_yearly": 17.06
        },
        "20111": {
            "year_quarter": 20111,
            "year": 2011,
            "quarter": 1,
            "eps": 0.61,
            "eps_growth_year": -27.38,
            "eps_4q": 2.46,
            "eps_4q_growth_year": -13.38,
            "roe": 4.94,
            "roe_4q": 16.97,
            "gross_profit": 584996,
            "gross_margin": 60.57,
            "gross_margin_4q_avg": 63.77,
            "net_income": 134533,
            "net_income_4q": null,
            "revenue": 965864,
            "revenue_4q": null,
            "common_shares": 1398490,
            "book_valuer_per_share": 16.17,
            "book_valuer_per_share_4q_avg": 15.68,
            "equity": 2802336,
            "current_ratio": 136.15,
            "debt_ratio": 45.37,
            "inventory_turnover_ratio": 0.72,
            "account_receivable_turnover_ratio": 0.9,
            "reinvestment_rate": 114.25,
            "research_to_sale_ratio": 7.95,
            "price_fair": 97.83,
            "eps_avg_yearly": 2.8,
            "eps_latest_yearly": 2.44,
            "eps_growth_yearly": 53.06
        },
        "20112": {
            "year_quarter": 20112,
            "year": 2011,
            "quarter": 2,
            "eps": 1.45,
            "eps_growth_year": 33.99,
            "eps_4q": 2.56,
            "eps_4q_growth_year": -11.54,
            "roe": 10.24,
            "roe_4q": 19.819999999999997,
            "gross_profit": 673475,
            "gross_margin": 67.47,
            "gross_margin_4q_avg": 63.6,
            "net_income": 301777,
            "net_income_4q": null,
            "revenue": 998208,
            "revenue_4q": null,
            "common_shares": 1398490,
            "book_valuer_per_share": 17.58,
            "book_valuer_per_share_4q_avg": 16.08,
            "equity": 3089831,
            "current_ratio": 135.62,
            "debt_ratio": 43.31,
            "inventory_turnover_ratio": 0.63,
            "account_receivable_turnover_ratio": 0.86,
            "reinvestment_rate": 118.95,
            "research_to_sale_ratio": 8.63,
            "price_fair": 104.3,
            "eps_avg_yearly": 2.98,
            "eps_latest_yearly": 5.8,
            "eps_growth_yearly": 83.86
        },
        "20113": {
            "year_quarter": 20113,
            "year": 2011,
            "quarter": 3,
            "eps": 0.73,
            "eps_growth_year": 43.99,
            "eps_4q": 2.88,
            "eps_4q_growth_year": 3.94,
            "roe": 4.82,
            "roe_4q": 20.99,
            "gross_profit": 604719,
            "gross_margin": 63.35,
            "gross_margin_4q_avg": 64.1,
            "net_income": 155395,
            "net_income_4q": null,
            "revenue": 954637,
            "revenue_4q": null,
            "common_shares": 1725736,
            "book_valuer_per_share": 15.42,
            "book_valuer_per_share_4q_avg": 16.16,
            "equity": 3352863,
            "current_ratio": 132.72,
            "debt_ratio": 42,
            "inventory_turnover_ratio": 0.67,
            "account_receivable_turnover_ratio": 0.75,
            "reinvestment_rate": 119.74,
            "research_to_sale_ratio": 9.12,
            "price_fair": 105.96,
            "eps_avg_yearly": 3.03,
            "eps_latest_yearly": 2.92,
            "eps_growth_yearly": 77.43
        },
        "20114": {
            "year_quarter": 20114,
            "year": 2011,
            "quarter": 4,
            "eps": 0.35,
            "eps_growth_year": 37.42,
            "eps_4q": 3.03,
            "eps_4q_growth_year": 15.93,
            "roe": 1.91,
            "roe_4q": 21.91,
            "gross_profit": 541413,
            "gross_margin": 56.86,
            "gross_margin_4q_avg": 62.06,
            "net_income": 64652,
            "net_income_4q": null,
            "revenue": 952156,
            "revenue_4q": null,
            "common_shares": 1725736,
            "book_valuer_per_share": 15.76,
            "book_valuer_per_share_4q_avg": 16.23,
            "equity": 3410610,
            "current_ratio": 122.86,
            "debt_ratio": 43.94,
            "inventory_turnover_ratio": 0.72,
            "account_receivable_turnover_ratio": 0.76,
            "reinvestment_rate": 119.52,
            "research_to_sale_ratio": 13.5,
            "price_fair": 98.96,
            "eps_avg_yearly": 2.83,
            "eps_latest_yearly": 1.4,
            "eps_growth_yearly": 36.17
        },
        "20121": {
            "year_quarter": 20121,
            "year": 2012,
            "quarter": 1,
            "eps": 0.76,
            "eps_growth_year": 24.59,
            "eps_4q": 3.29,
            "eps_4q_growth_year": 33.97,
            "roe": 5.39,
            "roe_4q": 22.36,
            "gross_profit": 643305,
            "gross_margin": 62.86,
            "gross_margin_4q_avg": 62.64,
            "net_income": 187972,
            "net_income_4q": null,
            "revenue": 1023402,
            "revenue_4q": null,
            "common_shares": 1725736,
            "book_valuer_per_share": 16.38,
            "book_valuer_per_share_4q_avg": 16.29,
            "equity": 3561162,
            "current_ratio": 125.7,
            "debt_ratio": 43.22,
            "inventory_turnover_ratio": 0.67,
            "account_receivable_turnover_ratio": 0.83,
            "reinvestment_rate": 124.61,
            "research_to_sale_ratio": 9.1,
            "price_fair": 98.96,
            "eps_avg_yearly": 2.83,
            "eps_latest_yearly": 3.04,
            "eps_growth_yearly": 73.94
        },
        "20122": {
            "year_quarter": 20122,
            "year": 2012,
            "quarter": 2,
            "eps": 1.26,
            "eps_growth_year": -13.12,
            "eps_4q": 2.74,
            "eps_4q_growth_year": 7.11,
            "roe": 8.1,
            "roe_4q": 20.22,
            "gross_profit": 757883,
            "gross_margin": 64.67,
            "gross_margin_4q_avg": 61.94,
            "net_income": 309179,
            "net_income_4q": null,
            "revenue": 1171889,
            "revenue_4q": null,
            "common_shares": 1725736,
            "book_valuer_per_share": 18.41,
            "book_valuer_per_share_4q_avg": 16.49,
            "equity": 4074919,
            "current_ratio": 145.15,
            "debt_ratio": 40.83,
            "inventory_turnover_ratio": 0.75,
            "account_receivable_turnover_ratio": 0.83,
            "reinvestment_rate": 113.48,
            "research_to_sale_ratio": 9.06,
            "price_fair": 103.43,
            "eps_avg_yearly": 2.96,
            "eps_latest_yearly": 5.04,
            "eps_growth_yearly": 90.71
        },
        "20123": {
            "year_quarter": 20123,
            "year": 2012,
            "quarter": 3,
            "eps": 0.03,
            "eps_growth_year": -96.39,
            "eps_4q": 2.18,
            "eps_4q_growth_year": -24.43,
            "roe": 0.76,
            "roe_4q": 16.16,
            "gross_profit": 520865,
            "gross_margin": 58.83,
            "gross_margin_4q_avg": 60.81,
            "net_income": 31700,
            "net_income_4q": null,
            "revenue": 885302,
            "revenue_4q": null,
            "common_shares": 2139913,
            "book_valuer_per_share": 15.72,
            "book_valuer_per_share_4q_avg": 16.57,
            "equity": 4283681,
            "current_ratio": 147.32,
            "debt_ratio": 38.86,
            "inventory_turnover_ratio": 0.66,
            "account_receivable_turnover_ratio": 0.63,
            "reinvestment_rate": 129.95,
            "research_to_sale_ratio": 9.49,
            "price_fair": 97.56,
            "eps_avg_yearly": 2.79,
            "eps_latest_yearly": 0.12,
            "eps_growth_yearly": 67.98
        },
        "20124": {
            "year_quarter": 20124,
            "year": 2012,
            "quarter": 4,
            "eps": 0.64,
            "eps_growth_year": 83.14,
            "eps_4q": 2.53,
            "eps_4q_growth_year": -16.23,
            "roe": 3.51,
            "roe_4q": 17.759999999999998,
            "gross_profit": 595230,
            "gross_margin": 63.63,
            "gross_margin_4q_avg": 62.5,
            "net_income": 153100,
            "net_income_4q": null,
            "revenue": 935429,
            "revenue_4q": null,
            "common_shares": 2139913,
            "book_valuer_per_share": 16.37,
            "book_valuer_per_share_4q_avg": 16.72,
            "equity": 4435785,
            "current_ratio": 150.22,
            "debt_ratio": 36.61,
            "inventory_turnover_ratio": 0.59,
            "account_receivable_turnover_ratio": 0.75,
            "reinvestment_rate": 122.79,
            "research_to_sale_ratio": 8.91,
            "price_fair": 97.91,
            "eps_avg_yearly": 2.8,
            "eps_latest_yearly": 2.56,
            "eps_growth_yearly": 579.88
        },
        "20131": {
            "year_quarter": 20131,
            "year": 2013,
            "quarter": 1,
            "eps": 2.39,
            "eps_growth_year": 214.47,
            "eps_4q": 4.31,
            "eps_4q_growth_year": 31.08,
            "roe": 12.01,
            "roe_4q": 24.380000000000003,
            "gross_profit": 565109,
            "gross_margin": 63.97,
            "gross_margin_4q_avg": 62.78,
            "net_income": 536374,
            "net_income_4q": null,
            "revenue": 883425,
            "revenue_4q": null,
            "common_shares": 2139913,
            "book_valuer_per_share": 18.85,
            "book_valuer_per_share_4q_avg": 17.34,
            "equity": 4493188,
            "current_ratio": 157.88,
            "debt_ratio": 35.77,
            "inventory_turnover_ratio": 0.64,
            "account_receivable_turnover_ratio": 0.85,
            "reinvestment_rate": 110.92,
            "research_to_sale_ratio": 11.03,
            "price_fair": 114.1,
            "eps_avg_yearly": 3.26,
            "eps_latest_yearly": 9.56,
            "eps_growth_yearly": 650.74
        },
        "20132": {
            "year_quarter": 20132,
            "year": 2013,
            "quarter": 2,
            "eps": 0.24,
            "eps_growth_year": -80.89,
            "eps_4q": 3.05,
            "eps_4q_growth_year": 11.01,
            "roe": 1.64,
            "roe_4q": 17.92,
            "gross_profit": 485362,
            "gross_margin": 65.79,
            "gross_margin_4q_avg": 63.06,
            "net_income": 71686,
            "net_income_4q": null,
            "revenue": 737786,
            "revenue_4q": null,
            "common_shares": 2139913,
            "book_valuer_per_share": 17.74,
            "book_valuer_per_share_4q_avg": 17.17,
            "equity": 4230838,
            "current_ratio": 141.39,
            "debt_ratio": 36.7,
            "inventory_turnover_ratio": 0.57,
            "account_receivable_turnover_ratio": 0.81,
            "reinvestment_rate": 114.11,
            "research_to_sale_ratio": 11.13,
            "price_fair": 107.45,
            "eps_avg_yearly": 3.07,
            "eps_latest_yearly": 0.96,
            "eps_growth_yearly": 606.95
        },
        "20133": {
            "year_quarter": 20133,
            "year": 2013,
            "quarter": 3,
            "eps": -0.03,
            "eps_growth_year": -213.22,
            "eps_4q": 3,
            "eps_4q_growth_year": 37.56,
            "roe": 0.12,
            "roe_4q": 17.28,
            "gross_profit": 478459,
            "gross_margin": 67.87,
            "gross_margin_4q_avg": 65.32,
            "net_income": 5227,
            "net_income_4q": null,
            "revenue": 705006,
            "revenue_4q": null,
            "common_shares": 2330365,
            "book_valuer_per_share": 16.27,
            "book_valuer_per_share_4q_avg": 17.31,
            "equity": 4237641,
            "current_ratio": 137.88,
            "debt_ratio": 36.25,
            "inventory_turnover_ratio": 0.44,
            "account_receivable_turnover_ratio": 0.83,
            "reinvestment_rate": 115.97,
            "research_to_sale_ratio": 13.04,
            "price_fair": 108.17,
            "eps_avg_yearly": 3.09,
            "eps_latest_yearly": 0.96,
            "eps_growth_yearly": 655.68
        },
        "20134": {
            "year_quarter": 20134,
            "year": 2013,
            "quarter": 4,
            "eps": 0.11,
            "eps_growth_year": -83.04,
            "eps_4q": 2.52,
            "eps_4q_growth_year": -0.53,
            "roe": 0.73,
            "roe_4q": 14.5,
            "gross_profit": 520281,
            "gross_margin": 66.37,
            "gross_margin_4q_avg": 66,
            "net_income": 31243,
            "net_income_4q": null,
            "revenue": 783875,
            "revenue_4q": null,
            "common_shares": 2330365,
            "book_valuer_per_share": 16.64,
            "book_valuer_per_share_4q_avg": 17.38,
            "equity": 4327717,
            "current_ratio": 121.34,
            "debt_ratio": 37.55,
            "inventory_turnover_ratio": 0.48,
            "account_receivable_turnover_ratio": 1.01,
            "reinvestment_rate": 130.93,
            "research_to_sale_ratio": 14.33,
            "price_fair": 111.4,
            "eps_avg_yearly": 3.18,
            "eps_latest_yearly": 0.96,
            "eps_growth_yearly": 712.46
        },
        "20141": {
            "year_quarter": 20141,
            "year": 2014,
            "quarter": 1,
            "eps": 0.21,
            "eps_growth_year": -91.21,
            "eps_4q": 0.53,
            "eps_4q_growth_year": -87.64,
            "roe": 1.4,
            "roe_4q": 3.8899999999999997,
            "gross_profit": 491443,
            "gross_margin": 67.3,
            "gross_margin_4q_avg": 66.83,
            "net_income": 61095,
            "net_income_4q": null,
            "revenue": 730192,
            "revenue_4q": null,
            "common_shares": 2330365,
            "book_valuer_per_share": 16.85,
            "book_valuer_per_share_4q_avg": 16.88,
            "equity": 4389521,
            "current_ratio": 116.3,
            "debt_ratio": 37.16,
            "inventory_turnover_ratio": 0.44,
            "account_receivable_turnover_ratio": 0.96,
            "reinvestment_rate": 138.87,
            "research_to_sale_ratio": 14.14,
            "price_fair": 105.1,
            "eps_avg_yearly": 3,
            "eps_latest_yearly": 0.84,
            "eps_growth_yearly": 713.67
        },
        "20142": {
            "year_quarter": 20142,
            "year": 2014,
            "quarter": 2,
            "eps": 0.11,
            "eps_growth_year": -54.17,
            "eps_4q": 0.38,
            "eps_4q_growth_year": -87.58,
            "roe": 0.93,
            "roe_4q": 3.18,
            "gross_profit": 467700,
            "gross_margin": 60.28,
            "gross_margin_4q_avg": 65.46,
            "net_income": 38372,
            "net_income_4q": null,
            "revenue": 775888,
            "revenue_4q": null,
            "common_shares": 2330365,
            "book_valuer_per_share": 14.91,
            "book_valuer_per_share_4q_avg": 16.17,
            "equity": 3903515,
            "current_ratio": 91.43,
            "debt_ratio": 45.07,
            "inventory_turnover_ratio": 0.59,
            "account_receivable_turnover_ratio": 1.02,
            "reinvestment_rate": 157.22,
            "research_to_sale_ratio": 11.87,
            "price_fair": 95.4,
            "eps_avg_yearly": 2.73,
            "eps_latest_yearly": 0.44,
            "eps_growth_yearly": 691.9
        },
        "20143": {
            "year_quarter": 20143,
            "year": 2014,
            "quarter": 3,
            "eps": 0.39,
            "eps_growth_year": null,
            "eps_4q": 0.79,
            "eps_4q_growth_year": -73.73,
            "roe": 2.52,
            "roe_4q": 5.58,
            "gross_profit": 422980,
            "gross_margin": 61.65,
            "gross_margin_4q_avg": 63.9,
            "net_income": 99911,
            "net_income_4q": null,
            "revenue": 686080,
            "revenue_4q": null,
            "common_shares": 2486499,
            "book_valuer_per_share": 14.47,
            "book_valuer_per_share_4q_avg": 15.72,
            "equity": 4031333,
            "current_ratio": 88,
            "debt_ratio": 43.26,
            "inventory_turnover_ratio": 0.57,
            "account_receivable_turnover_ratio": 0.91,
            "reinvestment_rate": 164.01,
            "research_to_sale_ratio": 12.61,
            "price_fair": 94.2,
            "eps_avg_yearly": 2.69,
            "eps_latest_yearly": 1.56,
            "eps_growth_yearly": 779.71
        },
        "20144": {
            "year_quarter": 20144,
            "year": 2014,
            "quarter": 4,
            "eps": 2.45,
            "eps_growth_year": 2171.14,
            "eps_4q": 3.14,
            "eps_4q_growth_year": 24.39,
            "roe": 14.14,
            "roe_4q": 18.99,
            "gross_profit": 516813,
            "gross_margin": 65.61,
            "gross_margin_4q_avg": 63.71,
            "net_income": 612317,
            "net_income_4q": null,
            "revenue": 787742,
            "revenue_4q": null,
            "common_shares": 2486500,
            "book_valuer_per_share": 16.87,
            "book_valuer_per_share_4q_avg": 15.78,
            "equity": 4632440,
            "current_ratio": 106.44,
            "debt_ratio": 37.18,
            "inventory_turnover_ratio": 0.59,
            "account_receivable_turnover_ratio": 1.08,
            "reinvestment_rate": 107.24,
            "research_to_sale_ratio": 11.11,
            "price_fair": 116.2,
            "eps_avg_yearly": 3.32,
            "eps_latest_yearly": 9.8,
            "eps_growth_yearly": 945.19
        },
        "20151": {
            "year_quarter": 20151,
            "year": 2015,
            "quarter": 1,
            "eps": 0.4,
            "eps_growth_year": 90.48,
            "eps_4q": 3.33,
            "eps_4q_growth_year": 525.28,
            "roe": 2.21,
            "roe_4q": 19.8,
            "gross_profit": 473143,
            "gross_margin": 65.79,
            "gross_margin_4q_avg": 63.33,
            "net_income": 103695,
            "net_income_4q": null,
            "revenue": 719133,
            "revenue_4q": null,
            "common_shares": 2486500,
            "book_valuer_per_share": 17.28,
            "book_valuer_per_share_4q_avg": 15.88,
            "equity": 4739807,
            "current_ratio": 112.42,
            "debt_ratio": 36.07,
            "inventory_turnover_ratio": 0.52,
            "account_receivable_turnover_ratio": 0.98,
            "reinvestment_rate": 86.71,
            "research_to_sale_ratio": 14.39,
            "price_fair": 114.1,
            "eps_avg_yearly": 3.26,
            "eps_latest_yearly": 1.6,
            "eps_growth_yearly": 880.14
        },
        "20152": {
            "year_quarter": 20152,
            "year": 2015,
            "quarter": 2,
            "eps": 0.73,
            "eps_growth_year": 563.64,
            "eps_4q": 3.97,
            "eps_4q_growth_year": 948.62,
            "roe": 4.3,
            "roe_4q": 23.169999999999998,
            "gross_profit": 487840,
            "gross_margin": 66.24,
            "gross_margin_4q_avg": 64.82,
            "net_income": 193690,
            "net_income_4q": null,
            "revenue": 736521,
            "revenue_4q": null,
            "common_shares": 2486500,
            "book_valuer_per_share": 15.46,
            "book_valuer_per_share_4q_avg": 16.02,
            "equity": 4261804,
            "current_ratio": 109.76,
            "debt_ratio": 43.34,
            "inventory_turnover_ratio": 0.54,
            "account_receivable_turnover_ratio": 1.01,
            "reinvestment_rate": 54.31,
            "research_to_sale_ratio": 9.53,
            "price_fair": 106.9,
            "eps_avg_yearly": 3.05,
            "eps_latest_yearly": 2.92,
            "eps_growth_yearly": 864.37
        },
        "20153": {
            "year_quarter": 20153,
            "year": 2015,
            "quarter": 3,
            "eps": 0.97,
            "eps_growth_year": 148.72,
            "eps_4q": 4.56,
            "eps_4q_growth_year": 478.52,
            "roe": 5.5,
            "roe_4q": 26.150000000000002,
            "gross_profit": 590334,
            "gross_margin": 72.48,
            "gross_margin_4q_avg": 67.53,
            "net_income": 248002,
            "net_income_4q": null,
            "revenue": 814428,
            "revenue_4q": null,
            "common_shares": 2486500,
            "book_valuer_per_share": 17.15,
            "book_valuer_per_share_4q_avg": 16.69,
            "equity": 4757146,
            "current_ratio": 124.14,
            "debt_ratio": 39.71,
            "inventory_turnover_ratio": 0.48,
            "account_receivable_turnover_ratio": 1.04,
            "reinvestment_rate": 54.39,
            "research_to_sale_ratio": 8.17,
            "price_fair": 109.3,
            "eps_avg_yearly": 3.12,
            "eps_latest_yearly": 3.88,
            "eps_growth_yearly": 887.95
        },
        "20154": {
            "year_quarter": 20154,
            "year": 2015,
            "quarter": 4,
            "eps": 2.76,
            "eps_growth_year": 12.87,
            "eps_4q": 4.87,
            "eps_4q_growth_year": 55.33,
            "roe": 13.42,
            "roe_4q": 25.430000000000003,
            "gross_profit": 631827,
            "gross_margin": 68.3,
            "gross_margin_4q_avg": 68.2,
            "net_income": 701205,
            "net_income_4q": null,
            "revenue": 925136,
            "revenue_4q": null,
            "common_shares": 2486500,
            "book_valuer_per_share": 20.52,
            "book_valuer_per_share_4q_avg": 17.6,
            "equity": 5694950,
            "current_ratio": 207.89,
            "debt_ratio": 35.32,
            "inventory_turnover_ratio": 0.58,
            "account_receivable_turnover_ratio": 1,
            "reinvestment_rate": 33.46,
            "research_to_sale_ratio": 10.82,
            "price_fair": 133.4,
            "eps_avg_yearly": 3.81,
            "eps_latest_yearly": 11.04,
            "eps_growth_yearly": 955.54
        },
        "20161": {
            "year_quarter": 20161,
            "year": 2016,
            "quarter": 1,
            "eps": 1.13,
            "eps_growth_year": 182.5,
            "eps_4q": 5.6,
            "eps_4q_growth_year": 68.08,
            "roe": 5.27,
            "roe_4q": 28.49,
            "gross_profit": 637872,
            "gross_margin": 69.9,
            "gross_margin_4q_avg": 69.23,
            "net_income": 305191,
            "net_income_4q": null,
            "revenue": 912604,
            "revenue_4q": null,
            "common_shares": 2486500,
            "book_valuer_per_share": 21.34,
            "book_valuer_per_share_4q_avg": 18.62,
            "equity": 5877439,
            "current_ratio": 196.3,
            "debt_ratio": 31.43,
            "inventory_turnover_ratio": 0.51,
            "account_receivable_turnover_ratio": 1.01,
            "reinvestment_rate": 23.57,
            "research_to_sale_ratio": 8.76,
            "price_fair": 137.1,
            "eps_avg_yearly": 3.92,
            "eps_latest_yearly": 4.52,
            "eps_growth_yearly": 905.2
        },
        "20162": {
            "year_quarter": 20162,
            "year": 2016,
            "quarter": 2,
            "eps": 1.43,
            "eps_growth_year": 95.89,
            "eps_4q": 6.3,
            "eps_4q_growth_year": 58.75,
            "roe": 6.9,
            "roe_4q": 31.09,
            "gross_profit": 659904,
            "gross_margin": 68.74,
            "gross_margin_4q_avg": 69.86,
            "net_income": 387498,
            "net_income_4q": null,
            "revenue": 959981,
            "revenue_4q": null,
            "common_shares": 2486500,
            "book_valuer_per_share": 19.23,
            "book_valuer_per_share_4q_avg": 19.56,
            "equity": 5348424,
            "current_ratio": 159.61,
            "debt_ratio": 40.52,
            "inventory_turnover_ratio": 0.57,
            "account_receivable_turnover_ratio": 1.17,
            "reinvestment_rate": 22.95,
            "research_to_sale_ratio": 9.46,
            "price_fair": 138.8,
            "eps_avg_yearly": 3.97,
            "eps_latest_yearly": 5.72,
            "eps_growth_yearly": 893.99
        },
        "20163": {
            "year_quarter": 20163,
            "year": 2016,
            "quarter": 3,
            "eps": 0.85,
            "eps_growth_year": -12.37,
            "eps_4q": 6.18,
            "eps_4q_growth_year": 35.59,
            "roe": 3.92,
            "roe_4q": 29.509999999999998,
            "gross_profit": 650621,
            "gross_margin": 69.54,
            "gross_margin_4q_avg": 69.12,
            "net_income": 213720,
            "net_income_4q": null,
            "revenue": 935583,
            "revenue_4q": null,
            "common_shares": 2486500,
            "book_valuer_per_share": 20.08,
            "book_valuer_per_share_4q_avg": 20.29,
            "equity": 5549326,
            "current_ratio": 160.53,
            "debt_ratio": 37.98,
            "inventory_turnover_ratio": 0.51,
            "account_receivable_turnover_ratio": 1.12,
            "reinvestment_rate": 16.87,
            "research_to_sale_ratio": 8.94,
            "price_fair": 147,
            "eps_avg_yearly": 4.2,
            "eps_latest_yearly": 3.4,
            "eps_growth_yearly": 910.29
        },
        "20164": {
            "year_quarter": 20164,
            "year": 2016,
            "quarter": 4,
            "eps": 1.39,
            "eps_growth_year": -49.8,
            "eps_4q": 4.8,
            "eps_4q_growth_year": -1.46,
            "roe": 6.03,
            "roe_4q": 22.12,
            "gross_profit": 610823,
            "gross_margin": 64.13,
            "gross_margin_4q_avg": 68.08,
            "net_income": 348315,
            "net_income_4q": null,
            "revenue": 952549,
            "revenue_4q": null,
            "common_shares": 2486500,
            "book_valuer_per_share": 21.63,
            "book_valuer_per_share_4q_avg": 20.57,
            "equity": 6010312,
            "current_ratio": 204.69,
            "debt_ratio": 35.31,
            "inventory_turnover_ratio": 0.58,
            "account_receivable_turnover_ratio": 1.13,
            "reinvestment_rate": 30.77,
            "research_to_sale_ratio": 9.17,
            "price_fair": 154.5,
            "eps_avg_yearly": 4.41,
            "eps_latest_yearly": 5.56,
            "eps_growth_yearly": 347.49
        },
        "20171": {
            "year_quarter": 20171,
            "year": 2017,
            "quarter": 1,
            "eps": 0.89,
            "eps_growth_year": -21.24,
            "eps_4q": 4.56,
            "eps_4q_growth_year": -18.61,
            "roe": 3.73,
            "roe_4q": 20.58,
            "gross_profit": 646092,
            "gross_margin": 68.27,
            "gross_margin_4q_avg": 67.67,
            "net_income": 226350,
            "net_income_4q": null,
            "revenue": 946406,
            "revenue_4q": null,
            "common_shares": 2486500,
            "book_valuer_per_share": 22.07,
            "book_valuer_per_share_4q_avg": 20.75,
            "equity": 6117315,
            "current_ratio": 222.65,
            "debt_ratio": 33.49,
            "inventory_turnover_ratio": 0.52,
            "account_receivable_turnover_ratio": 1.15,
            "reinvestment_rate": 22.94,
            "research_to_sale_ratio": 8.24,
            "price_fair": 139.5,
            "eps_avg_yearly": 3.99,
            "eps_latest_yearly": 3.56,
            "eps_growth_yearly": 259.09
        },
        "20172": {
            "year_quarter": 20172,
            "year": 2017,
            "quarter": 2,
            "eps": 0.98,
            "eps_growth_year": -31.47,
            "eps_4q": 4.11,
            "eps_4q_growth_year": -34.68,
            "roe": 4.42,
            "roe_4q": 18.1,
            "gross_profit": 621194,
            "gross_margin": 66.78,
            "gross_margin_4q_avg": 67.18,
            "net_income": 251924,
            "net_income_4q": null,
            "revenue": 930162,
            "revenue_4q": null,
            "common_shares": 2486500,
            "book_valuer_per_share": 19.06,
            "book_valuer_per_share_4q_avg": 20.71,
            "equity": 5282647,
            "current_ratio": 161.86,
            "debt_ratio": 43.39,
            "inventory_turnover_ratio": 0.52,
            "account_receivable_turnover_ratio": 1.14,
            "reinvestment_rate": 17.14,
            "research_to_sale_ratio": 7.7,
            "price_fair": 146.9,
            "eps_avg_yearly": 4.2,
            "eps_latest_yearly": 3.92,
            "eps_growth_yearly": 287.68
        },
        "20173": {
            "year_quarter": 20173,
            "year": 2017,
            "quarter": 3,
            "eps": 1.12,
            "eps_growth_year": 31.76,
            "eps_4q": 4.38,
            "eps_4q_growth_year": -29.16,
            "roe": 5.25,
            "roe_4q": 19.43,
            "gross_profit": 719151,
            "gross_margin": 68.82,
            "gross_margin_4q_avg": 67,
            "net_income": 285005,
            "net_income_4q": null,
            "revenue": 1044967,
            "revenue_4q": null,
            "common_shares": 2486500,
            "book_valuer_per_share": 19.87,
            "book_valuer_per_share_4q_avg": 20.66,
            "equity": 5573444,
            "current_ratio": 186.96,
            "debt_ratio": 41.13,
            "inventory_turnover_ratio": 0.5,
            "account_receivable_turnover_ratio": 1.21,
            "reinvestment_rate": 13.06,
            "research_to_sale_ratio": 8.11,
            "price_fair": 147.56,
            "eps_avg_yearly": 4.22,
            "eps_latest_yearly": 4.48,
            "eps_growth_yearly": 272.31
        },
        "20174": {
            "year_quarter": 20174,
            "year": 2017,
            "quarter": 4,
            "eps": 2.42,
            "eps_growth_year": 74.44,
            "eps_4q": 5.41,
            "eps_4q_growth_year": 12.69,
            "roe": 10.36,
            "roe_4q": 23.76,
            "gross_profit": 682408,
            "gross_margin": 58.97,
            "gross_margin_4q_avg": 65.71,
            "net_income": 605035,
            "net_income_4q": null,
            "revenue": 1157225,
            "revenue_4q": null,
            "common_shares": 2486500,
            "book_valuer_per_share": 22.11,
            "book_valuer_per_share_4q_avg": 20.78,
            "equity": 6111637,
            "current_ratio": 179.55,
            "debt_ratio": 35.71,
            "inventory_turnover_ratio": 0.67,
            "account_receivable_turnover_ratio": 1.23,
            "reinvestment_rate": 5.31,
            "research_to_sale_ratio": 5.3,
            "price_fair": 159.51,
            "eps_avg_yearly": 4.56,
            "eps_latest_yearly": 9.68,
            "eps_growth_yearly": 284.31
        },
        "20181": {
            "year_quarter": 20181,
            "year": 2018,
            "quarter": 1,
            "eps": 1.03,
            "eps_growth_year": 15.73,
            "eps_4q": 5.55,
            "eps_4q_growth_year": 21.66,
            "roe": 4.27,
            "roe_4q": 24.299999999999997,
            "gross_profit": 697990,
            "gross_margin": 67.09,
            "gross_margin_4q_avg": 65.42,
            "net_income": 267664,
            "net_income_4q": null,
            "revenue": 1040455,
            "revenue_4q": null,
            "common_shares": 2486500,
            "book_valuer_per_share": 23.24,
            "book_valuer_per_share_4q_avg": 21.07,
            "equity": 6432491,
            "current_ratio": 214.37,
            "debt_ratio": 30.28,
            "inventory_turnover_ratio": 0.52,
            "account_receivable_turnover_ratio": 1.12,
            "reinvestment_rate": -4.51,
            "research_to_sale_ratio": 7.34,
            "price_fair": 166.69,
            "eps_avg_yearly": 4.76,
            "eps_latest_yearly": 4.12,
            "eps_growth_yearly": 247.22
        },
        "20182": {
            "year_quarter": 20182,
            "year": 2018,
            "quarter": 2,
            "eps": 1.99,
            "eps_growth_year": 103.06,
            "eps_4q": 6.56,
            "eps_4q_growth_year": 59.5,
            "roe": 8.02,
            "roe_4q": 27.9,
            "gross_profit": 646971,
            "gross_margin": 64.87,
            "gross_margin_4q_avg": 64.94,
            "net_income": 489118,
            "net_income_4q": null,
            "revenue": 997362,
            "revenue_4q": null,
            "common_shares": 2486500,
            "book_valuer_per_share": 20.8,
            "book_valuer_per_share_4q_avg": 21.51,
            "equity": 5769827,
            "current_ratio": 180.69,
            "debt_ratio": 38.89,
            "inventory_turnover_ratio": 0.52,
            "account_receivable_turnover_ratio": 1.11,
            "reinvestment_rate": -9.58,
            "research_to_sale_ratio": 10.93,
            "price_fair": 183.14,
            "eps_avg_yearly": 5.23,
            "eps_latest_yearly": 7.96,
            "eps_growth_yearly": 282.43
        },
        "20183": {
            "year_quarter": 20183,
            "year": 2018,
            "quarter": 3,
            "eps": 1.38,
            "eps_growth_year": 23.21,
            "eps_4q": 6.82,
            "eps_4q_growth_year": 55.91,
            "roe": 5.77,
            "roe_4q": 28.419999999999998,
            "gross_profit": 599102,
            "gross_margin": 66.07,
            "gross_margin_4q_avg": 64.25,
            "net_income": 341930,
            "net_income_4q": null,
            "revenue": 906793,
            "revenue_4q": null,
            "common_shares": 2486500,
            "book_valuer_per_share": 22.06,
            "book_valuer_per_share_4q_avg": 22.05,
            "equity": 6077366,
            "current_ratio": 211.99,
            "debt_ratio": 32.11,
            "inventory_turnover_ratio": 0.43,
            "account_receivable_turnover_ratio": 0.98,
            "reinvestment_rate": -12.6,
            "research_to_sale_ratio": 9.41,
            "price_fair": 191.8,
            "eps_avg_yearly": 5.48,
            "eps_latest_yearly": 5.52,
            "eps_growth_yearly": 211.13
        },
        "20184": {
            "year_quarter": 20184,
            "year": 2018,
            "quarter": 4,
            "eps": 1.48,
            "eps_growth_year": -39.01,
            "eps_4q": 5.88,
            "eps_4q_growth_year": 8.67,
            "roe": 5.83,
            "roe_4q": 23.889999999999997,
            "gross_profit": 719816,
            "gross_margin": 65.94,
            "gross_margin_4q_avg": 65.99,
            "net_income": 363587,
            "net_income_4q": null,
            "revenue": 1091586,
            "revenue_4q": null,
            "common_shares": 2486500,
            "book_valuer_per_share": 23.34,
            "book_valuer_per_share_4q_avg": 22.36,
            "equity": 6391625,
            "current_ratio": 236.05,
            "debt_ratio": 29.4,
            "inventory_turnover_ratio": 0.5,
            "account_receivable_turnover_ratio": 1.2,
            "reinvestment_rate": -14.63,
            "research_to_sale_ratio": 8.28,
            "price_fair": 183.31,
            "eps_avg_yearly": 5.24,
            "eps_latest_yearly": 5.92,
            "eps_growth_yearly": 80.89
        },
        "20191": {
            "year_quarter": 20191,
            "year": 2019,
            "quarter": 1,
            "eps": 1.18,
            "eps_growth_year": 14.56,
            "eps_4q": 6.03,
            "eps_4q_growth_year": 8.68,
            "roe": 4.59,
            "roe_4q": 24.209999999999997,
            "gross_profit": 739400,
            "gross_margin": 66.34,
            "gross_margin_4q_avg": 65.81,
            "net_income": 301379,
            "net_income_4q": null,
            "revenue": 1114608,
            "revenue_4q": null,
            "common_shares": 2486500,
            "book_valuer_per_share": 24.62,
            "book_valuer_per_share_4q_avg": 22.71,
            "equity": 6729151,
            "current_ratio": 272.85,
            "debt_ratio": 26.35,
            "inventory_turnover_ratio": 0.52,
            "account_receivable_turnover_ratio": 1.18,
            "reinvestment_rate": -14.02,
            "research_to_sale_ratio": 6.59,
            "price_fair": 190.14,
            "eps_avg_yearly": 5.43,
            "eps_latest_yearly": 4.72,
            "eps_growth_yearly": 96.74
        },
        "20192": {
            "year_quarter": 20192,
            "year": 2019,
            "quarter": 2,
            "eps": 1.04,
            "eps_growth_year": -47.74,
            "eps_4q": 5.08,
            "eps_4q_growth_year": -22.56,
            "roe": 4.13,
            "roe_4q": 20.32,
            "gross_profit": 698639,
            "gross_margin": 64.04,
            "gross_margin_4q_avg": 65.6,
            "net_income": 259259,
            "net_income_4q": null,
            "revenue": 1090917,
            "revenue_4q": null,
            "common_shares": 2486500,
            "book_valuer_per_share": 21.17,
            "book_valuer_per_share_4q_avg": 22.8,
            "equity": 5833874,
            "current_ratio": 158.51,
            "debt_ratio": 36.47,
            "inventory_turnover_ratio": 0.54,
            "account_receivable_turnover_ratio": 1.03,
            "reinvestment_rate": -4.68,
            "research_to_sale_ratio": 6.87,
            "price_fair": 192.85,
            "eps_avg_yearly": 5.51,
            "eps_latest_yearly": 4.16,
            "eps_growth_yearly": 73.15
        },
        "20193": {
            "year_quarter": 20193,
            "year": 2019,
            "quarter": 3,
            "eps": 1.27,
            "eps_growth_year": -7.97,
            "eps_4q": 4.97,
            "eps_4q_growth_year": -27.12,
            "roe": 5.53,
            "roe_4q": 20.08,
            "gross_profit": 756630,
            "gross_margin": 65.8,
            "gross_margin_4q_avg": 65.53,
            "net_income": 330801,
            "net_income_4q": null,
            "revenue": 1149819,
            "revenue_4q": null,
            "common_shares": 2486500,
            "book_valuer_per_share": 22.35,
            "book_valuer_per_share_4q_avg": 22.87,
            "equity": 6135780,
            "current_ratio": 159.05,
            "debt_ratio": 35.55,
            "inventory_turnover_ratio": 0.53,
            "account_receivable_turnover_ratio": 1.02,
            "reinvestment_rate": -4.14,
            "research_to_sale_ratio": 7.1,
            "price_fair": 195.48,
            "eps_avg_yearly": 5.59,
            "eps_latest_yearly": 5.08,
            "eps_growth_yearly": 70.46
        },
        "20194": {
            "year_quarter": 20194,
            "year": 2019,
            "quarter": 4,
            "eps": 0.13,
            "eps_growth_year": -91.52,
            "eps_4q": 3.62,
            "eps_4q_growth_year": -38.41,
            "roe": 0.26,
            "roe_4q": 14.51,
            "gross_profit": 712572,
            "gross_margin": 64.14,
            "gross_margin_4q_avg": 65.08,
            "net_income": 16267,
            "net_income_4q": null,
            "revenue": 1110964,
            "revenue_4q": null,
            "common_shares": 2486500,
            "book_valuer_per_share": 22.4,
            "book_valuer_per_share_4q_avg": 22.64,
            "equity": 6169064,
            "current_ratio": 164.42,
            "debt_ratio": 35.42,
            "inventory_turnover_ratio": 0.5,
            "account_receivable_turnover_ratio": 1.04,
            "reinvestment_rate": -4.71,
            "research_to_sale_ratio": 6.17,
            "price_fair": 58.56,
            "eps_avg_yearly": 4.93,
            "eps_latest_yearly": 0.52,
            "eps_growth_yearly": 1.88
        },
        "20201": {
            "year_quarter": 20201,
            "year": 2020,
            "quarter": 1,
            "eps": 1.02,
            "eps_growth_year": -13.56,
            "eps_4q": 3.46,
            "eps_4q_growth_year": -42.65,
            "roe": 4.16,
            "roe_4q": 14.079999999999998,
            "gross_profit": 706999,
            "gross_margin": 64.66,
            "gross_margin_4q_avg": 64.66,
            "net_income": 259241,
            "net_income_4q": null,
            "revenue": 1093467,
            "revenue_4q": null,
            "common_shares": 2486500,
            "book_valuer_per_share": 23.02,
            "book_valuer_per_share_4q_avg": 22.24,
            "equity": 6286934,
            "current_ratio": 176.62,
            "debt_ratio": 33.98,
            "inventory_turnover_ratio": 0.46,
            "account_receivable_turnover_ratio": 1.08,
            "reinvestment_rate": -2.49,
            "research_to_sale_ratio": 6.88,
            "price_fair": 171.5,
            "eps_avg_yearly": 4.9,
            "eps_latest_yearly": 4.08,
            "eps_growth_yearly": 187.8
        },
        "20202": {
            "year_quarter": 20202,
            "year": 2020,
            "quarter": 2,
            "eps": 0.75,
            "eps_growth_year": -27.88,
            "eps_4q": 3.16,
            "eps_4q_growth_year": -37.72,
            "roe": 3.09,
            "roe_4q": 13.04,
            "gross_profit": 569831,
            "gross_margin": 63.24,
            "gross_margin_4q_avg": 64.46,
            "net_income": 182915,
            "net_income_4q": null,
            "revenue": 901099,
            "revenue_4q": null,
            "common_shares": 2486500,
            "book_valuer_per_share": 20.07,
            "book_valuer_per_share_4q_avg": 21.96,
            "equity": 5569356,
            "current_ratio": 141.18,
            "debt_ratio": 40.37,
            "inventory_turnover_ratio": 0.35,
            "account_receivable_turnover_ratio": 0.95,
            "reinvestment_rate": 0.86,
            "research_to_sale_ratio": 7.73,
            "price_fair": 165.55,
            "eps_avg_yearly": 4.73,
            "eps_latest_yearly": 3,
            "eps_growth_yearly": 174.55
        },
        "20203": {
            "year_quarter": 20203,
            "year": 2020,
            "quarter": 3,
            "eps": 0.89,
            "eps_growth_year": -29.92,
            "eps_4q": 2.79,
            "eps_4q_growth_year": -43.96,
            "roe": 4.64,
            "roe_4q": 12.15,
            "gross_profit": 650012,
            "gross_margin": 63.45,
            "gross_margin_4q_avg": 63.87,
            "net_income": 263528,
            "net_income_4q": null,
            "revenue": 1024439,
            "revenue_4q": null,
            "common_shares": 2486500,
            "book_valuer_per_share": 20.82,
            "book_valuer_per_share_4q_avg": 21.58,
            "equity": 5791500,
            "current_ratio": 173.28,
            "debt_ratio": 37.8,
            "inventory_turnover_ratio": 0.33,
            "account_receivable_turnover_ratio": 1.21,
            "reinvestment_rate": 2.44,
            "research_to_sale_ratio": 5.92,
            "price_fair": 165.9,
            "eps_avg_yearly": 4.74,
            "eps_latest_yearly": 3.56,
            "eps_growth_yearly": 189.35
        },
        "20204": {
            "year_quarter": 20204,
            "year": 2020,
            "quarter": 4,
            "eps": 1.06,
            "eps_growth_year": 743.52,
            "eps_4q": 3.72,
            "eps_4q_growth_year": 2.68,
            "roe": 4.6,
            "roe_4q": 16.49,
            "gross_profit": 677932,
            "gross_margin": 56.36,
            "gross_margin_4q_avg": 61.93,
            "net_income": 272993,
            "net_income_4q": null,
            "revenue": 1202831,
            "revenue_4q": null,
            "common_shares": 2486500,
            "book_valuer_per_share": 21.92,
            "book_valuer_per_share_4q_avg": 21.46,
            "equity": 6078068,
            "current_ratio": 188.28,
            "debt_ratio": 35.07,
            "inventory_turnover_ratio": 0.46,
            "account_receivable_turnover_ratio": 1.28,
            "reinvestment_rate": -7.04,
            "research_to_sale_ratio": 4.66,
            "price_fair": 163.01,
            "eps_avg_yearly": 4.66,
            "eps_latest_yearly": 4.24,
            "eps_growth_yearly": 178.25
        },
        "20211": {
            "year_quarter": 20211,
            "year": 2021,
            "quarter": 1,
            "eps": 0.82,
            "eps_growth_year": -19.61,
            "eps_4q": 3.51,
            "eps_4q_growth_year": 1.61,
            "roe": 3.27,
            "roe_4q": 15.599999999999998,
            "gross_profit": 608692,
            "gross_margin": 63.14,
            "gross_margin_4q_avg": 61.55,
            "net_income": 201850,
            "net_income_4q": null,
            "revenue": 964056,
            "revenue_4q": null,
            "common_shares": 2486500,
            "book_valuer_per_share": 22.63,
            "book_valuer_per_share_4q_avg": 21.36,
            "equity": 6273120,
            "current_ratio": 198.51,
            "debt_ratio": 34.03,
            "inventory_turnover_ratio": 0.33,
            "account_receivable_turnover_ratio": 0.98,
            "reinvestment_rate": -5.56,
            "research_to_sale_ratio": 6.96,
            "price_fair": 162.4,
            "eps_avg_yearly": 4.64,
            "eps_latest_yearly": 3.28,
            "eps_growth_yearly": 181.58
        },
        "20212": {
            "year_quarter": 20212,
            "year": 2021,
            "quarter": 2,
            "eps": 0.13,
            "eps_growth_year": -82.67,
            "eps_4q": 2.9,
            "eps_4q_growth_year": -8.45,
            "roe": 0.46,
            "roe_4q": 12.969999999999999,
            "gross_profit": 648264,
            "gross_margin": 62.14,
            "gross_margin_4q_avg": 61.27,
            "net_income": 29030,
            "net_income_4q": null,
            "revenue": 1043174,
            "revenue_4q": null,
            "common_shares": 2486500,
            "book_valuer_per_share": 22.59,
            "book_valuer_per_share_4q_avg": 21.99,
            "equity": 6234808,
            "current_ratio": 206.95,
            "debt_ratio": 34.53,
            "inventory_turnover_ratio": 0.37,
            "account_receivable_turnover_ratio": 1.11,
            "reinvestment_rate": -2.35,
            "research_to_sale_ratio": 6.45,
            "price_fair": 154.96,
            "eps_avg_yearly": 4.43,
            "eps_latest_yearly": 0.52,
            "eps_growth_yearly": 158.01
        },
        "20213": {
            "year_quarter": 20213,
            "year": 2021,
            "quarter": 3,
            "eps": 1.02,
            "eps_growth_year": 14.61,
            "eps_4q": 3.02,
            "eps_4q_growth_year": 8.42,
            "roe": 4.32,
            "roe_4q": 12.65,
            "gross_profit": 670637,
            "gross_margin": 63.27,
            "gross_margin_4q_avg": 61.23,
            "net_income": 252815,
            "net_income_4q": null,
            "revenue": 1059933,
            "revenue_4q": null,
            "common_shares": 2486500,
            "book_valuer_per_share": 19.48,
            "book_valuer_per_share_4q_avg": 21.66,
            "equity": 5458184,
            "current_ratio": 137.7,
            "debt_ratio": 43.93,
            "inventory_turnover_ratio": 0.33,
            "account_receivable_turnover_ratio": 1.1,
            "reinvestment_rate": -1.25,
            "research_to_sale_ratio": 7.25,
            "price_fair": 154.09,
            "eps_avg_yearly": 4.4,
            "eps_latest_yearly": 4.08,
            "eps_growth_yearly": 325.6
        },
        "20214": {
            "year_quarter": 20214,
            "year": 2021,
            "quarter": 4,
            "eps": 1.38,
            "eps_growth_year": 30.81,
            "eps_4q": 3.35,
            "eps_4q_growth_year": -9.99,
            "roe": 6.04,
            "roe_4q": 14.09,
            "gross_profit": 840387,
            "gross_margin": 57.23,
            "gross_margin_4q_avg": 61.45,
            "net_income": 338874,
            "net_income_4q": null,
            "revenue": 1468447,
            "revenue_4q": null,
            "common_shares": 2486500,
            "book_valuer_per_share": 20.78,
            "book_valuer_per_share_4q_avg": 21.37,
            "equity": 5767234,
            "current_ratio": 155.64,
            "debt_ratio": 37.96,
            "inventory_turnover_ratio": 0.57,
            "account_receivable_turnover_ratio": 1.39,
            "reinvestment_rate": -2.77,
            "research_to_sale_ratio": 5.2,
            "price_fair": 144.99,
            "eps_avg_yearly": 4.14,
            "eps_latest_yearly": 5.52,
            "eps_growth_yearly": 305.4
        },
        "20221": {
            "year_quarter": 20221,
            "year": 2022,
            "quarter": 1,
            "eps": 0.91,
            "eps_growth_year": 10.98,
            "eps_4q": 3.44,
            "eps_4q_growth_year": -2,
            "roe": 3.86,
            "roe_4q": 14.680000000000001,
            "gross_profit": 650163,
            "gross_margin": 62.69,
            "gross_margin_4q_avg": 61.33,
            "net_income": 227941,
            "net_income_4q": null,
            "revenue": 1037114,
            "revenue_4q": null,
            "common_shares": 2486500,
            "book_valuer_per_share": 21.93,
            "book_valuer_per_share_4q_avg": 21.2,
            "equity": 6049446,
            "current_ratio": 170.42,
            "debt_ratio": 34.74,
            "inventory_turnover_ratio": 0.4,
            "account_receivable_turnover_ratio": 0.96,
            "reinvestment_rate": 4.98,
            "research_to_sale_ratio": 7.16,
            "price_fair": 143.94,
            "eps_avg_yearly": 4.11,
            "eps_latest_yearly": 3.64,
            "eps_growth_yearly": 311.25
        },
        "20222": {
            "year_quarter": 20222,
            "year": 2022,
            "quarter": 2,
            "eps": 1.14,
            "eps_growth_year": 776.92,
            "eps_4q": 4.46,
            "eps_4q_growth_year": 53.95,
            "roe": 4.86,
            "roe_4q": 19.080000000000002,
            "gross_profit": 716655,
            "gross_margin": 61.49,
            "gross_margin_4q_avg": 61.17,
            "net_income": 282919,
            "net_income_4q": null,
            "revenue": 1165518,
            "revenue_4q": null,
            "common_shares": 2486500,
            "book_valuer_per_share": 20.24,
            "book_valuer_per_share_4q_avg": 20.61,
            "equity": 5603050,
            "current_ratio": 146,
            "debt_ratio": 40.33,
            "inventory_turnover_ratio": 0.46,
            "account_receivable_turnover_ratio": 1.12,
            "reinvestment_rate": 6.83,
            "research_to_sale_ratio": 8.21,
            "price_fair": 136.5,
            "eps_avg_yearly": 3.9,
            "eps_latest_yearly": 4.56,
            "eps_growth_yearly": 294.27
        },
        "20223": {
            "year_quarter": 20223,
            "year": 2022,
            "quarter": 3,
            "eps": 1.36,
            "eps_growth_year": 33.33,
            "eps_4q": 4.8,
            "eps_4q_growth_year": 58.89,
            "roe": 6.08,
            "roe_4q": 20.84,
            "gross_profit": 829494,
            "gross_margin": 62.55,
            "gross_margin_4q_avg": 60.99,
            "net_income": 354143,
            "net_income_4q": null,
            "revenue": 1326174,
            "revenue_4q": null,
            "common_shares": 2486500,
            "book_valuer_per_share": 21.97,
            "book_valuer_per_share_4q_avg": 21.23,
            "equity": 6045933,
            "current_ratio": 158.34,
            "debt_ratio": 38.54,
            "inventory_turnover_ratio": 0.45,
            "account_receivable_turnover_ratio": 1.19,
            "reinvestment_rate": 8.79,
            "research_to_sale_ratio": 7.81,
            "price_fair": 136.33,
            "eps_avg_yearly": 3.9,
            "eps_latest_yearly": 5.44,
            "eps_growth_yearly": 306.75
        },
        "20224": {
            "year_quarter": 20224,
            "year": 2022,
            "quarter": 4,
            "eps": 0.98,
            "eps_growth_year": -28.77,
            "eps_4q": 4.4,
            "eps_4q_growth_year": 31.55,
            "roe": 3.88,
            "roe_4q": 18.68,
            "gross_profit": 825186,
            "gross_margin": 53.84,
            "gross_margin_4q_avg": 60.14,
            "net_income": 238087,
            "net_income_4q": null,
            "revenue": 1532800,
            "revenue_4q": null,
            "common_shares": 2486500,
            "book_valuer_per_share": 22.76,
            "book_valuer_per_share_4q_avg": 21.73,
            "equity": 6233281,
            "current_ratio": 172.6,
            "debt_ratio": 35.07,
            "inventory_turnover_ratio": 0.62,
            "account_receivable_turnover_ratio": 1.29,
            "reinvestment_rate": 9.23,
            "research_to_sale_ratio": 5.21,
            "price_fair": 131.95,
            "eps_avg_yearly": 3.77,
            "eps_latest_yearly": 3.92,
            "eps_growth_yearly": 297.96
        },
        "20231": {
            "year_quarter": 20231,
            "year": 2023,
            "quarter": 1,
            "eps": 0.96,
            "eps_growth_year": 5.49,
            "eps_4q": 4.45,
            "eps_4q_growth_year": 29.12,
            "roe": 3.96,
            "roe_4q": 18.78,
            "gross_profit": 710355,
            "gross_margin": 60.9,
            "gross_margin_4q_avg": 59.7,
            "net_income": 234541,
            "net_income_4q": null,
            "revenue": 1166332,
            "revenue_4q": null,
            "common_shares": 2486500,
            "book_valuer_per_share": 20.31,
            "book_valuer_per_share_4q_avg": 21.32,
            "equity": 5624065,
            "current_ratio": 141.29,
            "debt_ratio": 41.21,
            "inventory_turnover_ratio": 0.44,
            "account_receivable_turnover_ratio": 1,
            "reinvestment_rate": 10.15,
            "research_to_sale_ratio": 5.61,
            "price_fair": 130.03,
            "eps_avg_yearly": 3.72,
            "eps_latest_yearly": 3.84,
            "eps_growth_yearly": 302.51
        },
        "20232": {
            "year_quarter": 20232,
            "year": 2023,
            "quarter": 2,
            "eps": 1.24,
            "eps_growth_year": 8.77,
            "eps_4q": 4.54,
            "eps_4q_growth_year": 1.94,
            "roe": 5.39,
            "roe_4q": 19.310000000000002,
            "gross_profit": 759473,
            "gross_margin": 60.2,
            "gross_margin_4q_avg": 59.37,
            "net_income": 311795,
            "net_income_4q": null,
            "revenue": 1261563,
            "revenue_4q": null,
            "common_shares": 2486500,
            "book_valuer_per_share": 21.66,
            "book_valuer_per_share_4q_avg": 21.68,
            "equity": 5947015,
            "current_ratio": 154.21,
            "debt_ratio": 38.28,
            "inventory_turnover_ratio": 0.48,
            "account_receivable_turnover_ratio": 1.15,
            "reinvestment_rate": 8.55,
            "research_to_sale_ratio": 4.99,
            "price_fair": 131.78,
            "eps_avg_yearly": 3.77,
            "eps_latest_yearly": 4.96,
            "eps_growth_yearly": 312.77
        }
    },
    "months": {
        "2001-10": {
            "month": "2001-10",
            "price": "43.52",
            "revenue": 68514
        },
        "2001-11": {
            "month": "2001-11",
            "price": "50.48",
            "revenue": 91236
        },
        "2001-12": {
            "month": "2001-12",
            "price": "67.52",
            "revenue": 82541
        },
        "2002-01": {
            "month": "2002-01",
            "price": "81.05",
            "revenue": 101029
        },
        "2002-02": {
            "month": "2002-02",
            "price": "80.71",
            "revenue": 74745
        },
        "2002-03": {
            "month": "2002-03",
            "price": "81.14",
            "revenue": 112808
        },
        "2002-04": {
            "month": "2002-04",
            "price": "78.71",
            "revenue": 107419
        },
        "2002-05": {
            "month": "2002-05",
            "price": "81.66",
            "revenue": 111143
        },
        "2002-06": {
            "month": "2002-06",
            "price": "81.18",
            "revenue": 95825
        },
        "2002-07": {
            "month": "2002-07",
            "price": "82.39",
            "revenue": 112067
        },
        "2002-08": {
            "month": "2002-08",
            "price": "76.23",
            "revenue": 115776
        },
        "2002-09": {
            "month": "2002-09",
            "price": "79.70",
            "revenue": 104772
        },
        "2002-10": {
            "month": "2002-10",
            "price": "75.98",
            "revenue": 101867
        },
        "2002-11": {
            "month": "2002-11",
            "price": "77.29",
            "revenue": 108944
        },
        "2002-12": {
            "month": "2002-12",
            "price": "73.57",
            "revenue": 98487
        },
        "2003-01": {
            "month": "2003-01",
            "price": "69.45",
            "revenue": 151678
        },
        "2003-02": {
            "month": "2003-02",
            "price": "67.53",
            "revenue": 74359
        },
        "2003-03": {
            "month": "2003-03",
            "price": "67.93",
            "revenue": 113791
        },
        "2003-04": {
            "month": "2003-04",
            "price": "68.93",
            "revenue": 117603
        },
        "2003-05": {
            "month": "2003-05",
            "price": "71.36",
            "revenue": 133999
        },
        "2003-06": {
            "month": "2003-06",
            "price": "76.65",
            "revenue": 104515
        },
        "2003-07": {
            "month": "2003-07",
            "price": "65.41",
            "revenue": 97671
        },
        "2003-08": {
            "month": "2003-08",
            "price": "63.24",
            "revenue": 104918
        },
        "2003-09": {
            "month": "2003-09",
            "price": "61.50",
            "revenue": 117698
        },
        "2003-10": {
            "month": "2003-10",
            "price": "59.70",
            "revenue": 124863
        },
        "2003-11": {
            "month": "2003-11",
            "price": "58.72",
            "revenue": 109412
        },
        "2003-12": {
            "month": "2003-12",
            "price": "57.39",
            "revenue": 139463
        },
        "2004-01": {
            "month": "2004-01",
            "price": "57.40",
            "revenue": 138208
        },
        "2004-02": {
            "month": "2004-02",
            "price": "61.05",
            "revenue": 105304
        },
        "2004-03": {
            "month": "2004-03",
            "price": "59.02",
            "revenue": 128633
        },
        "2004-04": {
            "month": "2004-04",
            "price": "56.98",
            "revenue": 144401
        },
        "2004-05": {
            "month": "2004-05",
            "price": "49.86",
            "revenue": 133890
        },
        "2004-06": {
            "month": "2004-06",
            "price": "49.43",
            "revenue": 135759
        },
        "2004-07": {
            "month": "2004-07",
            "price": "45.32",
            "revenue": 129353
        },
        "2004-08": {
            "month": "2004-08",
            "price": "38.37",
            "revenue": 141739
        },
        "2004-09": {
            "month": "2004-09",
            "price": "45.80",
            "revenue": 121243
        },
        "2004-10": {
            "month": "2004-10",
            "price": "44.36",
            "revenue": 141615
        },
        "2004-11": {
            "month": "2004-11",
            "price": "41.46",
            "revenue": 129654
        },
        "2004-12": {
            "month": "2004-12",
            "price": "40.35",
            "revenue": 139659
        },
        "2005-01": {
            "month": "2005-01",
            "price": "40.85",
            "revenue": 169876
        },
        "2005-02": {
            "month": "2005-02",
            "price": "43.94",
            "revenue": 96694
        },
        "2005-03": {
            "month": "2005-03",
            "price": "42.76",
            "revenue": 137998
        },
        "2005-04": {
            "month": "2005-04",
            "price": "40.48",
            "revenue": 137769
        },
        "2005-05": {
            "month": "2005-05",
            "price": "40.33",
            "revenue": 141895
        },
        "2005-06": {
            "month": "2005-06",
            "price": "41.19",
            "revenue": 139002
        },
        "2005-07": {
            "month": "2005-07",
            "price": "41.36",
            "revenue": 142623
        },
        "2005-08": {
            "month": "2005-08",
            "price": "38.18",
            "revenue": 136667
        },
        "2005-09": {
            "month": "2005-09",
            "price": "36.98",
            "revenue": 133243
        },
        "2005-10": {
            "month": "2005-10",
            "price": "37.82",
            "revenue": 136005
        },
        "2005-11": {
            "month": "2005-11",
            "price": "37.57",
            "revenue": 133427
        },
        "2005-12": {
            "month": "2005-12",
            "price": "37.92",
            "revenue": 138035
        },
        "2006-01": {
            "month": "2006-01",
            "price": "37.73",
            "revenue": 157419
        },
        "2006-02": {
            "month": "2006-02",
            "price": "36.59",
            "revenue": 93565
        },
        "2006-03": {
            "month": "2006-03",
            "price": "34.69",
            "revenue": 132638
        },
        "2006-04": {
            "month": "2006-04",
            "price": "34.82",
            "revenue": 144941
        },
        "2006-05": {
            "month": "2006-05",
            "price": "34.91",
            "revenue": 136977
        },
        "2006-06": {
            "month": "2006-06",
            "price": "32.90",
            "revenue": 147128
        },
        "2006-07": {
            "month": "2006-07",
            "price": "32.33",
            "revenue": 120701
        },
        "2006-08": {
            "month": "2006-08",
            "price": "27.95",
            "revenue": 155996
        },
        "2006-09": {
            "month": "2006-09",
            "price": "26.10",
            "revenue": 130377
        },
        "2006-10": {
            "month": "2006-10",
            "price": "26.32",
            "revenue": 137541
        },
        "2006-11": {
            "month": "2006-11",
            "price": "25.72",
            "revenue": 139142
        },
        "2006-12": {
            "month": "2006-12",
            "price": "27.36",
            "revenue": 144008
        },
        "2007-01": {
            "month": "2007-01",
            "price": "28.80",
            "revenue": 160909
        },
        "2007-02": {
            "month": "2007-02",
            "price": "28.45",
            "revenue": 129508
        },
        "2007-03": {
            "month": "2007-03",
            "price": "29.99",
            "revenue": 135467
        },
        "2007-04": {
            "month": "2007-04",
            "price": "32.69",
            "revenue": 142004
        },
        "2007-05": {
            "month": "2007-05",
            "price": "42.28",
            "revenue": 156920
        },
        "2007-06": {
            "month": "2007-06",
            "price": "46.56",
            "revenue": 150484
        },
        "2007-07": {
            "month": "2007-07",
            "price": "69.21",
            "revenue": 153616
        },
        "2007-08": {
            "month": "2007-08",
            "price": "55.24",
            "revenue": 158019
        },
        "2007-09": {
            "month": "2007-09",
            "price": "57.02",
            "revenue": 146664
        },
        "2007-10": {
            "month": "2007-10",
            "price": "58.48",
            "revenue": 154877
        },
        "2007-11": {
            "month": "2007-11",
            "price": "49.13",
            "revenue": 141082
        },
        "2007-12": {
            "month": "2007-12",
            "price": "49.93",
            "revenue": 156907
        },
        "2008-01": {
            "month": "2008-01",
            "price": "50.32",
            "revenue": 199609
        },
        "2008-02": {
            "month": "2008-02",
            "price": "48.60",
            "revenue": 99534
        },
        "2008-03": {
            "month": "2008-03",
            "price": "52.77",
            "revenue": 137549
        },
        "2008-04": {
            "month": "2008-04",
            "price": "57.45",
            "revenue": 162240
        },
        "2008-05": {
            "month": "2008-05",
            "price": "54.14",
            "revenue": 157417
        },
        "2008-06": {
            "month": "2008-06",
            "price": "46.75",
            "revenue": 159538
        },
        "2008-07": {
            "month": "2008-07",
            "price": "42.64",
            "revenue": 168643
        },
        "2008-08": {
            "month": "2008-08",
            "price": "42.63",
            "revenue": 165294
        },
        "2008-09": {
            "month": "2008-09",
            "price": "34.97",
            "revenue": 179416
        },
        "2008-10": {
            "month": "2008-10",
            "price": "31.83",
            "revenue": 185267
        },
        "2008-11": {
            "month": "2008-11",
            "price": "34.04",
            "revenue": 165583
        },
        "2008-12": {
            "month": "2008-12",
            "price": "36.09",
            "revenue": 191696
        },
        "2009-01": {
            "month": "2009-01",
            "price": "36.63",
            "revenue": 180865
        },
        "2009-02": {
            "month": "2009-02",
            "price": "37.04",
            "revenue": 149850
        },
        "2009-03": {
            "month": "2009-03",
            "price": "42.46",
            "revenue": 179713
        },
        "2009-04": {
            "month": "2009-04",
            "price": "69.06",
            "revenue": 179735
        },
        "2009-05": {
            "month": "2009-05",
            "price": "77.85",
            "revenue": 177609
        },
        "2009-06": {
            "month": "2009-06",
            "price": "82.58",
            "revenue": 222756
        },
        "2009-07": {
            "month": "2009-07",
            "price": "112.25",
            "revenue": 182295
        },
        "2009-08": {
            "month": "2009-08",
            "price": "96.60",
            "revenue": 172683
        },
        "2009-09": {
            "month": "2009-09",
            "price": "103.60",
            "revenue": 192064
        },
        "2009-10": {
            "month": "2009-10",
            "price": "104.01",
            "revenue": 192280
        },
        "2009-11": {
            "month": "2009-11",
            "price": "101.83",
            "revenue": 179838
        },
        "2009-12": {
            "month": "2009-12",
            "price": "105.96",
            "revenue": 195471
        },
        "2010-01": {
            "month": "2010-01",
            "price": "92.63",
            "revenue": 201551
        },
        "2010-02": {
            "month": "2010-02",
            "price": "79.43",
            "revenue": 167580
        },
        "2010-03": {
            "month": "2010-03",
            "price": "89.33",
            "revenue": 181486
        },
        "2010-04": {
            "month": "2010-04",
            "price": "97.70",
            "revenue": 196360
        },
        "2010-05": {
            "month": "2010-05",
            "price": "94.10",
            "revenue": 181291
        },
        "2010-06": {
            "month": "2010-06",
            "price": "95.78",
            "revenue": 189841
        },
        "2010-07": {
            "month": "2010-07",
            "price": "95.83",
            "revenue": 198084
        },
        "2010-08": {
            "month": "2010-08",
            "price": "100.74",
            "revenue": 221583
        },
        "2010-09": {
            "month": "2010-09",
            "price": "133.43",
            "revenue": 147318
        },
        "2010-10": {
            "month": "2010-10",
            "price": "143.93",
            "revenue": 147686
        },
        "2010-11": {
            "month": "2010-11",
            "price": "144.43",
            "revenue": 163263
        },
        "2010-12": {
            "month": "2010-12",
            "price": "137.98",
            "revenue": 174702
        },
        "2011-01": {
            "month": "2011-01",
            "price": "139.22",
            "revenue": 354833
        },
        "2011-02": {
            "month": "2011-02",
            "price": "147.96",
            "revenue": 227495
        },
        "2011-03": {
            "month": "2011-03",
            "price": "156.35",
            "revenue": 338271
        },
        "2011-04": {
            "month": "2011-04",
            "price": "158.21",
            "revenue": 300123
        },
        "2011-05": {
            "month": "2011-05",
            "price": "163.69",
            "revenue": 294874
        },
        "2011-06": {
            "month": "2011-06",
            "price": "147.67",
            "revenue": 397501
        },
        "2011-07": {
            "month": "2011-07",
            "price": "150.45",
            "revenue": 271102
        },
        "2011-08": {
            "month": "2011-08",
            "price": "118.78",
            "revenue": 311940
        },
        "2011-09": {
            "month": "2011-09",
            "price": "96.55",
            "revenue": 353047
        },
        "2011-10": {
            "month": "2011-10",
            "price": "89.58",
            "revenue": 288148
        },
        "2011-11": {
            "month": "2011-11",
            "price": "91.75",
            "revenue": 349577
        },
        "2011-12": {
            "month": "2011-12",
            "price": "82.82",
            "revenue": 309972
        },
        "2012-01": {
            "month": "2012-01",
            "price": "88.67",
            "revenue": 334510
        },
        "2012-02": {
            "month": "2012-02",
            "price": "113.85",
            "revenue": 351224
        },
        "2012-03": {
            "month": "2012-03",
            "price": "129.98",
            "revenue": 336676
        },
        "2012-04": {
            "month": "2012-04",
            "price": "112.28",
            "revenue": 450749
        },
        "2012-05": {
            "month": "2012-05",
            "price": "106.05",
            "revenue": 339040
        },
        "2012-06": {
            "month": "2012-06",
            "price": "108.64",
            "revenue": 408119
        },
        "2012-07": {
            "month": "2012-07",
            "price": "117.45",
            "revenue": 282081
        },
        "2012-08": {
            "month": "2012-08",
            "price": "113.82",
            "revenue": 333335
        },
        "2012-09": {
            "month": "2012-09",
            "price": "111.98",
            "revenue": 229729
        },
        "2012-10": {
            "month": "2012-10",
            "price": "105.22",
            "revenue": 370529
        },
        "2012-11": {
            "month": "2012-11",
            "price": "96.12",
            "revenue": 280924
        },
        "2012-12": {
            "month": "2012-12",
            "price": "105.46",
            "revenue": 304057
        },
        "2013-01": {
            "month": "2013-01",
            "price": "108.23",
            "revenue": 398647
        },
        "2013-02": {
            "month": "2013-02",
            "price": "108.54",
            "revenue": 141643
        },
        "2013-03": {
            "month": "2013-03",
            "price": "98.95",
            "revenue": 332808
        },
        "2013-04": {
            "month": "2013-04",
            "price": "98.02",
            "revenue": 239605
        },
        "2013-05": {
            "month": "2013-05",
            "price": "104.95",
            "revenue": 277116
        },
        "2013-06": {
            "month": "2013-06",
            "price": "104.95",
            "revenue": 221125
        },
        "2013-07": {
            "month": "2013-07",
            "price": "103.40",
            "revenue": 215472
        },
        "2013-08": {
            "month": "2013-08",
            "price": "102.16",
            "revenue": 255943
        },
        "2013-09": {
            "month": "2013-09",
            "price": "106.65",
            "revenue": 230735
        },
        "2013-10": {
            "month": "2013-10",
            "price": "114.93",
            "revenue": 246978
        },
        "2013-11": {
            "month": "2013-11",
            "price": "99.44",
            "revenue": 251980
        },
        "2013-12": {
            "month": "2013-12",
            "price": "91.41",
            "revenue": 274266
        },
        "2014-01": {
            "month": "2014-01",
            "price": "90.34",
            "revenue": 310499
        },
        "2014-02": {
            "month": "2014-02",
            "price": "95.97",
            "revenue": 179229
        },
        "2014-03": {
            "month": "2014-03",
            "price": "98.17",
            "revenue": 235443
        },
        "2014-04": {
            "month": "2014-04",
            "price": "96.38",
            "revenue": 264137
        },
        "2014-05": {
            "month": "2014-05",
            "price": "96.25",
            "revenue": 272013
        },
        "2014-06": {
            "month": "2014-06",
            "price": "92.03",
            "revenue": 241085
        },
        "2014-07": {
            "month": "2014-07",
            "price": "88.67",
            "revenue": 226031
        },
        "2014-08": {
            "month": "2014-08",
            "price": "70.52",
            "revenue": 227549
        },
        "2014-09": {
            "month": "2014-09",
            "price": "67.91",
            "revenue": 228604
        },
        "2014-10": {
            "month": "2014-10",
            "price": "58.90",
            "revenue": 248369
        },
        "2014-11": {
            "month": "2014-11",
            "price": "57.62",
            "revenue": 222897
        },
        "2014-12": {
            "month": "2014-12",
            "price": "64.78",
            "revenue": 315378
        },
        "2015-01": {
            "month": "2015-01",
            "price": "67.03",
            "revenue": 255816
        },
        "2015-02": {
            "month": "2015-02",
            "price": "66.52",
            "revenue": 203742
        },
        "2015-03": {
            "month": "2015-03",
            "price": "67.25",
            "revenue": 263120
        },
        "2015-04": {
            "month": "2015-04",
            "price": "66.06",
            "revenue": 249165
        },
        "2015-05": {
            "month": "2015-05",
            "price": "73.08",
            "revenue": 251191
        },
        "2015-06": {
            "month": "2015-06",
            "price": "72.36",
            "revenue": 235393
        },
        "2015-07": {
            "month": "2015-07",
            "price": "83.48",
            "revenue": 207774
        },
        "2015-08": {
            "month": "2015-08",
            "price": "83.90",
            "revenue": 361508
        },
        "2015-09": {
            "month": "2015-09",
            "price": "89.90",
            "revenue": 242486
        },
        "2015-10": {
            "month": "2015-10",
            "price": "93.99",
            "revenue": 305741
        },
        "2015-11": {
            "month": "2015-11",
            "price": "95.56",
            "revenue": 296637
        },
        "2015-12": {
            "month": "2015-12",
            "price": "114.72",
            "revenue": 322640
        },
        "2016-01": {
            "month": "2016-01",
            "price": "111.93",
            "revenue": 383494
        },
        "2016-02": {
            "month": "2016-02",
            "price": "114.00",
            "revenue": 231537
        },
        "2016-03": {
            "month": "2016-03",
            "price": "104.79",
            "revenue": 297626
        },
        "2016-04": {
            "month": "2016-04",
            "price": "108.79",
            "revenue": 326480
        },
        "2016-05": {
            "month": "2016-05",
            "price": "107.83",
            "revenue": 326637
        },
        "2016-06": {
            "month": "2016-06",
            "price": "112.52",
            "revenue": 306814
        },
        "2016-07": {
            "month": "2016-07",
            "price": "114.22",
            "revenue": 279168
        },
        "2016-08": {
            "month": "2016-08",
            "price": "111.04",
            "revenue": 363666
        },
        "2016-09": {
            "month": "2016-09",
            "price": "118.29",
            "revenue": 296265
        },
        "2016-10": {
            "month": "2016-10",
            "price": "127.80",
            "revenue": 277371
        },
        "2016-11": {
            "month": "2016-11",
            "price": "108.12",
            "revenue": 347025
        },
        "2016-12": {
            "month": "2016-12",
            "price": "97.86",
            "revenue": 326498
        },
        "2017-01": {
            "month": "2017-01",
            "price": "100.18",
            "revenue": 377117
        },
        "2017-02": {
            "month": "2017-02",
            "price": "104.82",
            "revenue": 235634
        },
        "2017-03": {
            "month": "2017-03",
            "price": "112.87",
            "revenue": 333655
        },
        "2017-04": {
            "month": "2017-04",
            "price": "102.42",
            "revenue": 272353
        },
        "2017-05": {
            "month": "2017-05",
            "price": "100.02",
            "revenue": 311866
        },
        "2017-06": {
            "month": "2017-06",
            "price": "100.73",
            "revenue": 345942
        },
        "2017-07": {
            "month": "2017-07",
            "price": "98.19",
            "revenue": 340368
        },
        "2017-08": {
            "month": "2017-08",
            "price": "93.50",
            "revenue": 354064
        },
        "2017-09": {
            "month": "2017-09",
            "price": "91.13",
            "revenue": 350535
        },
        "2017-10": {
            "month": "2017-10",
            "price": "92.45",
            "revenue": 336952
        },
        "2017-11": {
            "month": "2017-11",
            "price": "96.25",
            "revenue": 473328
        },
        "2017-12": {
            "month": "2017-12",
            "price": "102.31",
            "revenue": 361778
        },
        "2018-01": {
            "month": "2018-01",
            "price": "102.23",
            "revenue": 415318
        },
        "2018-02": {
            "month": "2018-02",
            "price": "99.11",
            "revenue": 271369
        },
        "2018-03": {
            "month": "2018-03",
            "price": "97.50",
            "revenue": 357711
        },
        "2018-04": {
            "month": "2018-04",
            "price": "101.17",
            "revenue": 294327
        },
        "2018-05": {
            "month": "2018-05",
            "price": "98.27",
            "revenue": 343399
        },
        "2018-06": {
            "month": "2018-06",
            "price": "96.71",
            "revenue": 366105
        },
        "2018-07": {
            "month": "2018-07",
            "price": "93.05",
            "revenue": 285020
        },
        "2018-08": {
            "month": "2018-08",
            "price": "89.77",
            "revenue": 311439
        },
        "2018-09": {
            "month": "2018-09",
            "price": "84.72",
            "revenue": 319439
        },
        "2018-10": {
            "month": "2018-10",
            "price": "81.40",
            "revenue": 376025
        },
        "2018-11": {
            "month": "2018-11",
            "price": "82.11",
            "revenue": 345380
        },
        "2018-12": {
            "month": "2018-12",
            "price": "80.01",
            "revenue": 377406
        },
        "2019-01": {
            "month": "2019-01",
            "price": "78.32",
            "revenue": 493603
        },
        "2019-02": {
            "month": "2019-02",
            "price": "81.43",
            "revenue": 283957
        },
        "2019-03": {
            "month": "2019-03",
            "price": "82.66",
            "revenue": 341407
        },
        "2019-04": {
            "month": "2019-04",
            "price": "82.78",
            "revenue": 358468
        },
        "2019-05": {
            "month": "2019-05",
            "price": "80.39",
            "revenue": 369825
        },
        "2019-06": {
            "month": "2019-06",
            "price": "81.49",
            "revenue": 364484
        },
        "2019-07": {
            "month": "2019-07",
            "price": "84.70",
            "revenue": 360769
        },
        "2019-08": {
            "month": "2019-08",
            "price": "78.30",
            "revenue": 395872
        },
        "2019-09": {
            "month": "2019-09",
            "price": "79.12",
            "revenue": 393177
        },
        "2019-10": {
            "month": "2019-10",
            "price": "80.47",
            "revenue": 372742
        },
        "2019-11": {
            "month": "2019-11",
            "price": "82.78",
            "revenue": 375169
        },
        "2019-12": {
            "month": "2019-12",
            "price": "83.27",
            "revenue": 367436
        },
        "2020-01": {
            "month": "2020-01",
            "price": "80.39",
            "revenue": 370093
        },
        "2020-02": {
            "month": "2020-02",
            "price": "78.57",
            "revenue": 315671
        },
        "2020-03": {
            "month": "2020-03",
            "price": "67.46",
            "revenue": 412723
        },
        "2020-04": {
            "month": "2020-04",
            "price": "67.30",
            "revenue": 356006
        },
        "2020-05": {
            "month": "2020-05",
            "price": "73.33",
            "revenue": 267055
        },
        "2020-06": {
            "month": "2020-06",
            "price": "75.60",
            "revenue": 270649
        },
        "2020-07": {
            "month": "2020-07",
            "price": "75.61",
            "revenue": 313131
        },
        "2020-08": {
            "month": "2020-08",
            "price": "68.68",
            "revenue": 302718
        },
        "2020-09": {
            "month": "2020-09",
            "price": "67.13",
            "revenue": 408591
        },
        "2020-10": {
            "month": "2020-10",
            "price": "76.92",
            "revenue": 516592
        },
        "2020-11": {
            "month": "2020-11",
            "price": "71.34",
            "revenue": 313221
        },
        "2020-12": {
            "month": "2020-12",
            "price": "68.94",
            "revenue": 373446
        },
        "2021-01": {
            "month": "2021-01",
            "price": "65.50",
            "revenue": 382907
        },
        "2021-02": {
            "month": "2021-02",
            "price": "64.13",
            "revenue": 258866
        },
        "2021-03": {
            "month": "2021-03",
            "price": "69.63",
            "revenue": 322718
        },
        "2021-04": {
            "month": "2021-04",
            "price": "72.27",
            "revenue": 353723
        },
        "2021-05": {
            "month": "2021-05",
            "price": "82.08",
            "revenue": 378770
        },
        "2021-06": {
            "month": "2021-06",
            "price": "84.24",
            "revenue": 310476
        },
        "2021-07": {
            "month": "2021-07",
            "price": "81.12",
            "revenue": 338674
        },
        "2021-08": {
            "month": "2021-08",
            "price": "78.87",
            "revenue": 331686
        },
        "2021-09": {
            "month": "2021-09",
            "price": "76.86",
            "revenue": 389573
        },
        "2021-10": {
            "month": "2021-10",
            "price": "68.04",
            "revenue": 564848
        },
        "2021-11": {
            "month": "2021-11",
            "price": "69.12",
            "revenue": 430974
        },
        "2021-12": {
            "month": "2021-12",
            "price": "68.86",
            "revenue": 473141
        },
        "2022-01": {
            "month": "2022-01",
            "price": "68.21",
            "revenue": 407527
        },
        "2022-02": {
            "month": "2022-02",
            "price": "68.85",
            "revenue": 262346
        },
        "2022-03": {
            "month": "2022-03",
            "price": "68.52",
            "revenue": 367243
        },
        "2022-04": {
            "month": "2022-04",
            "price": "73.24",
            "revenue": 372304
        },
        "2022-05": {
            "month": "2022-05",
            "price": "69.11",
            "revenue": 418208
        },
        "2022-06": {
            "month": "2022-06",
            "price": "70.90",
            "revenue": 374319
        },
        "2022-07": {
            "month": "2022-07",
            "price": "71.92",
            "revenue": 384643
        },
        "2022-08": {
            "month": "2022-08",
            "price": "71.87",
            "revenue": 409962
        },
        "2022-09": {
            "month": "2022-09",
            "price": "73.90",
            "revenue": 531569
        },
        "2022-10": {
            "month": "2022-10",
            "price": "73.27",
            "revenue": 497851
        },
        "2022-11": {
            "month": "2022-11",
            "price": "77.08",
            "revenue": 604271
        },
        "2022-12": {
            "month": "2022-12",
            "price": "81.80",
            "revenue": 430735
        },
        "2023-01": {
            "month": "2023-01",
            "price": "79.82",
            "revenue": 400115
        },
        "2023-02": {
            "month": "2023-02",
            "price": "78.14",
            "revenue": 339866
        },
        "2023-03": {
            "month": "2023-03",
            "price": "78.07",
            "revenue": 426351
        },
        "2023-04": {
            "month": "2023-04",
            "price": "76.80",
            "revenue": 337139
        },
        "2023-05": {
            "month": "2023-05",
            "price": "75.70",
            "revenue": 489526
        },
        "2023-06": {
            "month": "2023-06",
            "price": "76.16",
            "revenue": 438067
        },
        "2023-07": {
            "month": "2023-07",
            "price": "77.89",
            "revenue": 422970
        },
        "2023-08": {
            "month": "2023-08",
            "price": "75.45",
            "revenue": 423606
        },
        "2023-09": {
            "month": "2023-09",
            "price": "76.75",
            "revenue": 586304
        }
    }
}
