{
    "summary": {
        "stock_name": "雃博",
        "stock_id": "4106",
        "category": "生技醫療",
        "main_business": "醫療用褥瘡氣墊床組<br>福祉器材<br>醫療電子產品",
        "website_url": "http://www.apexmedicalcorp.com",
        "ceo": "李永川",
        "pe_ratio": 18,
        "report_year_from": 2001,
        "report_year_to": 2023,
        "age": 22,
        "eps_negative_percentage": 0,
        "eps_growth_avg": {
            "last_all": 1.35,
            "last_2y": 24.5,
            "last_4y": 6.17,
            "last_8y": 3.06,
            "last_12y": -1.71,
            "last_16y": 3.21,
            "last_20y": 1.35,
            "at_2006_last_3y": -26.06,
            "at_2007_last_3y": -0.43,
            "at_2008_last_3y": 9.32,
            "at_2009_last_3y": 19.22,
            "at_2010_last_3y": 27.33,
            "at_2011_last_3y": 6.96,
            "at_2012_last_3y": 2.34,
            "at_2013_last_3y": -12.44,
            "at_2014_last_3y": 0.4,
            "at_2015_last_3y": -5.63,
            "at_2016_last_3y": -7.92,
            "at_2017_last_3y": -0.83,
            "at_2018_last_3y": -12.4,
            "at_2019_last_3y": -18.32,
            "at_2020_last_3y": -6.63,
            "at_2021_last_3y": -6.26,
            "at_2022_last_3y": 11.06,
            "at_2023_last_3y": 11.06,
            "at_2006_last_all": -15.43,
            "at_2007_last_all": 3.81,
            "at_2008_last_all": 3.33,
            "at_2009_last_all": 6.33,
            "at_2010_last_all": 3.58,
            "at_2011_last_all": 5.07,
            "at_2012_last_all": 2.97,
            "at_2013_last_all": 0.07,
            "at_2014_last_all": 2.6,
            "at_2015_last_all": 2.01,
            "at_2016_last_all": 0.06,
            "at_2017_last_all": -0.15,
            "at_2018_last_all": -0.93,
            "at_2019_last_all": -2.5,
            "at_2020_last_all": -1.34,
            "at_2021_last_all": -1.37,
            "at_2022_last_all": 1.35,
            "at_2023_last_all": 1.35
        },
        "latest_eps": 1.8,
        "latest_price": 31.95,
        "latest_roe": 8.22,
        "latest_gross_margin": 42.5,
        "latest_equity": 2292000,
        "latest_revenue": 699765,
        "latest_gross_profit": 297365,
        "latest_net_income": 50895,
        "latest_debt_ratio": 28.46,
        "latest_current_ratio": 235.4,
        "latest_account_receivable_turnover_ratio": 1.43,
        "latest_inventory_turnover_ratio": 0.73,
        "latest_reinvestment_rate": -34.64,
        "latest_research_to_sale_ratio": 5.86
    },
    "eps_dividends": {
        "2000": {
            "cash": 0,
            "stock": 2.25,
            "eps": 0
        },
        "2001": {
            "cash": 0,
            "stock": 1.05,
            "eps": 2.47
        },
        "2002": {
            "cash": 0,
            "stock": 1.8,
            "eps": 3.14
        },
        "2003": {
            "cash": 0,
            "stock": 2.5,
            "eps": 3.06
        },
        "2004": {
            "cash": 0,
            "stock": 2,
            "eps": 1.88
        },
        "2005": {
            "cash": 0.5,
            "stock": 0.5,
            "eps": 1.65
        },
        "2006": {
            "cash": 1,
            "stock": 0.2,
            "eps": 0.81
        },
        "2007": {
            "cash": 0.65,
            "stock": 0,
            "eps": 2.33
        },
        "2008": {
            "cash": 1.26,
            "stock": 0.24,
            "eps": 2.34
        },
        "2009": {
            "cash": 1.2,
            "stock": 0.6,
            "eps": 2.98
        },
        "2010": {
            "cash": 1.7,
            "stock": 0.5,
            "eps": 2.43
        },
        "2011": {
            "cash": 2.85,
            "stock": 1,
            "eps": 2.88
        },
        "2012": {
            "cash": 0,
            "stock": 0,
            "eps": 2.36
        },
        "2013": {
            "cash": 0.5,
            "stock": 0,
            "eps": 1.61
        },
        "2014": {
            "cash": 0.7,
            "stock": 0,
            "eps": 2.14
        },
        "2015": {
            "cash": 1,
            "stock": 0,
            "eps": 2.02
        },
        "2016": {
            "cash": 1,
            "stock": 0,
            "eps": 1.47
        },
        "2017": {
            "cash": 0.8,
            "stock": 0,
            "eps": 1.42
        },
        "2018": {
            "cash": 0.8,
            "stock": 0,
            "eps": 1.23
        },
        "2019": {
            "cash": 0.65,
            "stock": 0,
            "eps": 0.87
        },
        "2020": {
            "cash": 0.45,
            "stock": 0,
            "eps": 1.04
        },
        "2021": {
            "cash": 0.55,
            "stock": 0,
            "eps": 1.02
        },
        "2022": {
            "cash": 0.55,
            "stock": 0,
            "eps": 1.59
        },
        "2023": {
            "cash": 0.85,
            "stock": 0,
            "eps": 0.5
        }
    },
    "dividends": {
        "2000-06-29": {
            "cash": 0,
            "stock": 2.25
        },
        "2001-06-11": {
            "cash": 0,
            "stock": 1.05
        },
        "2002-06-26": {
            "cash": 0,
            "stock": 1.8
        },
        "2003-03-06": {
            "cash": 0,
            "stock": 2.5
        },
        "2004-03-17": {
            "cash": 0,
            "stock": 2
        },
        "2005-03-18": {
            "cash": 0.5,
            "stock": 0.5
        },
        "2006-05-02": {
            "cash": 1,
            "stock": 0.2
        },
        "2007-05-03": {
            "cash": 0.65,
            "stock": 0
        },
        "2008-03-24": {
            "cash": 1.26,
            "stock": 0.24
        },
        "2009-05-06": {
            "cash": 1.2,
            "stock": 0.6
        },
        "2010-04-27": {
            "cash": 1.7,
            "stock": 0.5
        },
        "2011-01-01": {
            "cash": 1.75,
            "stock": 0
        },
        "2011-05-09": {
            "cash": 1.1,
            "stock": 1
        },
        "2013-05-06": {
            "cash": 0.5,
            "stock": 0
        },
        "2014-08-27": {
            "cash": 0.7,
            "stock": 0
        },
        "2015-08-27": {
            "cash": 1,
            "stock": 0
        },
        "2016-08-26": {
            "cash": 1,
            "stock": 0
        },
        "2017-08-25": {
            "cash": 0.8,
            "stock": 0
        },
        "2018-08-24": {
            "cash": 0.8,
            "stock": 0
        },
        "2019-08-26": {
            "cash": 0.65,
            "stock": 0
        },
        "2020-08-26": {
            "cash": 0.45,
            "stock": 0
        },
        "2021-10-08": {
            "cash": 0.55,
            "stock": 0
        },
        "2022-08-26": {
            "cash": 0.55,
            "stock": 0
        },
        "2023-03-29": {
            "cash": 0.85,
            "stock": 0
        }
    },
    "prices": {
        "200101": "無",
        "200102": "無",
        "200103": "無",
        "200104": "無",
        "200105": "無",
        "200106": "無",
        "200107": "無",
        "200108": "無",
        "200109": "無",
        "200110": "無",
        "200111": "無",
        "200112": "無",
        "200201": "46.40",
        "200202": "43.87",
        "200203": "41.77",
        "200204": "44.95",
        "200205": "42.83",
        "200206": "44.18",
        "200207": "41.74",
        "200208": "36.45",
        "200209": "36.96",
        "200210": "32.70",
        "200211": "36.39",
        "200212": "38.10",
        "200301": "36.04",
        "200302": "34.10",
        "200303": "33.19",
        "200304": "33.62",
        "200305": "34.18",
        "200306": "33.22",
        "200307": "31.62",
        "200308": "28.96",
        "200309": "28.78",
        "200310": "28.70",
        "200311": "29.14",
        "200312": "28.87",
        "200401": "28.88",
        "200402": "29.46",
        "200403": "29.15",
        "200404": "28.75",
        "200405": "26.52",
        "200406": "21.88",
        "200407": "19.45",
        "200408": "16.48",
        "200409": "16.59",
        "200410": "15.36",
        "200411": "16.07",
        "200412": "15.90",
        "200501": "15.82",
        "200502": "17.43",
        "200503": "17.81",
        "200504": "16.09",
        "200505": "14.45",
        "200506": "14.89",
        "200507": "14.50",
        "200508": "14.68",
        "200509": "14.20",
        "200510": "14.04",
        "200511": "14.44",
        "200512": "14.58",
        "200601": "14.77",
        "200602": "14.32",
        "200603": "13.78",
        "200604": "14.63",
        "200605": "14.72",
        "200606": "13.70",
        "200607": "12.94",
        "200608": "12.11",
        "200609": "10.80",
        "200610": "11.19",
        "200611": "11.50",
        "200612": "12.14",
        "200701": "12.88",
        "200702": "12.79",
        "200703": "13.48",
        "200704": "14.44",
        "200705": "16.05",
        "200706": "20.84",
        "200707": "35.29",
        "200708": "28.48",
        "200709": "33.29",
        "200710": "32.74",
        "200711": "28.54",
        "200712": "27.32",
        "200801": "24.21",
        "200802": "24.80",
        "200803": "26.46",
        "200804": "32.34",
        "200805": "35.40",
        "200806": "29.73",
        "200807": "29.26",
        "200808": "32.67",
        "200809": "26.27",
        "200810": "20.68",
        "200811": "21.16",
        "200812": "19.67",
        "200901": "19.39",
        "200902": "19.21",
        "200903": "21.56",
        "200904": "28.56",
        "200905": "29.00",
        "200906": "27.78",
        "200907": "32.08",
        "200908": "30.34",
        "200909": "33.34",
        "200910": "33.72",
        "200911": "32.40",
        "200912": "34.32",
        "201001": "32.51",
        "201002": "29.02",
        "201003": "30.79",
        "201004": "32.92",
        "201005": "35.15",
        "201006": "33.97",
        "201007": "33.28",
        "201008": "34.82",
        "201009": "39.22",
        "201010": "46.55",
        "201011": "43.96",
        "201012": "43.03",
        "201101": "40.03",
        "201102": "37.45",
        "201103": "35.98",
        "201104": "38.06",
        "201105": "41.96",
        "201106": "39.10",
        "201107": "39.76",
        "201108": "32.94",
        "201109": "30.37",
        "201110": "30.18",
        "201111": "31.16",
        "201112": "29.61",
        "201201": "30.84",
        "201202": "34.55",
        "201203": "33.89",
        "201204": "31.42",
        "201205": "31.31",
        "201206": "31.44",
        "201207": "33.88",
        "201208": "33.87",
        "201209": "34.14",
        "201210": "32.56",
        "201211": "30.92",
        "201212": "31.91",
        "201301": "35.87",
        "201302": "35.88",
        "201303": "36.25",
        "201304": "34.35",
        "201305": "32.11",
        "201306": "32.72",
        "201307": "33.80",
        "201308": "34.04",
        "201309": "35.55",
        "201310": "35.35",
        "201311": "33.00",
        "201312": "32.14",
        "201401": "32.40",
        "201402": "33.32",
        "201403": "34.45",
        "201404": "34.99",
        "201405": "35.86",
        "201406": "42.00",
        "201407": "54.75",
        "201408": "49.59",
        "201409": "52.54",
        "201410": "54.02",
        "201411": "50.13",
        "201412": "61.84",
        "201501": "60.12",
        "201502": "56.15",
        "201503": "55.19",
        "201504": "53.90",
        "201505": "45.08",
        "201506": "41.23",
        "201507": "43.09",
        "201508": "32.96",
        "201509": "35.10",
        "201510": "38.71",
        "201511": "41.03",
        "201512": "38.18",
        "201601": "35.71",
        "201602": "39.41",
        "201603": "44.05",
        "201604": "42.07",
        "201605": "38.61",
        "201606": "39.10",
        "201607": "38.84",
        "201608": "35.99",
        "201609": "35.08",
        "201610": "34.80",
        "201611": "32.91",
        "201612": "33.48",
        "201701": "32.83",
        "201702": "33.11",
        "201703": "32.73",
        "201704": "31.22",
        "201705": "30.58",
        "201706": "30.66",
        "201707": "30.40",
        "201708": "29.62",
        "201709": "31.28",
        "201710": "31.17",
        "201711": "30.19",
        "201712": "29.38",
        "201801": "29.60",
        "201802": "27.49",
        "201803": "28.08",
        "201804": "29.52",
        "201805": "28.91",
        "201806": "28.53",
        "201807": "27.24",
        "201808": "25.93",
        "201809": "25.41",
        "201810": "25.52",
        "201811": "24.44",
        "201812": "24.53",
        "201901": "24.80",
        "201902": "25.42",
        "201903": "25.80",
        "201904": "26.86",
        "201905": "25.59",
        "201906": "25.57",
        "201907": "26.65",
        "201908": "25.00",
        "201909": "24.70",
        "201910": "23.81",
        "201911": "24.28",
        "201912": "24.21",
        "202001": "24.24",
        "202002": "24.65",
        "202003": "23.10",
        "202004": "25.07",
        "202005": "32.73",
        "202006": "36.76",
        "202007": "35.71",
        "202008": "34.34",
        "202009": "31.93",
        "202010": "30.07",
        "202011": "29.78",
        "202012": "29.10",
        "202101": "27.18",
        "202102": "26.03",
        "202103": "26.41",
        "202104": "28.13",
        "202105": "39.53",
        "202106": "43.68",
        "202107": "35.28",
        "202108": "31.72",
        "202109": "29.63",
        "202110": "26.25",
        "202111": "27.68",
        "202112": "28.90",
        "202201": "29.03",
        "202202": "27.32",
        "202203": "26.52",
        "202204": "33.63",
        "202205": "28.99",
        "202206": "26.02",
        "202207": "24.55",
        "202208": "25.84",
        "202209": "26.13",
        "202210": "23.88",
        "202211": "24.32",
        "202212": "29.50",
        "202301": "28.88",
        "202302": "31.52",
        "202303": "29.56",
        "202304": "30.39",
        "202305": "31.27",
        "202306": "31.39"
    },
    "quarters": {
        "20011": {
            "year_quarter": 20011,
            "year": 2001,
            "quarter": 1,
            "eps": 0.56,
            "eps_growth_year": null,
            "eps_4q": null,
            "eps_4q_growth_year": null,
            "roe": 4.7,
            "roe_4q": 4.7,
            "gross_profit": 60246,
            "gross_margin": 34.06,
            "gross_margin_4q_avg": 34.06,
            "net_income": 14053,
            "revenue": 176903,
            "common_shares": 249018,
            "book_valuer_per_share": 12.29,
            "book_valuer_per_share_4q_avg": 12.29,
            "equity": 306135,
            "current_ratio": 312.18,
            "debt_ratio": 25.44,
            "inventory_turnover_ratio": 2.88,
            "account_receivable_turnover_ratio": null,
            "reinvestment_rate": null,
            "research_to_sale_ratio": null,
            "price_fair": 0,
            "eps_avg_yearly": 0,
            "eps_latest_yearly": 0,
            "eps_growth_yearly": 0
        },
        "20012": {
            "year_quarter": 20012,
            "year": 2001,
            "quarter": 2,
            "eps": 0.88,
            "eps_growth_year": null,
            "eps_4q": null,
            "eps_4q_growth_year": null,
            "roe": 6.96,
            "roe_4q": 11.66,
            "gross_profit": 68499,
            "gross_margin": 32.48,
            "gross_margin_4q_avg": 33.27,
            "net_income": 22012,
            "revenue": 210872,
            "common_shares": 249018,
            "book_valuer_per_share": 13.11,
            "book_valuer_per_share_4q_avg": 12.7,
            "equity": 326530,
            "current_ratio": 242.12,
            "debt_ratio": 33.86,
            "inventory_turnover_ratio": 3.52,
            "account_receivable_turnover_ratio": null,
            "reinvestment_rate": null,
            "research_to_sale_ratio": null,
            "price_fair": 0,
            "eps_avg_yearly": 0,
            "eps_latest_yearly": 0,
            "eps_growth_yearly": 0
        },
        "20013": {
            "year_quarter": 20013,
            "year": 2001,
            "quarter": 3,
            "eps": 0.48,
            "eps_growth_year": null,
            "eps_4q": null,
            "eps_4q_growth_year": null,
            "roe": 4,
            "roe_4q": 15.66,
            "gross_profit": 58187,
            "gross_margin": 30.54,
            "gross_margin_4q_avg": 32.36,
            "net_income": 13403,
            "revenue": 190535,
            "common_shares": 277000,
            "book_valuer_per_share": 12.41,
            "book_valuer_per_share_4q_avg": 12.6,
            "equity": 343713,
            "current_ratio": 399.3,
            "debt_ratio": 20.89,
            "inventory_turnover_ratio": 3.45,
            "account_receivable_turnover_ratio": null,
            "reinvestment_rate": null,
            "research_to_sale_ratio": null,
            "price_fair": 0,
            "eps_avg_yearly": 0,
            "eps_latest_yearly": 0,
            "eps_growth_yearly": 0
        },
        "20014": {
            "year_quarter": 20014,
            "year": 2001,
            "quarter": 4,
            "eps": 0.55,
            "eps_growth_year": null,
            "eps_4q": 2.33,
            "eps_4q_growth_year": null,
            "roe": 4.37,
            "roe_4q": 20.03,
            "gross_profit": 65950,
            "gross_margin": 33.95,
            "gross_margin_4q_avg": 32.76,
            "net_income": 15314,
            "revenue": 194267,
            "common_shares": 277000,
            "book_valuer_per_share": 12.87,
            "book_valuer_per_share_4q_avg": 12.67,
            "equity": 356469,
            "current_ratio": 326.79,
            "debt_ratio": 24.83,
            "inventory_turnover_ratio": 3.9,
            "account_receivable_turnover_ratio": null,
            "reinvestment_rate": null,
            "research_to_sale_ratio": null,
            "price_fair": 0,
            "eps_avg_yearly": 0,
            "eps_latest_yearly": 0,
            "eps_growth_yearly": 0
        },
        "20021": {
            "year_quarter": 20021,
            "year": 2002,
            "quarter": 1,
            "eps": 0.42,
            "eps_growth_year": -25,
            "eps_4q": 2.25,
            "eps_4q_growth_year": null,
            "roe": 3.21,
            "roe_4q": 18.54,
            "gross_profit": 63587,
            "gross_margin": 34.66,
            "gross_margin_4q_avg": 32.91,
            "net_income": 11654,
            "revenue": 183456,
            "common_shares": 277000,
            "book_valuer_per_share": 13.37,
            "book_valuer_per_share_4q_avg": 12.94,
            "equity": 370302,
            "current_ratio": 334.44,
            "debt_ratio": 24.42,
            "inventory_turnover_ratio": 4.13,
            "account_receivable_turnover_ratio": null,
            "reinvestment_rate": null,
            "research_to_sale_ratio": null,
            "price_fair": 5.04,
            "eps_avg_yearly": 1.68,
            "eps_latest_yearly": 1.68,
            "eps_growth_yearly": -94.55
        },
        "20022": {
            "year_quarter": 20022,
            "year": 2002,
            "quarter": 2,
            "eps": 0.72,
            "eps_growth_year": -18.18,
            "eps_4q": 1.94,
            "eps_4q_growth_year": null,
            "roe": 6.24,
            "roe_4q": 17.82,
            "gross_profit": 72101,
            "gross_margin": 33.18,
            "gross_margin_4q_avg": 33.08,
            "net_income": 23765,
            "revenue": 217329,
            "common_shares": 277000,
            "book_valuer_per_share": 14.14,
            "book_valuer_per_share_4q_avg": 13.2,
            "equity": 391670,
            "current_ratio": 310.95,
            "debt_ratio": 26.49,
            "inventory_turnover_ratio": 3.4,
            "account_receivable_turnover_ratio": null,
            "reinvestment_rate": null,
            "research_to_sale_ratio": null,
            "price_fair": 79.8,
            "eps_avg_yearly": 2.28,
            "eps_latest_yearly": 2.88,
            "eps_growth_yearly": 95.58
        },
        "20023": {
            "year_quarter": 20023,
            "year": 2002,
            "quarter": 3,
            "eps": 1.03,
            "eps_growth_year": 114.58,
            "eps_4q": 2.56,
            "eps_4q_growth_year": null,
            "roe": 8.33,
            "roe_4q": 22.150000000000002,
            "gross_profit": 78239,
            "gross_margin": 31.86,
            "gross_margin_4q_avg": 33.41,
            "net_income": 34076,
            "revenue": 245580,
            "common_shares": 331000,
            "book_valuer_per_share": 12.88,
            "book_valuer_per_share_4q_avg": 13.32,
            "equity": 426478,
            "current_ratio": 304.17,
            "debt_ratio": 27.63,
            "inventory_turnover_ratio": 2.46,
            "account_receivable_turnover_ratio": null,
            "reinvestment_rate": null,
            "research_to_sale_ratio": null,
            "price_fair": 101.27,
            "eps_avg_yearly": 2.89,
            "eps_latest_yearly": 4.12,
            "eps_growth_yearly": 121.13
        },
        "20024": {
            "year_quarter": 20024,
            "year": 2002,
            "quarter": 4,
            "eps": 0.97,
            "eps_growth_year": 76.36,
            "eps_4q": 3.07,
            "eps_4q_growth_year": 31.85,
            "roe": 7.26,
            "roe_4q": 25.04,
            "gross_profit": 86542,
            "gross_margin": 32.16,
            "gross_margin_4q_avg": 32.97,
            "net_income": 32135,
            "revenue": 269083,
            "common_shares": 331000,
            "book_valuer_per_share": 13.85,
            "book_valuer_per_share_4q_avg": 13.56,
            "equity": 458470,
            "current_ratio": 356.02,
            "debt_ratio": 24.1,
            "inventory_turnover_ratio": 2.13,
            "account_receivable_turnover_ratio": null,
            "reinvestment_rate": null,
            "research_to_sale_ratio": null,
            "price_fair": 109.9,
            "eps_avg_yearly": 3.14,
            "eps_latest_yearly": 3.88,
            "eps_growth_yearly": 85.02
        },
        "20031": {
            "year_quarter": 20031,
            "year": 2003,
            "quarter": 1,
            "eps": 0.63,
            "eps_growth_year": 50,
            "eps_4q": 3.35,
            "eps_4q_growth_year": 49.2,
            "roe": 4.44,
            "roe_4q": 26.270000000000003,
            "gross_profit": 69200,
            "gross_margin": 32.75,
            "gross_margin_4q_avg": 32.49,
            "net_income": 20807,
            "revenue": 211299,
            "common_shares": 331000,
            "book_valuer_per_share": 14.48,
            "book_valuer_per_share_4q_avg": 13.84,
            "equity": 479277,
            "current_ratio": 360.72,
            "debt_ratio": 23.86,
            "inventory_turnover_ratio": 1.5,
            "account_receivable_turnover_ratio": null,
            "reinvestment_rate": null,
            "research_to_sale_ratio": null,
            "price_fair": 105.56,
            "eps_avg_yearly": 3.02,
            "eps_latest_yearly": 2.52,
            "eps_growth_yearly": 39.98
        },
        "20032": {
            "year_quarter": 20032,
            "year": 2003,
            "quarter": 2,
            "eps": 1.16,
            "eps_growth_year": 61.11,
            "eps_4q": 3.22,
            "eps_4q_growth_year": 65.8,
            "roe": 9.73,
            "roe_4q": 29.759999999999998,
            "gross_profit": 94328,
            "gross_margin": 34.33,
            "gross_margin_4q_avg": 32.78,
            "net_income": 48962,
            "revenue": 274735,
            "common_shares": 331000,
            "book_valuer_per_share": 15.93,
            "book_valuer_per_share_4q_avg": 14.29,
            "equity": 527338,
            "current_ratio": 218.06,
            "debt_ratio": 35.27,
            "inventory_turnover_ratio": 1.93,
            "account_receivable_turnover_ratio": null,
            "reinvestment_rate": null,
            "research_to_sale_ratio": null,
            "price_fair": 115.03,
            "eps_avg_yearly": 3.29,
            "eps_latest_yearly": 4.64,
            "eps_growth_yearly": 89.4
        },
        "20033": {
            "year_quarter": 20033,
            "year": 2003,
            "quarter": 3,
            "eps": 0.82,
            "eps_growth_year": -20.39,
            "eps_4q": 3.14,
            "eps_4q_growth_year": 22.4,
            "roe": 5.63,
            "roe_4q": 27.060000000000002,
            "gross_profit": 88972,
            "gross_margin": 36.33,
            "gross_margin_4q_avg": 33.89,
            "net_income": 36052,
            "revenue": 244893,
            "common_shares": 496000,
            "book_valuer_per_share": 15.21,
            "book_valuer_per_share_4q_avg": 14.87,
            "equity": 754494,
            "current_ratio": 402.47,
            "debt_ratio": 30.6,
            "inventory_turnover_ratio": 1.79,
            "account_receivable_turnover_ratio": null,
            "reinvestment_rate": null,
            "research_to_sale_ratio": null,
            "price_fair": 115,
            "eps_avg_yearly": 3.29,
            "eps_latest_yearly": 3.28,
            "eps_growth_yearly": 59.88
        },
        "20034": {
            "year_quarter": 20034,
            "year": 2003,
            "quarter": 4,
            "eps": 0.45,
            "eps_growth_year": -53.61,
            "eps_4q": 2.78,
            "eps_4q_growth_year": -9.23,
            "roe": 2.67,
            "roe_4q": 22.470000000000002,
            "gross_profit": 98328,
            "gross_margin": 36.22,
            "gross_margin_4q_avg": 34.91,
            "net_income": 20398,
            "revenue": 271474,
            "common_shares": 496000,
            "book_valuer_per_share": 15.65,
            "book_valuer_per_share_4q_avg": 15.32,
            "equity": 776056,
            "current_ratio": 302.72,
            "debt_ratio": 35.56,
            "inventory_turnover_ratio": 2.16,
            "account_receivable_turnover_ratio": null,
            "reinvestment_rate": null,
            "research_to_sale_ratio": null,
            "price_fair": 108.5,
            "eps_avg_yearly": 3.1,
            "eps_latest_yearly": 1.8,
            "eps_growth_yearly": 29.83
        },
        "20041": {
            "year_quarter": 20041,
            "year": 2004,
            "quarter": 1,
            "eps": 0.23,
            "eps_growth_year": -63.49,
            "eps_4q": 2.34,
            "eps_4q_growth_year": -30.13,
            "roe": 1.47,
            "roe_4q": 19.5,
            "gross_profit": 68902,
            "gross_margin": 31.59,
            "gross_margin_4q_avg": 34.62,
            "net_income": 11470,
            "revenue": 218108,
            "common_shares": 496000,
            "book_valuer_per_share": 15.81,
            "book_valuer_per_share_4q_avg": 15.65,
            "equity": 784020,
            "current_ratio": 322.65,
            "debt_ratio": 30.87,
            "inventory_turnover_ratio": 1.89,
            "account_receivable_turnover_ratio": null,
            "reinvestment_rate": null,
            "research_to_sale_ratio": null,
            "price_fair": 42.27,
            "eps_avg_yearly": 2.86,
            "eps_latest_yearly": 0.92,
            "eps_growth_yearly": 4.79
        },
        "20042": {
            "year_quarter": 20042,
            "year": 2004,
            "quarter": 2,
            "eps": 0.62,
            "eps_growth_year": -46.55,
            "eps_4q": 1.75,
            "eps_4q_growth_year": -45.57,
            "roe": 4.63,
            "roe_4q": 14.399999999999999,
            "gross_profit": 81885,
            "gross_margin": 30.42,
            "gross_margin_4q_avg": 33.64,
            "net_income": 37146,
            "revenue": 269166,
            "common_shares": 604000,
            "book_valuer_per_share": 13.6,
            "book_valuer_per_share_4q_avg": 15.07,
            "equity": 821581,
            "current_ratio": 320.4,
            "debt_ratio": 30.73,
            "inventory_turnover_ratio": 2.17,
            "account_receivable_turnover_ratio": null,
            "reinvestment_rate": null,
            "research_to_sale_ratio": null,
            "price_fair": 98.7,
            "eps_avg_yearly": 2.82,
            "eps_latest_yearly": 2.48,
            "eps_growth_yearly": 72.14
        },
        "20043": {
            "year_quarter": 20043,
            "year": 2004,
            "quarter": 3,
            "eps": 0.47,
            "eps_growth_year": -42.68,
            "eps_4q": 1.61,
            "eps_4q_growth_year": -48.55,
            "roe": 3.39,
            "roe_4q": 12.16,
            "gross_profit": 78878,
            "gross_margin": 33.03,
            "gross_margin_4q_avg": 32.82,
            "net_income": 28343,
            "revenue": 238804,
            "common_shares": 604000,
            "book_valuer_per_share": 14.09,
            "book_valuer_per_share_4q_avg": 14.79,
            "equity": 850799,
            "current_ratio": 388.67,
            "debt_ratio": 28.82,
            "inventory_turnover_ratio": 1.7,
            "account_receivable_turnover_ratio": null,
            "reinvestment_rate": null,
            "research_to_sale_ratio": null,
            "price_fair": 95.71,
            "eps_avg_yearly": 2.73,
            "eps_latest_yearly": 1.88,
            "eps_growth_yearly": 56.78
        },
        "20044": {
            "year_quarter": 20044,
            "year": 2004,
            "quarter": 4,
            "eps": 0.56,
            "eps_growth_year": 24.44,
            "eps_4q": 1.84,
            "eps_4q_growth_year": -34.06,
            "roe": 3.92,
            "roe_4q": 13.410000000000002,
            "gross_profit": 94369,
            "gross_margin": 32.97,
            "gross_margin_4q_avg": 32,
            "net_income": 33770,
            "revenue": 286186,
            "common_shares": 604000,
            "book_valuer_per_share": 14.42,
            "book_valuer_per_share_4q_avg": 14.48,
            "equity": 873325,
            "current_ratio": 439.05,
            "debt_ratio": 28.45,
            "inventory_turnover_ratio": 2.25,
            "account_receivable_turnover_ratio": null,
            "reinvestment_rate": 111.77,
            "research_to_sale_ratio": null,
            "price_fair": 94.27,
            "eps_avg_yearly": 2.69,
            "eps_latest_yearly": 2.24,
            "eps_growth_yearly": 58.43
        },
        "20051": {
            "year_quarter": 20051,
            "year": 2005,
            "quarter": 1,
            "eps": 0.11,
            "eps_growth_year": -52.17,
            "eps_4q": 1.83,
            "eps_4q_growth_year": -22.08,
            "roe": 0.73,
            "roe_4q": 12.670000000000002,
            "gross_profit": 60090,
            "gross_margin": 27.42,
            "gross_margin_4q_avg": 30.96,
            "net_income": 6362,
            "revenue": 219161,
            "common_shares": 604000,
            "book_valuer_per_share": 14.5,
            "book_valuer_per_share_4q_avg": 14.15,
            "equity": 876036,
            "current_ratio": 324.77,
            "debt_ratio": 28.38,
            "inventory_turnover_ratio": 2.12,
            "account_receivable_turnover_ratio": null,
            "reinvestment_rate": 104.06,
            "research_to_sale_ratio": null,
            "price_fair": 88.2,
            "eps_avg_yearly": 2.52,
            "eps_latest_yearly": 0.44,
            "eps_growth_yearly": 29.21
        },
        "20052": {
            "year_quarter": 20052,
            "year": 2005,
            "quarter": 2,
            "eps": 0.6,
            "eps_growth_year": -3.23,
            "eps_4q": 1.66,
            "eps_4q_growth_year": -5.07,
            "roe": 4.39,
            "roe_4q": 12.43,
            "gross_profit": 85945,
            "gross_margin": 26.97,
            "gross_margin_4q_avg": 30.1,
            "net_income": 38585,
            "revenue": 318667,
            "common_shares": 604000,
            "book_valuer_per_share": 14.62,
            "book_valuer_per_share_4q_avg": 14.41,
            "equity": 882758,
            "current_ratio": 245.1,
            "debt_ratio": 32.58,
            "inventory_turnover_ratio": 2.68,
            "account_receivable_turnover_ratio": null,
            "reinvestment_rate": 100.34,
            "research_to_sale_ratio": null,
            "price_fair": 87.9,
            "eps_avg_yearly": 2.51,
            "eps_latest_yearly": 2.4,
            "eps_growth_yearly": 154.4
        },
        "20053": {
            "year_quarter": 20053,
            "year": 2005,
            "quarter": 3,
            "eps": 0.68,
            "eps_growth_year": 44.68,
            "eps_4q": 1.91,
            "eps_4q_growth_year": 18.06,
            "roe": 4.79,
            "roe_4q": 13.83,
            "gross_profit": 91195,
            "gross_margin": 29.37,
            "gross_margin_4q_avg": 29.18,
            "net_income": 43663,
            "revenue": 310505,
            "common_shares": 639000,
            "book_valuer_per_share": 14.72,
            "book_valuer_per_share_4q_avg": 14.57,
            "equity": 940895,
            "current_ratio": 324.56,
            "debt_ratio": 27.78,
            "inventory_turnover_ratio": 2.23,
            "account_receivable_turnover_ratio": null,
            "reinvestment_rate": 92.7,
            "research_to_sale_ratio": null,
            "price_fair": 88.39,
            "eps_avg_yearly": 2.53,
            "eps_latest_yearly": 2.72,
            "eps_growth_yearly": 147.66
        },
        "20054": {
            "year_quarter": 20054,
            "year": 2005,
            "quarter": 4,
            "eps": 0.26,
            "eps_growth_year": -53.57,
            "eps_4q": 1.62,
            "eps_4q_growth_year": -11.63,
            "roe": 1.78,
            "roe_4q": 11.690000000000001,
            "gross_profit": 81269,
            "gross_margin": 27.61,
            "gross_margin_4q_avg": 27.84,
            "net_income": 16907,
            "revenue": 294358,
            "common_shares": 639000,
            "book_valuer_per_share": 14.96,
            "book_valuer_per_share_4q_avg": 14.7,
            "equity": 958147,
            "current_ratio": 267.87,
            "debt_ratio": 29.78,
            "inventory_turnover_ratio": 2.36,
            "account_receivable_turnover_ratio": null,
            "reinvestment_rate": 139.85,
            "research_to_sale_ratio": null,
            "price_fair": 85.14,
            "eps_avg_yearly": 2.43,
            "eps_latest_yearly": 1.04,
            "eps_growth_yearly": 122.99
        },
        "20061": {
            "year_quarter": 20061,
            "year": 2006,
            "quarter": 1,
            "eps": 0.14,
            "eps_growth_year": 27.27,
            "eps_4q": 1.67,
            "eps_4q_growth_year": -8.76,
            "roe": 0.95,
            "roe_4q": 11.91,
            "gross_profit": 71877,
            "gross_margin": 28.69,
            "gross_margin_4q_avg": 28.16,
            "net_income": 9095,
            "revenue": 250493,
            "common_shares": 639000,
            "book_valuer_per_share": 15.09,
            "book_valuer_per_share_4q_avg": 14.85,
            "equity": 964116,
            "current_ratio": 352.78,
            "debt_ratio": 26.53,
            "inventory_turnover_ratio": 2.22,
            "account_receivable_turnover_ratio": null,
            "reinvestment_rate": 89.7,
            "research_to_sale_ratio": null,
            "price_fair": 82.69,
            "eps_avg_yearly": 2.36,
            "eps_latest_yearly": 0.56,
            "eps_growth_yearly": 117.36
        },
        "20062": {
            "year_quarter": 20062,
            "year": 2006,
            "quarter": 2,
            "eps": 0.13,
            "eps_growth_year": -78.33,
            "eps_4q": 1.22,
            "eps_4q_growth_year": -26.7,
            "roe": 0.89,
            "roe_4q": 8.41,
            "gross_profit": 81597,
            "gross_margin": 26.87,
            "gross_margin_4q_avg": 28.14,
            "net_income": 8307,
            "revenue": 303635,
            "common_shares": 639000,
            "book_valuer_per_share": 14.18,
            "book_valuer_per_share_4q_avg": 14.74,
            "equity": 906081,
            "current_ratio": 238.04,
            "debt_ratio": 30.13,
            "inventory_turnover_ratio": 2.86,
            "account_receivable_turnover_ratio": null,
            "reinvestment_rate": 90.66,
            "research_to_sale_ratio": null,
            "price_fair": 77.53,
            "eps_avg_yearly": 2.22,
            "eps_latest_yearly": 0.52,
            "eps_growth_yearly": 97.72
        },
        "20063": {
            "year_quarter": 20063,
            "year": 2006,
            "quarter": 3,
            "eps": 0.3,
            "eps_growth_year": -55.88,
            "eps_4q": 0.82,
            "eps_4q_growth_year": -56.78,
            "roe": 2.14,
            "roe_4q": 5.760000000000001,
            "gross_profit": 83393,
            "gross_margin": 28.28,
            "gross_margin_4q_avg": 27.86,
            "net_income": 19654,
            "revenue": 294925,
            "common_shares": 658000,
            "book_valuer_per_share": 14.17,
            "book_valuer_per_share_4q_avg": 14.6,
            "equity": 932196,
            "current_ratio": 278.07,
            "debt_ratio": 27.22,
            "inventory_turnover_ratio": 2.65,
            "account_receivable_turnover_ratio": null,
            "reinvestment_rate": 93.44,
            "research_to_sale_ratio": null,
            "price_fair": 71.14,
            "eps_avg_yearly": 2.03,
            "eps_latest_yearly": 1.2,
            "eps_growth_yearly": 119.65
        },
        "20064": {
            "year_quarter": 20064,
            "year": 2006,
            "quarter": 4,
            "eps": 0.24,
            "eps_growth_year": -7.69,
            "eps_4q": 0.8,
            "eps_4q_growth_year": -50.88,
            "roe": 1.7,
            "roe_4q": 5.68,
            "gross_profit": 87997,
            "gross_margin": 29.02,
            "gross_margin_4q_avg": 28.22,
            "net_income": 15963,
            "revenue": 303193,
            "common_shares": 658000,
            "book_valuer_per_share": 14.39,
            "book_valuer_per_share_4q_avg": 14.46,
            "equity": 948943,
            "current_ratio": 181.83,
            "debt_ratio": 34.6,
            "inventory_turnover_ratio": 2.33,
            "account_receivable_turnover_ratio": null,
            "reinvestment_rate": 167.36,
            "research_to_sale_ratio": null,
            "price_fair": 64.75,
            "eps_avg_yearly": 1.85,
            "eps_latest_yearly": 0.96,
            "eps_growth_yearly": 116.1
        },
        "20071": {
            "year_quarter": 20071,
            "year": 2007,
            "quarter": 1,
            "eps": 0.21,
            "eps_growth_year": 50,
            "eps_4q": 0.88,
            "eps_4q_growth_year": -47.04,
            "roe": 1.43,
            "roe_4q": 6.159999999999999,
            "gross_profit": 66608,
            "gross_margin": 25.52,
            "gross_margin_4q_avg": 27.42,
            "net_income": 13715,
            "revenue": 261030,
            "common_shares": 658000,
            "book_valuer_per_share": 14.67,
            "book_valuer_per_share_4q_avg": 14.35,
            "equity": 965401,
            "current_ratio": 304.66,
            "debt_ratio": 25.1,
            "inventory_turnover_ratio": 2.42,
            "account_receivable_turnover_ratio": null,
            "reinvestment_rate": 99.4,
            "research_to_sale_ratio": null,
            "price_fair": 61.08,
            "eps_avg_yearly": 1.75,
            "eps_latest_yearly": 0.84,
            "eps_growth_yearly": 121.74
        },
        "20072": {
            "year_quarter": 20072,
            "year": 2007,
            "quarter": 2,
            "eps": 0.59,
            "eps_growth_year": 353.85,
            "eps_4q": 1.34,
            "eps_4q_growth_year": 9.87,
            "roe": 4.03,
            "roe_4q": 9.3,
            "gross_profit": 97534,
            "gross_margin": 28.47,
            "gross_margin_4q_avg": 27.82,
            "net_income": 38777,
            "revenue": 342571,
            "common_shares": 658000,
            "book_valuer_per_share": 14.55,
            "book_valuer_per_share_4q_avg": 14.45,
            "equity": 957681,
            "current_ratio": 249.11,
            "debt_ratio": 28.22,
            "inventory_turnover_ratio": 4.04,
            "account_receivable_turnover_ratio": null,
            "reinvestment_rate": 80.59,
            "research_to_sale_ratio": null,
            "price_fair": 56.09,
            "eps_avg_yearly": 1.6,
            "eps_latest_yearly": 2.36,
            "eps_growth_yearly": 145.95
        },
        "20073": {
            "year_quarter": 20073,
            "year": 2007,
            "quarter": 3,
            "eps": 0.62,
            "eps_growth_year": 106.67,
            "eps_4q": 1.66,
            "eps_4q_growth_year": 101.93,
            "roe": 4.16,
            "roe_4q": 11.32,
            "gross_profit": 102287,
            "gross_margin": 30.1,
            "gross_margin_4q_avg": 28.28,
            "net_income": 40682,
            "revenue": 339819,
            "common_shares": 658000,
            "book_valuer_per_share": 15.17,
            "book_valuer_per_share_4q_avg": 14.7,
            "equity": 998232,
            "current_ratio": 268.25,
            "debt_ratio": 27.17,
            "inventory_turnover_ratio": 3.37,
            "account_receivable_turnover_ratio": null,
            "reinvestment_rate": -1.46,
            "research_to_sale_ratio": null,
            "price_fair": 54.34,
            "eps_avg_yearly": 1.55,
            "eps_latest_yearly": 2.48,
            "eps_growth_yearly": 154.55
        },
        "20074": {
            "year_quarter": 20074,
            "year": 2007,
            "quarter": 4,
            "eps": 0.91,
            "eps_growth_year": 279.17,
            "eps_4q": 2.32,
            "eps_4q_growth_year": 191.06,
            "roe": 5.81,
            "roe_4q": 15.43,
            "gross_profit": 135812,
            "gross_margin": 36.21,
            "gross_margin_4q_avg": 30.08,
            "net_income": 60127,
            "revenue": 375099,
            "common_shares": 658000,
            "book_valuer_per_share": 16.13,
            "book_valuer_per_share_4q_avg": 15.13,
            "equity": 1072546,
            "current_ratio": 210.02,
            "debt_ratio": 33.54,
            "inventory_turnover_ratio": 2.32,
            "account_receivable_turnover_ratio": null,
            "reinvestment_rate": 64.99,
            "research_to_sale_ratio": null,
            "price_fair": 58.36,
            "eps_avg_yearly": 1.67,
            "eps_latest_yearly": 3.64,
            "eps_growth_yearly": 177.52
        },
        "20081": {
            "year_quarter": 20081,
            "year": 2008,
            "quarter": 1,
            "eps": 0.43,
            "eps_growth_year": 104.76,
            "eps_4q": 2.62,
            "eps_4q_growth_year": 197.02,
            "roe": 2.55,
            "roe_4q": 16.55,
            "gross_profit": 120718,
            "gross_margin": 29.26,
            "gross_margin_4q_avg": 31.01,
            "net_income": 27581,
            "revenue": 412590,
            "common_shares": 658000,
            "book_valuer_per_share": 16.38,
            "book_valuer_per_share_4q_avg": 15.56,
            "equity": 1088283,
            "current_ratio": 197.41,
            "debt_ratio": 34,
            "inventory_turnover_ratio": 2.07,
            "account_receivable_turnover_ratio": null,
            "reinvestment_rate": 48.01,
            "research_to_sale_ratio": null,
            "price_fair": 60.11,
            "eps_avg_yearly": 1.72,
            "eps_latest_yearly": 1.72,
            "eps_growth_yearly": 176.56
        },
        "20082": {
            "year_quarter": 20082,
            "year": 2008,
            "quarter": 2,
            "eps": 0.67,
            "eps_growth_year": 13.56,
            "eps_4q": 2.83,
            "eps_4q_growth_year": 110.88,
            "roe": 3.86,
            "roe_4q": 16.38,
            "gross_profit": 167254,
            "gross_margin": 43.26,
            "gross_margin_4q_avg": 34.71,
            "net_income": 41452,
            "revenue": 386655,
            "common_shares": 658000,
            "book_valuer_per_share": 15.77,
            "book_valuer_per_share_4q_avg": 15.86,
            "equity": 1057061,
            "current_ratio": 161.37,
            "debt_ratio": 41.75,
            "inventory_turnover_ratio": 1.28,
            "account_receivable_turnover_ratio": null,
            "reinvestment_rate": 47.57,
            "research_to_sale_ratio": null,
            "price_fair": 60.55,
            "eps_avg_yearly": 1.73,
            "eps_latest_yearly": 2.68,
            "eps_growth_yearly": 148.12
        },
        "20083": {
            "year_quarter": 20083,
            "year": 2008,
            "quarter": 3,
            "eps": 0.71,
            "eps_growth_year": 14.52,
            "eps_4q": 2.73,
            "eps_4q_growth_year": 63.9,
            "roe": 4.36,
            "roe_4q": 16.58,
            "gross_profit": 185813,
            "gross_margin": 39.3,
            "gross_margin_4q_avg": 37.01,
            "net_income": 47543,
            "revenue": 472826,
            "common_shares": 679000,
            "book_valuer_per_share": 16.25,
            "book_valuer_per_share_4q_avg": 16.13,
            "equity": 1123373,
            "current_ratio": 196.45,
            "debt_ratio": 34.36,
            "inventory_turnover_ratio": 1.43,
            "account_receivable_turnover_ratio": null,
            "reinvestment_rate": 48.3,
            "research_to_sale_ratio": null,
            "price_fair": 62.65,
            "eps_avg_yearly": 1.79,
            "eps_latest_yearly": 2.84,
            "eps_growth_yearly": 155.66
        },
        "20084": {
            "year_quarter": 20084,
            "year": 2008,
            "quarter": 4,
            "eps": 0.53,
            "eps_growth_year": -41.76,
            "eps_4q": 2.43,
            "eps_4q_growth_year": 4.82,
            "roe": 3.02,
            "roe_4q": 13.79,
            "gross_profit": 113385,
            "gross_margin": 32.37,
            "gross_margin_4q_avg": 36.05,
            "net_income": 34553,
            "revenue": 350329,
            "common_shares": 679000,
            "book_valuer_per_share": 16.87,
            "book_valuer_per_share_4q_avg": 16.32,
            "equity": 1163473,
            "current_ratio": 195.71,
            "debt_ratio": 33.93,
            "inventory_turnover_ratio": 1.24,
            "account_receivable_turnover_ratio": 3.25,
            "reinvestment_rate": 43.31,
            "research_to_sale_ratio": null,
            "price_fair": 62.39,
            "eps_avg_yearly": 1.78,
            "eps_latest_yearly": 2.12,
            "eps_growth_yearly": 144.53
        },
        "20091": {
            "year_quarter": 20091,
            "year": 2009,
            "quarter": 1,
            "eps": 0.66,
            "eps_growth_year": 53.49,
            "eps_4q": 2.64,
            "eps_4q_growth_year": 0.55,
            "roe": 3.66,
            "roe_4q": 14.899999999999999,
            "gross_profit": 135547,
            "gross_margin": 38.36,
            "gross_margin_4q_avg": 38.32,
            "net_income": 43719,
            "revenue": 353400,
            "common_shares": 679000,
            "book_valuer_per_share": 17.67,
            "book_valuer_per_share_4q_avg": 16.64,
            "equity": 1223110,
            "current_ratio": 206.39,
            "debt_ratio": 32.89,
            "inventory_turnover_ratio": 1.33,
            "account_receivable_turnover_ratio": 1.9,
            "reinvestment_rate": 49.43,
            "research_to_sale_ratio": null,
            "price_fair": 67.2,
            "eps_avg_yearly": 1.92,
            "eps_latest_yearly": 2.64,
            "eps_growth_yearly": 170.76
        },
        "20092": {
            "year_quarter": 20092,
            "year": 2009,
            "quarter": 2,
            "eps": 0.85,
            "eps_growth_year": 26.87,
            "eps_4q": 2.72,
            "eps_4q_growth_year": -3.83,
            "roe": 4.94,
            "roe_4q": 15.98,
            "gross_profit": 163500,
            "gross_margin": 37.66,
            "gross_margin_4q_avg": 36.92,
            "net_income": 59466,
            "revenue": 434137,
            "common_shares": 679000,
            "book_valuer_per_share": 17.28,
            "book_valuer_per_share_4q_avg": 17.02,
            "equity": 1185438,
            "current_ratio": 203.62,
            "debt_ratio": 32.76,
            "inventory_turnover_ratio": 1.91,
            "account_receivable_turnover_ratio": 2.26,
            "reinvestment_rate": 43.99,
            "research_to_sale_ratio": null,
            "price_fair": 69.39,
            "eps_avg_yearly": 1.98,
            "eps_latest_yearly": 3.4,
            "eps_growth_yearly": 66.59
        },
        "20093": {
            "year_quarter": 20093,
            "year": 2009,
            "quarter": 3,
            "eps": 0.61,
            "eps_growth_year": -14.08,
            "eps_4q": 2.59,
            "eps_4q_growth_year": -4.92,
            "roe": 3.63,
            "roe_4q": 15.25,
            "gross_profit": 140854,
            "gross_margin": 36.12,
            "gross_margin_4q_avg": 36.13,
            "net_income": 43772,
            "revenue": 389968,
            "common_shares": 721953,
            "book_valuer_per_share": 16.77,
            "book_valuer_per_share_4q_avg": 17.15,
            "equity": 1225116,
            "current_ratio": 268.78,
            "debt_ratio": 26.09,
            "inventory_turnover_ratio": 1.88,
            "account_receivable_turnover_ratio": 1.75,
            "reinvestment_rate": 41.78,
            "research_to_sale_ratio": null,
            "price_fair": 68.78,
            "eps_avg_yearly": 1.97,
            "eps_latest_yearly": 2.44,
            "eps_growth_yearly": 56.2
        },
        "20094": {
            "year_quarter": 20094,
            "year": 2009,
            "quarter": 4,
            "eps": 0.86,
            "eps_growth_year": 62.26,
            "eps_4q": 2.94,
            "eps_4q_growth_year": 20.85,
            "roe": 4.96,
            "roe_4q": 17.19,
            "gross_profit": 158020,
            "gross_margin": 39.53,
            "gross_margin_4q_avg": 37.92,
            "net_income": 62126,
            "revenue": 399764,
            "common_shares": 721953,
            "book_valuer_per_share": 17.59,
            "book_valuer_per_share_4q_avg": 17.33,
            "equity": 1280724,
            "current_ratio": 262.66,
            "debt_ratio": 22.37,
            "inventory_turnover_ratio": 1.87,
            "account_receivable_turnover_ratio": 2.52,
            "reinvestment_rate": 11.4,
            "research_to_sale_ratio": null,
            "price_fair": 74.03,
            "eps_avg_yearly": 2.12,
            "eps_latest_yearly": 3.44,
            "eps_growth_yearly": 81.88
        },
        "20101": {
            "year_quarter": 20101,
            "year": 2010,
            "quarter": 1,
            "eps": 0.7,
            "eps_growth_year": 6.06,
            "eps_4q": 3.02,
            "eps_4q_growth_year": 14.43,
            "roe": 3.82,
            "roe_4q": 17.35,
            "gross_profit": 155716,
            "gross_margin": 37.63,
            "gross_margin_4q_avg": 37.74,
            "net_income": 49846,
            "revenue": 413822,
            "common_shares": 721953,
            "book_valuer_per_share": 18.24,
            "book_valuer_per_share_4q_avg": 17.47,
            "equity": 1326433,
            "current_ratio": 259.48,
            "debt_ratio": 20.09,
            "inventory_turnover_ratio": 1.86,
            "account_receivable_turnover_ratio": 1.32,
            "reinvestment_rate": 47.47,
            "research_to_sale_ratio": 4.08,
            "price_fair": 78.93,
            "eps_avg_yearly": 2.26,
            "eps_latest_yearly": 2.8,
            "eps_growth_yearly": 88.77
        },
        "20102": {
            "year_quarter": 20102,
            "year": 2010,
            "quarter": 2,
            "eps": 0.86,
            "eps_growth_year": 0.67,
            "eps_4q": 2.92,
            "eps_4q_growth_year": 7.45,
            "roe": 5.02,
            "roe_4q": 17.43,
            "gross_profit": 201700,
            "gross_margin": 41.62,
            "gross_margin_4q_avg": 38.73,
            "net_income": 65279,
            "revenue": 484648,
            "common_shares": 721953,
            "book_valuer_per_share": 17.49,
            "book_valuer_per_share_4q_avg": 17.52,
            "equity": 1272677,
            "current_ratio": 197.83,
            "debt_ratio": 27.2,
            "inventory_turnover_ratio": 1.68,
            "account_receivable_turnover_ratio": 1.43,
            "reinvestment_rate": 45,
            "research_to_sale_ratio": 3.75,
            "price_fair": 85.31,
            "eps_avg_yearly": 2.44,
            "eps_latest_yearly": 3.44,
            "eps_growth_yearly": 96.27
        },
        "20103": {
            "year_quarter": 20103,
            "year": 2010,
            "quarter": 3,
            "eps": 0.61,
            "eps_growth_year": -0.47,
            "eps_4q": 2.95,
            "eps_4q_growth_year": 13.69,
            "roe": 3.48,
            "roe_4q": 17.28,
            "gross_profit": 144373,
            "gross_margin": 37.33,
            "gross_margin_4q_avg": 39.03,
            "net_income": 44948,
            "revenue": 386771,
            "common_shares": 758050,
            "book_valuer_per_share": 17.2,
            "book_valuer_per_share_4q_avg": 17.63,
            "equity": 1312398,
            "current_ratio": 297.64,
            "debt_ratio": 16.96,
            "inventory_turnover_ratio": 1.35,
            "account_receivable_turnover_ratio": 1.13,
            "reinvestment_rate": 43.64,
            "research_to_sale_ratio": 4.49,
            "price_fair": 88.03,
            "eps_avg_yearly": 2.52,
            "eps_latest_yearly": 2.44,
            "eps_growth_yearly": 56.31
        },
        "20104": {
            "year_quarter": 20104,
            "year": 2010,
            "quarter": 4,
            "eps": 0.26,
            "eps_growth_year": -69.92,
            "eps_4q": 2.38,
            "eps_4q_growth_year": -18.9,
            "roe": 1.48,
            "roe_4q": 13.8,
            "gross_profit": 133893,
            "gross_margin": 35.61,
            "gross_margin_4q_avg": 38.05,
            "net_income": 19368,
            "revenue": 375975,
            "common_shares": 758050,
            "book_valuer_per_share": 17.15,
            "book_valuer_per_share_4q_avg": 17.52,
            "equity": 1308699,
            "current_ratio": 269.09,
            "debt_ratio": 19.27,
            "inventory_turnover_ratio": 1.4,
            "account_receivable_turnover_ratio": 1.3,
            "reinvestment_rate": 2.21,
            "research_to_sale_ratio": 6.6,
            "price_fair": 88.2,
            "eps_avg_yearly": 2.52,
            "eps_latest_yearly": 1.04,
            "eps_growth_yearly": 46.97
        },
        "20111": {
            "year_quarter": 20111,
            "year": 2011,
            "quarter": 1,
            "eps": 1,
            "eps_growth_year": 42.86,
            "eps_4q": 2.72,
            "eps_4q_growth_year": -9.84,
            "roe": 5.61,
            "roe_4q": 15.59,
            "gross_profit": 169127,
            "gross_margin": 37.99,
            "gross_margin_4q_avg": 38.14,
            "net_income": 75648,
            "revenue": 445212,
            "common_shares": 758050,
            "book_valuer_per_share": 18.23,
            "book_valuer_per_share_4q_avg": 17.52,
            "equity": 1390069,
            "current_ratio": 277.35,
            "debt_ratio": 19.87,
            "inventory_turnover_ratio": 1.63,
            "account_receivable_turnover_ratio": 1.5,
            "reinvestment_rate": 39.93,
            "research_to_sale_ratio": 4.16,
            "price_fair": 95.11,
            "eps_avg_yearly": 2.72,
            "eps_latest_yearly": 4,
            "eps_growth_yearly": 121.25
        },
        "20112": {
            "year_quarter": 20112,
            "year": 2011,
            "quarter": 2,
            "eps": 0.56,
            "eps_growth_year": -34.55,
            "eps_4q": 2.25,
            "eps_4q_growth_year": -22.83,
            "roe": 3.46,
            "roe_4q": 14.030000000000001,
            "gross_profit": 138798,
            "gross_margin": 32.27,
            "gross_margin_4q_avg": 35.8,
            "net_income": 47464,
            "revenue": 430078,
            "common_shares": 758050,
            "book_valuer_per_share": 17.69,
            "book_valuer_per_share_4q_avg": 17.57,
            "equity": 1350149,
            "current_ratio": 227.34,
            "debt_ratio": 24.88,
            "inventory_turnover_ratio": 1.63,
            "account_receivable_turnover_ratio": 1.18,
            "reinvestment_rate": 39.11,
            "research_to_sale_ratio": 4.5,
            "price_fair": 94.85,
            "eps_avg_yearly": 2.71,
            "eps_latest_yearly": 2.24,
            "eps_growth_yearly": 65.01
        },
        "20113": {
            "year_quarter": 20113,
            "year": 2011,
            "quarter": 3,
            "eps": 0.65,
            "eps_growth_year": 7.59,
            "eps_4q": 2.36,
            "eps_4q_growth_year": -20.06,
            "roe": 3.93,
            "roe_4q": 14.48,
            "gross_profit": 156783,
            "gross_margin": 38.2,
            "gross_margin_4q_avg": 36.02,
            "net_income": 54663,
            "revenue": 410423,
            "common_shares": 833855,
            "book_valuer_per_share": 17.04,
            "book_valuer_per_share_4q_avg": 17.53,
            "equity": 1429762,
            "current_ratio": 309.56,
            "debt_ratio": 17.36,
            "inventory_turnover_ratio": 1.13,
            "account_receivable_turnover_ratio": 1.07,
            "reinvestment_rate": 42.71,
            "research_to_sale_ratio": 5.19,
            "price_fair": 95.11,
            "eps_avg_yearly": 2.72,
            "eps_latest_yearly": 2.6,
            "eps_growth_yearly": 67.75
        },
        "20114": {
            "year_quarter": 20114,
            "year": 2011,
            "quarter": 4,
            "eps": 0.67,
            "eps_growth_year": 158.38,
            "eps_4q": 2.79,
            "eps_4q_growth_year": 17.01,
            "roe": 3.85,
            "roe_4q": 16.85,
            "gross_profit": 168927,
            "gross_margin": 36.5,
            "gross_margin_4q_avg": 36.24,
            "net_income": 56123,
            "revenue": 462805,
            "common_shares": 833855,
            "book_valuer_per_share": 17.67,
            "book_valuer_per_share_4q_avg": 17.66,
            "equity": 1484333,
            "current_ratio": 217.92,
            "debt_ratio": 23.8,
            "inventory_turnover_ratio": 1.2,
            "account_receivable_turnover_ratio": 1.38,
            "reinvestment_rate": -8.44,
            "research_to_sale_ratio": 5.03,
            "price_fair": 93.01,
            "eps_avg_yearly": 2.66,
            "eps_latest_yearly": 2.68,
            "eps_growth_yearly": 56.83
        },
        "20121": {
            "year_quarter": 20121,
            "year": 2012,
            "quarter": 1,
            "eps": 0.67,
            "eps_growth_year": -33,
            "eps_4q": 2.55,
            "eps_4q_growth_year": -6.17,
            "roe": 3.71,
            "roe_4q": 14.95,
            "gross_profit": 168898,
            "gross_margin": 38.19,
            "gross_margin_4q_avg": 36.29,
            "net_income": 56003,
            "revenue": 442311,
            "common_shares": 833855,
            "book_valuer_per_share": 18.24,
            "book_valuer_per_share_4q_avg": 17.66,
            "equity": 1531501,
            "current_ratio": 258.21,
            "debt_ratio": 21.76,
            "inventory_turnover_ratio": 1.29,
            "account_receivable_turnover_ratio": 1.52,
            "reinvestment_rate": -8.44,
            "research_to_sale_ratio": 4.68,
            "price_fair": 95.11,
            "eps_avg_yearly": 2.72,
            "eps_latest_yearly": 2.68,
            "eps_growth_yearly": 70.02
        },
        "20122": {
            "year_quarter": 20122,
            "year": 2012,
            "quarter": 2,
            "eps": 0.75,
            "eps_growth_year": 33.56,
            "eps_4q": 2.74,
            "eps_4q_growth_year": 21.52,
            "roe": 4.23,
            "roe_4q": 15.72,
            "gross_profit": 178553,
            "gross_margin": 38.49,
            "gross_margin_4q_avg": 37.85,
            "net_income": 63094,
            "revenue": 463907,
            "common_shares": 833855,
            "book_valuer_per_share": 17.25,
            "book_valuer_per_share_4q_avg": 17.55,
            "equity": 1449826,
            "current_ratio": 205.15,
            "debt_ratio": 28.06,
            "inventory_turnover_ratio": 1.27,
            "account_receivable_turnover_ratio": 1.48,
            "reinvestment_rate": -8.38,
            "research_to_sale_ratio": 4.68,
            "price_fair": 95.81,
            "eps_avg_yearly": 2.74,
            "eps_latest_yearly": 3,
            "eps_growth_yearly": 59.05
        },
        "20123": {
            "year_quarter": 20123,
            "year": 2012,
            "quarter": 3,
            "eps": 0.59,
            "eps_growth_year": -9.84,
            "eps_4q": 2.68,
            "eps_4q_growth_year": 13.57,
            "roe": 3.4,
            "roe_4q": 15.19,
            "gross_profit": 199882,
            "gross_margin": 41.08,
            "gross_margin_4q_avg": 38.57,
            "net_income": 51084,
            "revenue": 486578,
            "common_shares": 833855,
            "book_valuer_per_share": 17.78,
            "book_valuer_per_share_4q_avg": 17.74,
            "equity": 1551113,
            "current_ratio": 160.76,
            "debt_ratio": 30.13,
            "inventory_turnover_ratio": 1.11,
            "account_receivable_turnover_ratio": 1.36,
            "reinvestment_rate": -4.47,
            "research_to_sale_ratio": 4.2,
            "price_fair": 94.76,
            "eps_avg_yearly": 2.71,
            "eps_latest_yearly": 2.36,
            "eps_growth_yearly": 52.22
        },
        "20124": {
            "year_quarter": 20124,
            "year": 2012,
            "quarter": 4,
            "eps": 0.35,
            "eps_growth_year": -48.21,
            "eps_4q": 2.35,
            "eps_4q_growth_year": -15.63,
            "roe": 2.23,
            "roe_4q": 13.57,
            "gross_profit": 194187,
            "gross_margin": 42.87,
            "gross_margin_4q_avg": 40.16,
            "net_income": 34925,
            "revenue": 452975,
            "common_shares": 833855,
            "book_valuer_per_share": 18.03,
            "book_valuer_per_share_4q_avg": 17.83,
            "equity": 1576579,
            "current_ratio": 171.26,
            "debt_ratio": 26.84,
            "inventory_turnover_ratio": 1.02,
            "account_receivable_turnover_ratio": 1.35,
            "reinvestment_rate": -1.32,
            "research_to_sale_ratio": 4.65,
            "price_fair": 93.19,
            "eps_avg_yearly": 2.66,
            "eps_latest_yearly": 1.4,
            "eps_growth_yearly": 48.39
        },
        "20131": {
            "year_quarter": 20131,
            "year": 2013,
            "quarter": 1,
            "eps": 0.5,
            "eps_growth_year": -25.37,
            "eps_4q": 2.18,
            "eps_4q_growth_year": -14.57,
            "roe": 2.64,
            "roe_4q": 12.5,
            "gross_profit": 192128,
            "gross_margin": 39.1,
            "gross_margin_4q_avg": 40.39,
            "net_income": 44398,
            "revenue": 491346,
            "common_shares": 833855,
            "book_valuer_per_share": 18.4,
            "book_valuer_per_share_4q_avg": 17.87,
            "equity": 1787347,
            "current_ratio": 179.69,
            "debt_ratio": 24.54,
            "inventory_turnover_ratio": 1.3,
            "account_receivable_turnover_ratio": 1.75,
            "reinvestment_rate": -0.67,
            "research_to_sale_ratio": 3.4,
            "price_fair": 91.79,
            "eps_avg_yearly": 2.62,
            "eps_latest_yearly": 2,
            "eps_growth_yearly": 52.97
        },
        "20132": {
            "year_quarter": 20132,
            "year": 2013,
            "quarter": 2,
            "eps": 0.45,
            "eps_growth_year": -39.85,
            "eps_4q": 1.88,
            "eps_4q_growth_year": -31.5,
            "roe": 2.26,
            "roe_4q": 10.530000000000001,
            "gross_profit": 228538,
            "gross_margin": 44.79,
            "gross_margin_4q_avg": 41.96,
            "net_income": 40460,
            "revenue": 510292,
            "common_shares": 833855,
            "book_valuer_per_share": 18.46,
            "book_valuer_per_share_4q_avg": 18.17,
            "equity": 1798651,
            "current_ratio": 176.94,
            "debt_ratio": 25.79,
            "inventory_turnover_ratio": 1.22,
            "account_receivable_turnover_ratio": 1.9,
            "reinvestment_rate": 1.36,
            "research_to_sale_ratio": 3.7,
            "price_fair": 88.29,
            "eps_avg_yearly": 2.52,
            "eps_latest_yearly": 1.8,
            "eps_growth_yearly": 43.28
        },
        "20133": {
            "year_quarter": 20133,
            "year": 2013,
            "quarter": 3,
            "eps": 0.15,
            "eps_growth_year": -74.53,
            "eps_4q": 1.44,
            "eps_4q_growth_year": -46.16,
            "roe": 0.85,
            "roe_4q": 7.98,
            "gross_profit": 198806,
            "gross_margin": 40.22,
            "gross_margin_4q_avg": 41.75,
            "net_income": 15086,
            "revenue": 494330,
            "common_shares": 833855,
            "book_valuer_per_share": 18.45,
            "book_valuer_per_share_4q_avg": 18.34,
            "equity": 1751649,
            "current_ratio": 169.82,
            "debt_ratio": 25.89,
            "inventory_turnover_ratio": 1.21,
            "account_receivable_turnover_ratio": 1.8,
            "reinvestment_rate": 3.29,
            "research_to_sale_ratio": 3.99,
            "price_fair": 84.26,
            "eps_avg_yearly": 2.41,
            "eps_latest_yearly": 0.6,
            "eps_growth_yearly": 33.67
        },
        "20134": {
            "year_quarter": 20134,
            "year": 2013,
            "quarter": 4,
            "eps": 0.51,
            "eps_growth_year": 46.24,
            "eps_4q": 1.6,
            "eps_4q_growth_year": -31.98,
            "roe": 2.58,
            "roe_4q": 8.33,
            "gross_profit": 231525,
            "gross_margin": 44.44,
            "gross_margin_4q_avg": 42.14,
            "net_income": 46285,
            "revenue": 521003,
            "common_shares": 833855,
            "book_valuer_per_share": 19.26,
            "book_valuer_per_share_4q_avg": 18.64,
            "equity": 1829805,
            "current_ratio": 179.89,
            "debt_ratio": 24.68,
            "inventory_turnover_ratio": 1.16,
            "account_receivable_turnover_ratio": 1.98,
            "reinvestment_rate": -3.65,
            "research_to_sale_ratio": 4.71,
            "price_fair": 81.2,
            "eps_avg_yearly": 2.32,
            "eps_latest_yearly": 2.04,
            "eps_growth_yearly": 83.42
        },
        "20141": {
            "year_quarter": 20141,
            "year": 2014,
            "quarter": 1,
            "eps": 0.68,
            "eps_growth_year": 36,
            "eps_4q": 1.78,
            "eps_4q_growth_year": -18.14,
            "roe": 3.24,
            "roe_4q": 8.93,
            "gross_profit": 264312,
            "gross_margin": 45.48,
            "gross_margin_4q_avg": 43.73,
            "net_income": 60610,
            "revenue": 581195,
            "common_shares": 833855,
            "book_valuer_per_share": 20.13,
            "book_valuer_per_share_4q_avg": 19.08,
            "equity": 1912302,
            "current_ratio": 176,
            "debt_ratio": 27.89,
            "inventory_turnover_ratio": 1.14,
            "account_receivable_turnover_ratio": 1.94,
            "reinvestment_rate": -4.58,
            "research_to_sale_ratio": 2.8,
            "price_fair": 81.03,
            "eps_avg_yearly": 2.32,
            "eps_latest_yearly": 2.72,
            "eps_growth_yearly": 96.41
        },
        "20142": {
            "year_quarter": 20142,
            "year": 2014,
            "quarter": 2,
            "eps": 0.63,
            "eps_growth_year": 40,
            "eps_4q": 1.97,
            "eps_4q_growth_year": 4.94,
            "roe": 2.96,
            "roe_4q": 9.63,
            "gross_profit": 266062,
            "gross_margin": 45.51,
            "gross_margin_4q_avg": 43.91,
            "net_income": 56250,
            "revenue": 584602,
            "common_shares": 833855,
            "book_valuer_per_share": 19.97,
            "book_valuer_per_share_4q_avg": 19.45,
            "equity": 1890665,
            "current_ratio": 173.55,
            "debt_ratio": 28.64,
            "inventory_turnover_ratio": 1.03,
            "account_receivable_turnover_ratio": 1.78,
            "reinvestment_rate": -6.5,
            "research_to_sale_ratio": 4.54,
            "price_fair": 79.01,
            "eps_avg_yearly": 2.26,
            "eps_latest_yearly": 2.52,
            "eps_growth_yearly": 88.85
        },
        "20143": {
            "year_quarter": 20143,
            "year": 2014,
            "quarter": 3,
            "eps": 0.57,
            "eps_growth_year": 280,
            "eps_4q": 2.39,
            "eps_4q_growth_year": 65.78,
            "roe": 2.69,
            "roe_4q": 11.47,
            "gross_profit": 268283,
            "gross_margin": 48.35,
            "gross_margin_4q_avg": 45.95,
            "net_income": 51340,
            "revenue": 554834,
            "common_shares": 833855,
            "book_valuer_per_share": 20.47,
            "book_valuer_per_share_4q_avg": 19.96,
            "equity": 1929473,
            "current_ratio": 196.56,
            "debt_ratio": 24.84,
            "inventory_turnover_ratio": 0.9,
            "account_receivable_turnover_ratio": 1.83,
            "reinvestment_rate": -6.81,
            "research_to_sale_ratio": 4.31,
            "price_fair": 78.66,
            "eps_avg_yearly": 2.25,
            "eps_latest_yearly": 2.28,
            "eps_growth_yearly": 93.74
        },
        "20144": {
            "year_quarter": 20144,
            "year": 2014,
            "quarter": 4,
            "eps": 0.26,
            "eps_growth_year": -49.08,
            "eps_4q": 2.14,
            "eps_4q_growth_year": 33.68,
            "roe": 1.54,
            "roe_4q": 10.43,
            "gross_profit": 247878,
            "gross_margin": 45.67,
            "gross_margin_4q_avg": 46.25,
            "net_income": 29906,
            "revenue": 542726,
            "common_shares": 833855,
            "book_valuer_per_share": 20.82,
            "book_valuer_per_share_4q_avg": 20.35,
            "equity": 1966555,
            "current_ratio": 220.4,
            "debt_ratio": 21.92,
            "inventory_turnover_ratio": 1,
            "account_receivable_turnover_ratio": 1.9,
            "reinvestment_rate": -5.13,
            "research_to_sale_ratio": 4.02,
            "price_fair": 78.66,
            "eps_avg_yearly": 2.25,
            "eps_latest_yearly": 1.04,
            "eps_growth_yearly": 94.49
        },
        "20151": {
            "year_quarter": 20151,
            "year": 2015,
            "quarter": 1,
            "eps": 0.69,
            "eps_growth_year": 1.47,
            "eps_4q": 2.15,
            "eps_4q_growth_year": 20.41,
            "roe": 3.2,
            "roe_4q": 10.39,
            "gross_profit": 235344,
            "gross_margin": 45.52,
            "gross_margin_4q_avg": 46.26,
            "net_income": 63147,
            "revenue": 516963,
            "common_shares": 833855,
            "book_valuer_per_share": 21.04,
            "book_valuer_per_share_4q_avg": 20.58,
            "equity": 1976005,
            "current_ratio": 235.95,
            "debt_ratio": 21.3,
            "inventory_turnover_ratio": 1.01,
            "account_receivable_turnover_ratio": 1.76,
            "reinvestment_rate": -9.22,
            "research_to_sale_ratio": 4.07,
            "price_fair": 75.95,
            "eps_avg_yearly": 2.17,
            "eps_latest_yearly": 2.76,
            "eps_growth_yearly": 64.68
        },
        "20152": {
            "year_quarter": 20152,
            "year": 2015,
            "quarter": 2,
            "eps": 0.58,
            "eps_growth_year": -7.94,
            "eps_4q": 2.1,
            "eps_4q_growth_year": 6.79,
            "roe": 2.52,
            "roe_4q": 9.950000000000001,
            "gross_profit": 240428,
            "gross_margin": 43.64,
            "gross_margin_4q_avg": 45.8,
            "net_income": 49747,
            "revenue": 550937,
            "common_shares": 833855,
            "book_valuer_per_share": 20.82,
            "book_valuer_per_share_4q_avg": 20.79,
            "equity": 1969414,
            "current_ratio": 207.82,
            "debt_ratio": 25.33,
            "inventory_turnover_ratio": 1.12,
            "account_receivable_turnover_ratio": 1.81,
            "reinvestment_rate": -9.28,
            "research_to_sale_ratio": 4.03,
            "price_fair": 76.13,
            "eps_avg_yearly": 2.18,
            "eps_latest_yearly": 2.32,
            "eps_growth_yearly": 71.7
        },
        "20153": {
            "year_quarter": 20153,
            "year": 2015,
            "quarter": 3,
            "eps": 0.2,
            "eps_growth_year": -64.91,
            "eps_4q": 1.73,
            "eps_4q_growth_year": -27.63,
            "roe": 0.79,
            "roe_4q": 8.05,
            "gross_profit": 185490,
            "gross_margin": 44.36,
            "gross_margin_4q_avg": 44.8,
            "net_income": 14049,
            "revenue": 418107,
            "common_shares": 833855,
            "book_valuer_per_share": 19.22,
            "book_valuer_per_share_4q_avg": 20.48,
            "equity": 1604110,
            "current_ratio": 135.94,
            "debt_ratio": 37.75,
            "inventory_turnover_ratio": 0.8,
            "account_receivable_turnover_ratio": 1.49,
            "reinvestment_rate": -13.81,
            "research_to_sale_ratio": 5.95,
            "price_fair": 72.19,
            "eps_avg_yearly": 2.06,
            "eps_latest_yearly": 0.8,
            "eps_growth_yearly": 51.3
        },
        "20154": {
            "year_quarter": 20154,
            "year": 2015,
            "quarter": 4,
            "eps": 0.55,
            "eps_growth_year": 114.64,
            "eps_4q": 2.02,
            "eps_4q_growth_year": -5.42,
            "roe": 2.87,
            "roe_4q": 9.379999999999999,
            "gross_profit": 239903,
            "gross_margin": 45.27,
            "gross_margin_4q_avg": 44.7,
            "net_income": 46990,
            "revenue": 529887,
            "common_shares": 833855,
            "book_valuer_per_share": 20.02,
            "book_valuer_per_share_4q_avg": 20.28,
            "equity": 1670752,
            "current_ratio": 154.39,
            "debt_ratio": 33.19,
            "inventory_turnover_ratio": 0.92,
            "account_receivable_turnover_ratio": 2.15,
            "reinvestment_rate": 0.88,
            "research_to_sale_ratio": 4.99,
            "price_fair": 71.14,
            "eps_avg_yearly": 2.03,
            "eps_latest_yearly": 2.2,
            "eps_growth_yearly": 94.28
        },
        "20161": {
            "year_quarter": 20161,
            "year": 2016,
            "quarter": 1,
            "eps": 0.56,
            "eps_growth_year": -18.84,
            "eps_4q": 1.9,
            "eps_4q_growth_year": -11.6,
            "roe": 2.81,
            "roe_4q": 8.99,
            "gross_profit": 227879,
            "gross_margin": 44.81,
            "gross_margin_4q_avg": 44.52,
            "net_income": 47033,
            "revenue": 508572,
            "common_shares": 833855,
            "book_valuer_per_share": 20.12,
            "book_valuer_per_share_4q_avg": 20.05,
            "equity": 1679311,
            "current_ratio": 131.2,
            "debt_ratio": 35.93,
            "inventory_turnover_ratio": 0.92,
            "account_receivable_turnover_ratio": 1.82,
            "reinvestment_rate": 30.74,
            "research_to_sale_ratio": 4.41,
            "price_fair": 70.18,
            "eps_avg_yearly": 2.01,
            "eps_latest_yearly": 2.24,
            "eps_growth_yearly": 94.73
        },
        "20162": {
            "year_quarter": 20162,
            "year": 2016,
            "quarter": 2,
            "eps": 0.4,
            "eps_growth_year": -31.03,
            "eps_4q": 1.71,
            "eps_4q_growth_year": -18.55,
            "roe": 2.07,
            "roe_4q": 8.54,
            "gross_profit": 240584,
            "gross_margin": 45.72,
            "gross_margin_4q_avg": 45.04,
            "net_income": 33766,
            "revenue": 526243,
            "common_shares": 833855,
            "book_valuer_per_share": 18.93,
            "book_valuer_per_share_4q_avg": 19.57,
            "equity": 1580938,
            "current_ratio": 123.35,
            "debt_ratio": 38.09,
            "inventory_turnover_ratio": 0.95,
            "account_receivable_turnover_ratio": 1.9,
            "reinvestment_rate": 31.18,
            "research_to_sale_ratio": 4.84,
            "price_fair": 67.11,
            "eps_avg_yearly": 1.92,
            "eps_latest_yearly": 1.6,
            "eps_growth_yearly": 84.61
        },
        "20163": {
            "year_quarter": 20163,
            "year": 2016,
            "quarter": 3,
            "eps": 0.32,
            "eps_growth_year": 60,
            "eps_4q": 1.83,
            "eps_4q_growth_year": 6.04,
            "roe": 1.68,
            "roe_4q": 9.43,
            "gross_profit": 192185,
            "gross_margin": 44.73,
            "gross_margin_4q_avg": 45.13,
            "net_income": 26264,
            "revenue": 429703,
            "common_shares": 833855,
            "book_valuer_per_share": 18.59,
            "book_valuer_per_share_4q_avg": 19.42,
            "equity": 1552298,
            "current_ratio": 127.55,
            "debt_ratio": 36.04,
            "inventory_turnover_ratio": 0.72,
            "account_receivable_turnover_ratio": 2,
            "reinvestment_rate": 21.75,
            "research_to_sale_ratio": 6.05,
            "price_fair": 64.75,
            "eps_avg_yearly": 1.85,
            "eps_latest_yearly": 1.28,
            "eps_growth_yearly": 84.94
        },
        "20164": {
            "year_quarter": 20164,
            "year": 2016,
            "quarter": 4,
            "eps": 0.19,
            "eps_growth_year": -65.69,
            "eps_4q": 1.47,
            "eps_4q_growth_year": -27.4,
            "roe": 1,
            "roe_4q": 7.5600000000000005,
            "gross_profit": 217533,
            "gross_margin": 41.38,
            "gross_margin_4q_avg": 44.16,
            "net_income": 15624,
            "revenue": 525757,
            "common_shares": 833855,
            "book_valuer_per_share": 18.64,
            "book_valuer_per_share_4q_avg": 19.07,
            "equity": 1558043,
            "current_ratio": 171.78,
            "debt_ratio": 39.87,
            "inventory_turnover_ratio": 0.93,
            "account_receivable_turnover_ratio": 2.18,
            "reinvestment_rate": 21.36,
            "research_to_sale_ratio": 5.52,
            "price_fair": 63.35,
            "eps_avg_yearly": 1.81,
            "eps_latest_yearly": 0.76,
            "eps_growth_yearly": 84.95
        },
        "20171": {
            "year_quarter": 20171,
            "year": 2017,
            "quarter": 1,
            "eps": 0.32,
            "eps_growth_year": -42.86,
            "eps_4q": 1.22,
            "eps_4q_growth_year": -35.72,
            "roe": 1.7,
            "roe_4q": 6.449999999999999,
            "gross_profit": 211420,
            "gross_margin": 45.08,
            "gross_margin_4q_avg": 44.23,
            "net_income": 26213,
            "revenue": 469035,
            "common_shares": 833855,
            "book_valuer_per_share": 18.36,
            "book_valuer_per_share_4q_avg": 18.63,
            "equity": 1533614,
            "current_ratio": 181.85,
            "debt_ratio": 38.83,
            "inventory_turnover_ratio": 0.79,
            "account_receivable_turnover_ratio": 1.76,
            "reinvestment_rate": 14.85,
            "research_to_sale_ratio": 5.76,
            "price_fair": 61.78,
            "eps_avg_yearly": 1.77,
            "eps_latest_yearly": 1.28,
            "eps_growth_yearly": 91.34
        },
        "20172": {
            "year_quarter": 20172,
            "year": 2017,
            "quarter": 2,
            "eps": 0.58,
            "eps_growth_year": 45,
            "eps_4q": 1.41,
            "eps_4q_growth_year": -17.84,
            "roe": 3.14,
            "roe_4q": 7.52,
            "gross_profit": 246958,
            "gross_margin": 45.56,
            "gross_margin_4q_avg": 44.19,
            "net_income": 48498,
            "revenue": 542086,
            "common_shares": 833855,
            "book_valuer_per_share": 18.62,
            "book_valuer_per_share_4q_avg": 18.55,
            "equity": 1554326,
            "current_ratio": 166.35,
            "debt_ratio": 41.46,
            "inventory_turnover_ratio": 0.83,
            "account_receivable_turnover_ratio": 1.94,
            "reinvestment_rate": 14.56,
            "research_to_sale_ratio": 6.08,
            "price_fair": 62.91,
            "eps_avg_yearly": 1.8,
            "eps_latest_yearly": 2.32,
            "eps_growth_yearly": 114.16
        },
        "20173": {
            "year_quarter": 20173,
            "year": 2017,
            "quarter": 3,
            "eps": 0.28,
            "eps_growth_year": -12.5,
            "eps_4q": 1.37,
            "eps_4q_growth_year": -25.3,
            "roe": 1.46,
            "roe_4q": 7.3,
            "gross_profit": 235788,
            "gross_margin": 41.63,
            "gross_margin_4q_avg": 43.41,
            "net_income": 22938,
            "revenue": 566344,
            "common_shares": 833855,
            "book_valuer_per_share": 19.12,
            "book_valuer_per_share_4q_avg": 18.69,
            "equity": 1596462,
            "current_ratio": 182.11,
            "debt_ratio": 38.9,
            "inventory_turnover_ratio": 0.86,
            "account_receivable_turnover_ratio": 1.75,
            "reinvestment_rate": 14.04,
            "research_to_sale_ratio": 6.69,
            "price_fair": 64.05,
            "eps_avg_yearly": 1.83,
            "eps_latest_yearly": 1.12,
            "eps_growth_yearly": 117.89
        },
        "20174": {
            "year_quarter": 20174,
            "year": 2017,
            "quarter": 4,
            "eps": 0.24,
            "eps_growth_year": 26.02,
            "eps_4q": 1.42,
            "eps_4q_growth_year": -3.46,
            "roe": 1.25,
            "roe_4q": 7.55,
            "gross_profit": 212357,
            "gross_margin": 41.49,
            "gross_margin_4q_avg": 43.44,
            "net_income": 20034,
            "revenue": 511812,
            "common_shares": 833855,
            "book_valuer_per_share": 19.26,
            "book_valuer_per_share_4q_avg": 18.84,
            "equity": 1608189,
            "current_ratio": 190.29,
            "debt_ratio": 37.77,
            "inventory_turnover_ratio": 0.8,
            "account_receivable_turnover_ratio": 1.52,
            "reinvestment_rate": 11.17,
            "research_to_sale_ratio": 8.02,
            "price_fair": 61.69,
            "eps_avg_yearly": 1.76,
            "eps_latest_yearly": 0.96,
            "eps_growth_yearly": 54.32
        },
        "20181": {
            "year_quarter": 20181,
            "year": 2018,
            "quarter": 1,
            "eps": 0.28,
            "eps_growth_year": -12.5,
            "eps_4q": 1.38,
            "eps_4q_growth_year": 12.94,
            "roe": 1.46,
            "roe_4q": 7.3100000000000005,
            "gross_profit": 205173,
            "gross_margin": 41.1,
            "gross_margin_4q_avg": 42.45,
            "net_income": 23678,
            "revenue": 499244,
            "common_shares": 833855,
            "book_valuer_per_share": 19.68,
            "book_valuer_per_share_4q_avg": 19.17,
            "equity": 1643911,
            "current_ratio": 206.28,
            "debt_ratio": 35.83,
            "inventory_turnover_ratio": 0.83,
            "account_receivable_turnover_ratio": 1.51,
            "reinvestment_rate": 12.07,
            "research_to_sale_ratio": 6.06,
            "price_fair": 58.19,
            "eps_avg_yearly": 1.66,
            "eps_latest_yearly": 1.12,
            "eps_growth_yearly": 50.15
        },
        "20182": {
            "year_quarter": 20182,
            "year": 2018,
            "quarter": 2,
            "eps": 0.29,
            "eps_growth_year": -50,
            "eps_4q": 1.08,
            "eps_4q_growth_year": -23.25,
            "roe": 1.5,
            "roe_4q": 5.67,
            "gross_profit": 219098,
            "gross_margin": 40.24,
            "gross_margin_4q_avg": 41.12,
            "net_income": 24347,
            "revenue": 544488,
            "common_shares": 833855,
            "book_valuer_per_share": 19.06,
            "book_valuer_per_share_4q_avg": 19.28,
            "equity": 1592368,
            "current_ratio": 180.97,
            "debt_ratio": 39.9,
            "inventory_turnover_ratio": 0.93,
            "account_receivable_turnover_ratio": 1.58,
            "reinvestment_rate": 12.7,
            "research_to_sale_ratio": 7.18,
            "price_fair": 55.21,
            "eps_avg_yearly": 1.58,
            "eps_latest_yearly": 1.16,
            "eps_growth_yearly": 52.88
        },
        "20183": {
            "year_quarter": 20183,
            "year": 2018,
            "quarter": 3,
            "eps": 0.31,
            "eps_growth_year": 10.71,
            "eps_4q": 1.12,
            "eps_4q_growth_year": -18.48,
            "roe": 1.63,
            "roe_4q": 5.84,
            "gross_profit": 205891,
            "gross_margin": 41.72,
            "gross_margin_4q_avg": 41.14,
            "net_income": 26182,
            "revenue": 493520,
            "common_shares": 833855,
            "book_valuer_per_share": 19.28,
            "book_valuer_per_share_4q_avg": 19.32,
            "equity": 1611119,
            "current_ratio": 189.43,
            "debt_ratio": 38.68,
            "inventory_turnover_ratio": 0.79,
            "account_receivable_turnover_ratio": 1.41,
            "reinvestment_rate": 11.85,
            "research_to_sale_ratio": 7.13,
            "price_fair": 52.94,
            "eps_avg_yearly": 1.51,
            "eps_latest_yearly": 1.24,
            "eps_growth_yearly": 56.99
        },
        "20184": {
            "year_quarter": 20184,
            "year": 2018,
            "quarter": 4,
            "eps": 0.35,
            "eps_growth_year": 46.26,
            "eps_4q": 1.07,
            "eps_4q_growth_year": -24.25,
            "roe": 1.93,
            "roe_4q": 6.52,
            "gross_profit": 246709,
            "gross_margin": 43.4,
            "gross_margin_4q_avg": 41.62,
            "net_income": 35110,
            "revenue": 568496,
            "common_shares": 1009116,
            "book_valuer_per_share": 20.01,
            "book_valuer_per_share_4q_avg": 19.51,
            "equity": 2021955,
            "current_ratio": 173.35,
            "debt_ratio": 35.73,
            "inventory_turnover_ratio": 0.86,
            "account_receivable_turnover_ratio": 1.57,
            "reinvestment_rate": 35.78,
            "research_to_sale_ratio": 4.86,
            "price_fair": 53.73,
            "eps_avg_yearly": 1.54,
            "eps_latest_yearly": 1.4,
            "eps_growth_yearly": 73.81
        },
        "20191": {
            "year_quarter": 20191,
            "year": 2019,
            "quarter": 1,
            "eps": 0.37,
            "eps_growth_year": 32.14,
            "eps_4q": 1.21,
            "eps_4q_growth_year": -11.94,
            "roe": 1.8,
            "roe_4q": 6.859999999999999,
            "gross_profit": 223406,
            "gross_margin": 43.34,
            "gross_margin_4q_avg": 42.18,
            "net_income": 36924,
            "revenue": 515462,
            "common_shares": 1009116,
            "book_valuer_per_share": 20.54,
            "book_valuer_per_share_4q_avg": 19.72,
            "equity": 2075897,
            "current_ratio": 172.97,
            "debt_ratio": 37.39,
            "inventory_turnover_ratio": 0.74,
            "account_receivable_turnover_ratio": 1.38,
            "reinvestment_rate": 41.52,
            "research_to_sale_ratio": 6.23,
            "price_fair": 50.93,
            "eps_avg_yearly": 1.46,
            "eps_latest_yearly": 1.48,
            "eps_growth_yearly": 33.89
        },
        "20192": {
            "year_quarter": 20192,
            "year": 2019,
            "quarter": 2,
            "eps": 0.19,
            "eps_growth_year": -34.48,
            "eps_4q": 1.16,
            "eps_4q_growth_year": 7.81,
            "roe": 0.94,
            "roe_4q": 6.3,
            "gross_profit": 213563,
            "gross_margin": 40.9,
            "gross_margin_4q_avg": 42.34,
            "net_income": 19320,
            "revenue": 522173,
            "common_shares": 1009116,
            "book_valuer_per_share": 20.04,
            "book_valuer_per_share_4q_avg": 19.97,
            "equity": 2025285,
            "current_ratio": 163.68,
            "debt_ratio": 39.21,
            "inventory_turnover_ratio": 0.73,
            "account_receivable_turnover_ratio": 1.38,
            "reinvestment_rate": 43.43,
            "research_to_sale_ratio": 7.02,
            "price_fair": 47.51,
            "eps_avg_yearly": 1.36,
            "eps_latest_yearly": 0.76,
            "eps_growth_yearly": 25.72
        },
        "20193": {
            "year_quarter": 20193,
            "year": 2019,
            "quarter": 3,
            "eps": 0.12,
            "eps_growth_year": -61.29,
            "eps_4q": 1.03,
            "eps_4q_growth_year": -7.72,
            "roe": 0.65,
            "roe_4q": 5.319999999999999,
            "gross_profit": 201516,
            "gross_margin": 41.79,
            "gross_margin_4q_avg": 42.36,
            "net_income": 13118,
            "revenue": 482213,
            "common_shares": 1009116,
            "book_valuer_per_share": 19.85,
            "book_valuer_per_share_4q_avg": 20.11,
            "equity": 2007113,
            "current_ratio": 166.39,
            "debt_ratio": 37.52,
            "inventory_turnover_ratio": 0.66,
            "account_receivable_turnover_ratio": 1.36,
            "reinvestment_rate": 40.32,
            "research_to_sale_ratio": 7.53,
            "price_fair": 46.81,
            "eps_avg_yearly": 1.34,
            "eps_latest_yearly": 0.48,
            "eps_growth_yearly": 32.89
        },
        "20194": {
            "year_quarter": 20194,
            "year": 2019,
            "quarter": 4,
            "eps": 0.19,
            "eps_growth_year": -45.3,
            "eps_4q": 0.87,
            "eps_4q_growth_year": -18.9,
            "roe": 0.96,
            "roe_4q": 4.35,
            "gross_profit": 215332,
            "gross_margin": 41.7,
            "gross_margin_4q_avg": 41.93,
            "net_income": 19442,
            "revenue": 516384,
            "common_shares": 1009116,
            "book_valuer_per_share": 20.08,
            "book_valuer_per_share_4q_avg": 20.13,
            "equity": 2029979,
            "current_ratio": 197.13,
            "debt_ratio": 32.79,
            "inventory_turnover_ratio": 0.77,
            "account_receivable_turnover_ratio": 1.64,
            "reinvestment_rate": 46.23,
            "research_to_sale_ratio": 6.41,
            "price_fair": 17.11,
            "eps_avg_yearly": 1.25,
            "eps_latest_yearly": 0.76,
            "eps_growth_yearly": 3.72
        },
        "20201": {
            "year_quarter": 20201,
            "year": 2020,
            "quarter": 1,
            "eps": 0.07,
            "eps_growth_year": -81.08,
            "eps_4q": 0.58,
            "eps_4q_growth_year": -52.54,
            "roe": 0.37,
            "roe_4q": 2.92,
            "gross_profit": 169849,
            "gross_margin": 40.73,
            "gross_margin_4q_avg": 41.28,
            "net_income": 7387,
            "revenue": 417061,
            "common_shares": 1009116,
            "book_valuer_per_share": 19.89,
            "book_valuer_per_share_4q_avg": 19.97,
            "equity": 2010333,
            "current_ratio": 212.32,
            "debt_ratio": 30.17,
            "inventory_turnover_ratio": 0.75,
            "account_receivable_turnover_ratio": 1.38,
            "reinvestment_rate": 0.24,
            "research_to_sale_ratio": 8.23,
            "price_fair": 3.38,
            "eps_avg_yearly": 1.13,
            "eps_latest_yearly": 0.28,
            "eps_growth_yearly": -12.52
        },
        "20202": {
            "year_quarter": 20202,
            "year": 2020,
            "quarter": 2,
            "eps": 0.55,
            "eps_growth_year": 189.47,
            "eps_4q": 0.94,
            "eps_4q_growth_year": -19.52,
            "roe": 2.76,
            "roe_4q": 4.74,
            "gross_profit": 223814,
            "gross_margin": 44.03,
            "gross_margin_4q_avg": 42.06,
            "net_income": 55481,
            "revenue": 508288,
            "common_shares": 1009116,
            "book_valuer_per_share": 19.9,
            "book_valuer_per_share_4q_avg": 19.93,
            "equity": 2012200,
            "current_ratio": 179.95,
            "debt_ratio": 35.72,
            "inventory_turnover_ratio": 0.82,
            "account_receivable_turnover_ratio": 1.71,
            "reinvestment_rate": 25.84,
            "research_to_sale_ratio": 8.46,
            "price_fair": 40.69,
            "eps_avg_yearly": 1.16,
            "eps_latest_yearly": 2.2,
            "eps_growth_yearly": 166.05
        },
        "20203": {
            "year_quarter": 20203,
            "year": 2020,
            "quarter": 3,
            "eps": 0.28,
            "eps_growth_year": 133.33,
            "eps_4q": 1.09,
            "eps_4q_growth_year": 5.83,
            "roe": 1.37,
            "roe_4q": 5.46,
            "gross_profit": 236175,
            "gross_margin": 45,
            "gross_margin_4q_avg": 42.87,
            "net_income": 27978,
            "revenue": 524883,
            "common_shares": 1009116,
            "book_valuer_per_share": 20.4,
            "book_valuer_per_share_4q_avg": 20.07,
            "equity": 2062863,
            "current_ratio": 173.03,
            "debt_ratio": 35.8,
            "inventory_turnover_ratio": 0.7,
            "account_receivable_turnover_ratio": 1.86,
            "reinvestment_rate": -9.25,
            "research_to_sale_ratio": 10.15,
            "price_fair": 40.34,
            "eps_avg_yearly": 1.15,
            "eps_latest_yearly": 1.12,
            "eps_growth_yearly": 158.77
        },
        "20204": {
            "year_quarter": 20204,
            "year": 2020,
            "quarter": 4,
            "eps": 0.14,
            "eps_growth_year": -27.86,
            "eps_4q": 1.04,
            "eps_4q_growth_year": 18.96,
            "roe": 0.7,
            "roe_4q": 5.2,
            "gross_profit": 217793,
            "gross_margin": 39.33,
            "gross_margin_4q_avg": 42.27,
            "net_income": 14531,
            "revenue": 553793,
            "common_shares": 1009116,
            "book_valuer_per_share": 20.83,
            "book_valuer_per_share_4q_avg": 20.26,
            "equity": 2106283,
            "current_ratio": 197.95,
            "debt_ratio": 30.86,
            "inventory_turnover_ratio": 0.83,
            "account_receivable_turnover_ratio": 1.9,
            "reinvestment_rate": -14.54,
            "research_to_sale_ratio": 6.73,
            "price_fair": 39.9,
            "eps_avg_yearly": 1.14,
            "eps_latest_yearly": 0.56,
            "eps_growth_yearly": 156.43
        },
        "20211": {
            "year_quarter": 20211,
            "year": 2021,
            "quarter": 1,
            "eps": 0.29,
            "eps_growth_year": 314.29,
            "eps_4q": 1.25,
            "eps_4q_growth_year": 116.97,
            "roe": 1.4,
            "roe_4q": 6.2299999999999995,
            "gross_profit": 245391,
            "gross_margin": 42.25,
            "gross_margin_4q_avg": 42.65,
            "net_income": 29675,
            "revenue": 580866,
            "common_shares": 1009116,
            "book_valuer_per_share": 20.96,
            "book_valuer_per_share_4q_avg": 20.52,
            "equity": 2120026,
            "current_ratio": 207.62,
            "debt_ratio": 31.14,
            "inventory_turnover_ratio": 0.82,
            "account_receivable_turnover_ratio": 1.66,
            "reinvestment_rate": -12.08,
            "research_to_sale_ratio": 5.82,
            "price_fair": 39.64,
            "eps_avg_yearly": 1.13,
            "eps_latest_yearly": 1.16,
            "eps_growth_yearly": 166.11
        },
        "20212": {
            "year_quarter": 20212,
            "year": 2021,
            "quarter": 2,
            "eps": 0.34,
            "eps_growth_year": -38.18,
            "eps_4q": 1.05,
            "eps_4q_growth_year": 11.65,
            "roe": 1.65,
            "roe_4q": 5.12,
            "gross_profit": 249786,
            "gross_margin": 43.33,
            "gross_margin_4q_avg": 42.48,
            "net_income": 35126,
            "revenue": 576441,
            "common_shares": 1009116,
            "book_valuer_per_share": 21.08,
            "book_valuer_per_share_4q_avg": 20.82,
            "equity": 2132656,
            "current_ratio": 202.87,
            "debt_ratio": 32.33,
            "inventory_turnover_ratio": 0.72,
            "account_receivable_turnover_ratio": 1.45,
            "reinvestment_rate": -14.78,
            "research_to_sale_ratio": 6.66,
            "price_fair": 37.54,
            "eps_avg_yearly": 1.07,
            "eps_latest_yearly": 1.36,
            "eps_growth_yearly": 150.11
        },
        "20213": {
            "year_quarter": 20213,
            "year": 2021,
            "quarter": 3,
            "eps": 0.31,
            "eps_growth_year": 10.71,
            "eps_4q": 1.08,
            "eps_4q_growth_year": -1.26,
            "roe": 1.48,
            "roe_4q": 5.2299999999999995,
            "gross_profit": 248590,
            "gross_margin": 41.54,
            "gross_margin_4q_avg": 41.61,
            "net_income": 31182,
            "revenue": 598415,
            "common_shares": 1009116,
            "book_valuer_per_share": 20.56,
            "book_valuer_per_share_4q_avg": 20.86,
            "equity": 2079606,
            "current_ratio": 195.11,
            "debt_ratio": 33.3,
            "inventory_turnover_ratio": 0.68,
            "account_receivable_turnover_ratio": 1.5,
            "reinvestment_rate": -16.33,
            "research_to_sale_ratio": 6.19,
            "price_fair": 37.8,
            "eps_avg_yearly": 1.08,
            "eps_latest_yearly": 1.24,
            "eps_growth_yearly": 160.83
        },
        "20214": {
            "year_quarter": 20214,
            "year": 2021,
            "quarter": 4,
            "eps": 0.08,
            "eps_growth_year": -45.45,
            "eps_4q": 1.01,
            "eps_4q_growth_year": -2.24,
            "roe": 0.36,
            "roe_4q": 4.89,
            "gross_profit": 243185,
            "gross_margin": 39.33,
            "gross_margin_4q_avg": 41.61,
            "net_income": 7528,
            "revenue": 618333,
            "common_shares": 1009116,
            "book_valuer_per_share": 20.41,
            "book_valuer_per_share_4q_avg": 20.75,
            "equity": 2064290,
            "current_ratio": 181.72,
            "debt_ratio": 34.27,
            "inventory_turnover_ratio": 0.67,
            "account_receivable_turnover_ratio": 1.63,
            "reinvestment_rate": -13.86,
            "research_to_sale_ratio": 6.71,
            "price_fair": 36.4,
            "eps_avg_yearly": 1.04,
            "eps_latest_yearly": 0.32,
            "eps_growth_yearly": 145.86
        },
        "20221": {
            "year_quarter": 20221,
            "year": 2022,
            "quarter": 1,
            "eps": 0.3,
            "eps_growth_year": 3.45,
            "eps_4q": 1.03,
            "eps_4q_growth_year": -17.65,
            "roe": 1.49,
            "roe_4q": 4.98,
            "gross_profit": 248090,
            "gross_margin": 41.67,
            "gross_margin_4q_avg": 41.47,
            "net_income": 31165,
            "revenue": 595393,
            "common_shares": 1009116,
            "book_valuer_per_share": 21.05,
            "book_valuer_per_share_4q_avg": 20.78,
            "equity": 2129916,
            "current_ratio": 189.01,
            "debt_ratio": 33.65,
            "inventory_turnover_ratio": 0.59,
            "account_receivable_turnover_ratio": 1.55,
            "reinvestment_rate": -12.69,
            "research_to_sale_ratio": 6.09,
            "price_fair": 36.58,
            "eps_avg_yearly": 1.05,
            "eps_latest_yearly": 1.2,
            "eps_growth_yearly": 210.44
        },
        "20222": {
            "year_quarter": 20222,
            "year": 2022,
            "quarter": 2,
            "eps": 0.51,
            "eps_growth_year": 50,
            "eps_4q": 1.2,
            "eps_4q_growth_year": 14.52,
            "roe": 2.45,
            "roe_4q": 5.780000000000001,
            "gross_profit": 266904,
            "gross_margin": 39.24,
            "gross_margin_4q_avg": 40.45,
            "net_income": 51554,
            "revenue": 680136,
            "common_shares": 1009116,
            "book_valuer_per_share": 20.51,
            "book_valuer_per_share_4q_avg": 20.63,
            "equity": 2075813,
            "current_ratio": 181.4,
            "debt_ratio": 35.33,
            "inventory_turnover_ratio": 0.67,
            "account_receivable_turnover_ratio": 1.6,
            "reinvestment_rate": -12.89,
            "research_to_sale_ratio": 5.79,
            "price_fair": 38.5,
            "eps_avg_yearly": 1.1,
            "eps_latest_yearly": 2.04,
            "eps_growth_yearly": 227.05
        },
        "20223": {
            "year_quarter": 20223,
            "year": 2022,
            "quarter": 3,
            "eps": 0.59,
            "eps_growth_year": 90.32,
            "eps_4q": 1.48,
            "eps_4q_growth_year": 37.83,
            "roe": 2.85,
            "roe_4q": 7.150000000000001,
            "gross_profit": 286109,
            "gross_margin": 41.37,
            "gross_margin_4q_avg": 40.4,
            "net_income": 60211,
            "revenue": 691564,
            "common_shares": 1009116,
            "book_valuer_per_share": 21.19,
            "book_valuer_per_share_4q_avg": 20.79,
            "equity": 2144685,
            "current_ratio": 200.27,
            "debt_ratio": 32.55,
            "inventory_turnover_ratio": 0.66,
            "account_receivable_turnover_ratio": 1.46,
            "reinvestment_rate": -11.42,
            "research_to_sale_ratio": 5.59,
            "price_fair": 40.95,
            "eps_avg_yearly": 1.17,
            "eps_latest_yearly": 2.36,
            "eps_growth_yearly": 229.24
        },
        "20224": {
            "year_quarter": 20224,
            "year": 2022,
            "quarter": 4,
            "eps": 0.19,
            "eps_growth_year": 154.65,
            "eps_4q": 1.6,
            "eps_4q_growth_year": 57.86,
            "roe": 0.88,
            "roe_4q": 7.67,
            "gross_profit": 265685,
            "gross_margin": 38.14,
            "gross_margin_4q_avg": 40.11,
            "net_income": 19184,
            "revenue": 696630,
            "common_shares": 1009116,
            "book_valuer_per_share": 22.01,
            "book_valuer_per_share_4q_avg": 21.19,
            "equity": 2227375,
            "current_ratio": 217.53,
            "debt_ratio": 30.34,
            "inventory_turnover_ratio": 0.73,
            "account_receivable_turnover_ratio": 1.4,
            "reinvestment_rate": -34.53,
            "research_to_sale_ratio": 5.74,
            "price_fair": 39.55,
            "eps_avg_yearly": 1.13,
            "eps_latest_yearly": 0.76,
            "eps_growth_yearly": 209.07
        },
        "20231": {
            "year_quarter": 20231,
            "year": 2023,
            "quarter": 1,
            "eps": 0.5,
            "eps_growth_year": 66.67,
            "eps_4q": 1.8,
            "eps_4q_growth_year": 74.63,
            "roe": 2.25,
            "roe_4q": 8.43,
            "gross_profit": 297365,
            "gross_margin": 42.5,
            "gross_margin_4q_avg": 40.31,
            "net_income": 50895,
            "revenue": 699765,
            "common_shares": 1009116,
            "book_valuer_per_share": 22.65,
            "book_valuer_per_share_4q_avg": 21.59,
            "equity": 2292000,
            "current_ratio": 235.4,
            "debt_ratio": 28.46,
            "inventory_turnover_ratio": 0.73,
            "account_receivable_turnover_ratio": 1.43,
            "reinvestment_rate": -34.64,
            "research_to_sale_ratio": 5.86,
            "price_fair": 40.69,
            "eps_avg_yearly": 1.16,
            "eps_latest_yearly": 2,
            "eps_growth_yearly": 248.43
        }
    },
    "months": {
        "2002-01": {
            "month": "2002-01",
            "price": "46.40",
            "revenue": 57402
        },
        "2002-02": {
            "month": "2002-02",
            "price": "43.87",
            "revenue": 54604
        },
        "2002-03": {
            "month": "2002-03",
            "price": "41.77",
            "revenue": 71450
        },
        "2002-04": {
            "month": "2002-04",
            "price": "44.95",
            "revenue": 68769
        },
        "2002-05": {
            "month": "2002-05",
            "price": "42.83",
            "revenue": 70028
        },
        "2002-06": {
            "month": "2002-06",
            "price": "44.18",
            "revenue": 78532
        },
        "2002-07": {
            "month": "2002-07",
            "price": "41.74",
            "revenue": 69054
        },
        "2002-08": {
            "month": "2002-08",
            "price": "36.45",
            "revenue": 90503
        },
        "2002-09": {
            "month": "2002-09",
            "price": "36.96",
            "revenue": 86023
        },
        "2002-10": {
            "month": "2002-10",
            "price": "32.70",
            "revenue": 94323
        },
        "2002-11": {
            "month": "2002-11",
            "price": "36.39",
            "revenue": 89214
        },
        "2002-12": {
            "month": "2002-12",
            "price": "38.10",
            "revenue": 85585
        },
        "2003-01": {
            "month": "2003-01",
            "price": "36.04",
            "revenue": 75421
        },
        "2003-02": {
            "month": "2003-02",
            "price": "34.10",
            "revenue": 50166
        },
        "2003-03": {
            "month": "2003-03",
            "price": "33.19",
            "revenue": 85735
        },
        "2003-04": {
            "month": "2003-04",
            "price": "33.62",
            "revenue": 91187
        },
        "2003-05": {
            "month": "2003-05",
            "price": "34.18",
            "revenue": 91860
        },
        "2003-06": {
            "month": "2003-06",
            "price": "33.22",
            "revenue": 91688
        },
        "2003-07": {
            "month": "2003-07",
            "price": "31.62",
            "revenue": 83303
        },
        "2003-08": {
            "month": "2003-08",
            "price": "28.96",
            "revenue": 80494
        },
        "2003-09": {
            "month": "2003-09",
            "price": "28.78",
            "revenue": 81096
        },
        "2003-10": {
            "month": "2003-10",
            "price": "28.70",
            "revenue": 83365
        },
        "2003-11": {
            "month": "2003-11",
            "price": "29.14",
            "revenue": 84548
        },
        "2003-12": {
            "month": "2003-12",
            "price": "28.87",
            "revenue": 103561
        },
        "2004-01": {
            "month": "2004-01",
            "price": "28.88",
            "revenue": 54941
        },
        "2004-02": {
            "month": "2004-02",
            "price": "29.46",
            "revenue": 81233
        },
        "2004-03": {
            "month": "2004-03",
            "price": "29.15",
            "revenue": 81934
        },
        "2004-04": {
            "month": "2004-04",
            "price": "28.75",
            "revenue": 100026
        },
        "2004-05": {
            "month": "2004-05",
            "price": "26.52",
            "revenue": 82347
        },
        "2004-06": {
            "month": "2004-06",
            "price": "21.88",
            "revenue": 86793
        },
        "2004-07": {
            "month": "2004-07",
            "price": "19.45",
            "revenue": 85144
        },
        "2004-08": {
            "month": "2004-08",
            "price": "16.48",
            "revenue": 80457
        },
        "2004-09": {
            "month": "2004-09",
            "price": "16.59",
            "revenue": 73203
        },
        "2004-10": {
            "month": "2004-10",
            "price": "15.36",
            "revenue": 88071
        },
        "2004-11": {
            "month": "2004-11",
            "price": "16.07",
            "revenue": 82699
        },
        "2004-12": {
            "month": "2004-12",
            "price": "15.90",
            "revenue": 115416
        },
        "2005-01": {
            "month": "2005-01",
            "price": "15.82",
            "revenue": 64674
        },
        "2005-02": {
            "month": "2005-02",
            "price": "17.43",
            "revenue": 52818
        },
        "2005-03": {
            "month": "2005-03",
            "price": "17.81",
            "revenue": 101670
        },
        "2005-04": {
            "month": "2005-04",
            "price": "16.09",
            "revenue": 101381
        },
        "2005-05": {
            "month": "2005-05",
            "price": "14.45",
            "revenue": 101380
        },
        "2005-06": {
            "month": "2005-06",
            "price": "14.89",
            "revenue": 115906
        },
        "2005-07": {
            "month": "2005-07",
            "price": "14.50",
            "revenue": 109407
        },
        "2005-08": {
            "month": "2005-08",
            "price": "14.68",
            "revenue": 103874
        },
        "2005-09": {
            "month": "2005-09",
            "price": "14.20",
            "revenue": 97224
        },
        "2005-10": {
            "month": "2005-10",
            "price": "14.04",
            "revenue": 94423
        },
        "2005-11": {
            "month": "2005-11",
            "price": "14.44",
            "revenue": 95126
        },
        "2005-12": {
            "month": "2005-12",
            "price": "14.58",
            "revenue": 106585
        },
        "2006-01": {
            "month": "2006-01",
            "price": "14.77",
            "revenue": 68379
        },
        "2006-02": {
            "month": "2006-02",
            "price": "14.32",
            "revenue": 76756
        },
        "2006-03": {
            "month": "2006-03",
            "price": "13.78",
            "revenue": 105358
        },
        "2006-04": {
            "month": "2006-04",
            "price": "14.63",
            "revenue": 107202
        },
        "2006-05": {
            "month": "2006-05",
            "price": "14.72",
            "revenue": 96450
        },
        "2006-06": {
            "month": "2006-06",
            "price": "13.70",
            "revenue": 99983
        },
        "2006-07": {
            "month": "2006-07",
            "price": "12.94",
            "revenue": 85652
        },
        "2006-08": {
            "month": "2006-08",
            "price": "12.11",
            "revenue": 105691
        },
        "2006-09": {
            "month": "2006-09",
            "price": "10.80",
            "revenue": 103582
        },
        "2006-10": {
            "month": "2006-10",
            "price": "11.19",
            "revenue": 100497
        },
        "2006-11": {
            "month": "2006-11",
            "price": "11.50",
            "revenue": 71599
        },
        "2006-12": {
            "month": "2006-12",
            "price": "12.14",
            "revenue": 131099
        },
        "2007-01": {
            "month": "2007-01",
            "price": "12.88",
            "revenue": 81090
        },
        "2007-02": {
            "month": "2007-02",
            "price": "12.79",
            "revenue": 74580
        },
        "2007-03": {
            "month": "2007-03",
            "price": "13.48",
            "revenue": 105359
        },
        "2007-04": {
            "month": "2007-04",
            "price": "14.44",
            "revenue": 116095
        },
        "2007-05": {
            "month": "2007-05",
            "price": "16.05",
            "revenue": 127223
        },
        "2007-06": {
            "month": "2007-06",
            "price": "20.84",
            "revenue": 99253
        },
        "2007-07": {
            "month": "2007-07",
            "price": "35.29",
            "revenue": 108099
        },
        "2007-08": {
            "month": "2007-08",
            "price": "28.48",
            "revenue": 118230
        },
        "2007-09": {
            "month": "2007-09",
            "price": "33.29",
            "revenue": 113490
        },
        "2007-10": {
            "month": "2007-10",
            "price": "32.74",
            "revenue": 107767
        },
        "2007-11": {
            "month": "2007-11",
            "price": "28.54",
            "revenue": 130787
        },
        "2007-12": {
            "month": "2007-12",
            "price": "27.32",
            "revenue": 136545
        },
        "2008-01": {
            "month": "2008-01",
            "price": "24.21",
            "revenue": 98468
        },
        "2008-02": {
            "month": "2008-02",
            "price": "24.80",
            "revenue": 97717
        },
        "2008-03": {
            "month": "2008-03",
            "price": "26.46",
            "revenue": 119963
        },
        "2008-04": {
            "month": "2008-04",
            "price": "32.34",
            "revenue": 146067
        },
        "2008-05": {
            "month": "2008-05",
            "price": "35.40",
            "revenue": 129898
        },
        "2008-06": {
            "month": "2008-06",
            "price": "29.73",
            "revenue": 177465
        },
        "2008-07": {
            "month": "2008-07",
            "price": "29.26",
            "revenue": 130985
        },
        "2008-08": {
            "month": "2008-08",
            "price": "32.67",
            "revenue": 157913
        },
        "2008-09": {
            "month": "2008-09",
            "price": "26.27",
            "revenue": 132931
        },
        "2008-10": {
            "month": "2008-10",
            "price": "20.68",
            "revenue": 97123
        },
        "2008-11": {
            "month": "2008-11",
            "price": "21.16",
            "revenue": 62655
        },
        "2008-12": {
            "month": "2008-12",
            "price": "19.67",
            "revenue": 146074
        },
        "2009-01": {
            "month": "2009-01",
            "price": "19.39",
            "revenue": 105049
        },
        "2009-02": {
            "month": "2009-02",
            "price": "19.21",
            "revenue": 105646
        },
        "2009-03": {
            "month": "2009-03",
            "price": "21.56",
            "revenue": 112023
        },
        "2009-04": {
            "month": "2009-04",
            "price": "28.56",
            "revenue": 145323
        },
        "2009-05": {
            "month": "2009-05",
            "price": "29.00",
            "revenue": 115121
        },
        "2009-06": {
            "month": "2009-06",
            "price": "27.78",
            "revenue": 131771
        },
        "2009-07": {
            "month": "2009-07",
            "price": "32.08",
            "revenue": 116392
        },
        "2009-08": {
            "month": "2009-08",
            "price": "30.34",
            "revenue": 115228
        },
        "2009-09": {
            "month": "2009-09",
            "price": "33.34",
            "revenue": 115468
        },
        "2009-10": {
            "month": "2009-10",
            "price": "33.72",
            "revenue": 112273
        },
        "2009-11": {
            "month": "2009-11",
            "price": "32.40",
            "revenue": 108086
        },
        "2009-12": {
            "month": "2009-12",
            "price": "34.32",
            "revenue": 154871
        },
        "2010-01": {
            "month": "2010-01",
            "price": "32.51",
            "revenue": 115267
        },
        "2010-02": {
            "month": "2010-02",
            "price": "29.02",
            "revenue": 103007
        },
        "2010-03": {
            "month": "2010-03",
            "price": "30.79",
            "revenue": 140826
        },
        "2010-04": {
            "month": "2010-04",
            "price": "32.92",
            "revenue": 184339
        },
        "2010-05": {
            "month": "2010-05",
            "price": "35.15",
            "revenue": 109991
        },
        "2010-06": {
            "month": "2010-06",
            "price": "33.97",
            "revenue": 148547
        },
        "2010-07": {
            "month": "2010-07",
            "price": "33.28",
            "revenue": 116893
        },
        "2010-08": {
            "month": "2010-08",
            "price": "34.82",
            "revenue": 131255
        },
        "2010-09": {
            "month": "2010-09",
            "price": "39.22",
            "revenue": 92657
        },
        "2010-10": {
            "month": "2010-10",
            "price": "46.55",
            "revenue": 85035
        },
        "2010-11": {
            "month": "2010-11",
            "price": "43.96",
            "revenue": 97348
        },
        "2010-12": {
            "month": "2010-12",
            "price": "43.03",
            "revenue": 125177
        },
        "2011-01": {
            "month": "2011-01",
            "price": "40.03",
            "revenue": 99572
        },
        "2011-02": {
            "month": "2011-02",
            "price": "37.45",
            "revenue": 89750
        },
        "2011-03": {
            "month": "2011-03",
            "price": "35.98",
            "revenue": 179067
        },
        "2011-04": {
            "month": "2011-04",
            "price": "38.06",
            "revenue": 119417
        },
        "2011-05": {
            "month": "2011-05",
            "price": "41.96",
            "revenue": 142992
        },
        "2011-06": {
            "month": "2011-06",
            "price": "39.10",
            "revenue": 127389
        },
        "2011-07": {
            "month": "2011-07",
            "price": "39.76",
            "revenue": 110782
        },
        "2011-08": {
            "month": "2011-08",
            "price": "32.94",
            "revenue": 158220
        },
        "2011-09": {
            "month": "2011-09",
            "price": "30.37",
            "revenue": 137460
        },
        "2011-10": {
            "month": "2011-10",
            "price": "30.18",
            "revenue": 97081
        },
        "2011-11": {
            "month": "2011-11",
            "price": "31.16",
            "revenue": 105344
        },
        "2011-12": {
            "month": "2011-12",
            "price": "29.61",
            "revenue": 117646
        },
        "2012-01": {
            "month": "2012-01",
            "price": "30.84",
            "revenue": 79801
        },
        "2012-02": {
            "month": "2012-02",
            "price": "34.55",
            "revenue": 83407
        },
        "2012-03": {
            "month": "2012-03",
            "price": "33.89",
            "revenue": 140420
        },
        "2012-04": {
            "month": "2012-04",
            "price": "31.42",
            "revenue": 134834
        },
        "2012-05": {
            "month": "2012-05",
            "price": "31.31",
            "revenue": 152076
        },
        "2012-06": {
            "month": "2012-06",
            "price": "31.44",
            "revenue": 96151
        },
        "2012-07": {
            "month": "2012-07",
            "price": "33.88",
            "revenue": 115299
        },
        "2012-08": {
            "month": "2012-08",
            "price": "33.87",
            "revenue": 115831
        },
        "2012-09": {
            "month": "2012-09",
            "price": "34.14",
            "revenue": 89835
        },
        "2012-10": {
            "month": "2012-10",
            "price": "32.56",
            "revenue": 88732
        },
        "2012-11": {
            "month": "2012-11",
            "price": "30.92",
            "revenue": 65759
        },
        "2012-12": {
            "month": "2012-12",
            "price": "31.91",
            "revenue": 127327
        },
        "2013-01": {
            "month": "2013-01",
            "price": "35.87",
            "revenue": 160186
        },
        "2013-02": {
            "month": "2013-02",
            "price": "35.88",
            "revenue": 136879
        },
        "2013-03": {
            "month": "2013-03",
            "price": "36.25",
            "revenue": 194313
        },
        "2013-04": {
            "month": "2013-04",
            "price": "34.35",
            "revenue": 163908
        },
        "2013-05": {
            "month": "2013-05",
            "price": "32.11",
            "revenue": 187869
        },
        "2013-06": {
            "month": "2013-06",
            "price": "32.72",
            "revenue": 145578
        },
        "2013-07": {
            "month": "2013-07",
            "price": "33.80",
            "revenue": 169859
        },
        "2013-08": {
            "month": "2013-08",
            "price": "34.04",
            "revenue": 157959
        },
        "2013-09": {
            "month": "2013-09",
            "price": "35.55",
            "revenue": 151226
        },
        "2013-10": {
            "month": "2013-10",
            "price": "35.35",
            "revenue": 174898
        },
        "2013-11": {
            "month": "2013-11",
            "price": "33.00",
            "revenue": 143010
        },
        "2013-12": {
            "month": "2013-12",
            "price": "32.14",
            "revenue": 173760
        },
        "2014-01": {
            "month": "2014-01",
            "price": "32.40",
            "revenue": 185853
        },
        "2014-02": {
            "month": "2014-02",
            "price": "33.32",
            "revenue": 162256
        },
        "2014-03": {
            "month": "2014-03",
            "price": "34.45",
            "revenue": 219828
        },
        "2014-04": {
            "month": "2014-04",
            "price": "34.99",
            "revenue": 191630
        },
        "2014-05": {
            "month": "2014-05",
            "price": "35.86",
            "revenue": 204601
        },
        "2014-06": {
            "month": "2014-06",
            "price": "42.00",
            "revenue": 204270
        },
        "2014-07": {
            "month": "2014-07",
            "price": "54.75",
            "revenue": 215279
        },
        "2014-08": {
            "month": "2014-08",
            "price": "49.59",
            "revenue": 166144
        },
        "2014-09": {
            "month": "2014-09",
            "price": "52.54",
            "revenue": 189056
        },
        "2014-10": {
            "month": "2014-10",
            "price": "54.02",
            "revenue": 187141
        },
        "2014-11": {
            "month": "2014-11",
            "price": "50.13",
            "revenue": 175452
        },
        "2014-12": {
            "month": "2014-12",
            "price": "61.84",
            "revenue": 200871
        },
        "2015-01": {
            "month": "2015-01",
            "price": "60.12",
            "revenue": 149449
        },
        "2015-02": {
            "month": "2015-02",
            "price": "56.15",
            "revenue": 147251
        },
        "2015-03": {
            "month": "2015-03",
            "price": "55.19",
            "revenue": 221065
        },
        "2015-04": {
            "month": "2015-04",
            "price": "53.90",
            "revenue": 181485
        },
        "2015-05": {
            "month": "2015-05",
            "price": "45.08",
            "revenue": 171413
        },
        "2015-06": {
            "month": "2015-06",
            "price": "41.23",
            "revenue": 196615
        },
        "2015-07": {
            "month": "2015-07",
            "price": "43.09",
            "revenue": 140881
        },
        "2015-08": {
            "month": "2015-08",
            "price": "32.96",
            "revenue": 132026
        },
        "2015-09": {
            "month": "2015-09",
            "price": "35.10",
            "revenue": 147320
        },
        "2015-10": {
            "month": "2015-10",
            "price": "38.71",
            "revenue": 170294
        },
        "2015-11": {
            "month": "2015-11",
            "price": "41.03",
            "revenue": 161744
        },
        "2015-12": {
            "month": "2015-12",
            "price": "38.18",
            "revenue": 198074
        },
        "2016-01": {
            "month": "2016-01",
            "price": "35.71",
            "revenue": 196810
        },
        "2016-02": {
            "month": "2016-02",
            "price": "39.41",
            "revenue": 134849
        },
        "2016-03": {
            "month": "2016-03",
            "price": "44.05",
            "revenue": 176880
        },
        "2016-04": {
            "month": "2016-04",
            "price": "42.07",
            "revenue": 179494
        },
        "2016-05": {
            "month": "2016-05",
            "price": "38.61",
            "revenue": 172006
        },
        "2016-06": {
            "month": "2016-06",
            "price": "39.10",
            "revenue": 174832
        },
        "2016-07": {
            "month": "2016-07",
            "price": "38.84",
            "revenue": 139862
        },
        "2016-08": {
            "month": "2016-08",
            "price": "35.99",
            "revenue": 152763
        },
        "2016-09": {
            "month": "2016-09",
            "price": "35.08",
            "revenue": 137052
        },
        "2016-10": {
            "month": "2016-10",
            "price": "34.80",
            "revenue": 156015
        },
        "2016-11": {
            "month": "2016-11",
            "price": "32.91",
            "revenue": 166298
        },
        "2016-12": {
            "month": "2016-12",
            "price": "33.48",
            "revenue": 202227
        },
        "2017-01": {
            "month": "2017-01",
            "price": "32.83",
            "revenue": 131386
        },
        "2017-02": {
            "month": "2017-02",
            "price": "33.11",
            "revenue": 136849
        },
        "2017-03": {
            "month": "2017-03",
            "price": "32.73",
            "revenue": 200771
        },
        "2017-04": {
            "month": "2017-04",
            "price": "31.22",
            "revenue": 165620
        },
        "2017-05": {
            "month": "2017-05",
            "price": "30.58",
            "revenue": 200234
        },
        "2017-06": {
            "month": "2017-06",
            "price": "30.66",
            "revenue": 176488
        },
        "2017-07": {
            "month": "2017-07",
            "price": "30.40",
            "revenue": 187852
        },
        "2017-08": {
            "month": "2017-08",
            "price": "29.62",
            "revenue": 210814
        },
        "2017-09": {
            "month": "2017-09",
            "price": "31.28",
            "revenue": 167441
        },
        "2017-10": {
            "month": "2017-10",
            "price": "31.17",
            "revenue": 155008
        },
        "2017-11": {
            "month": "2017-11",
            "price": "30.19",
            "revenue": 180648
        },
        "2017-12": {
            "month": "2017-12",
            "price": "29.38",
            "revenue": 176627
        },
        "2018-01": {
            "month": "2018-01",
            "price": "29.60",
            "revenue": 155011
        },
        "2018-02": {
            "month": "2018-02",
            "price": "27.49",
            "revenue": 142139
        },
        "2018-03": {
            "month": "2018-03",
            "price": "28.08",
            "revenue": 202207
        },
        "2018-04": {
            "month": "2018-04",
            "price": "29.52",
            "revenue": 171349
        },
        "2018-05": {
            "month": "2018-05",
            "price": "28.91",
            "revenue": 177080
        },
        "2018-06": {
            "month": "2018-06",
            "price": "28.53",
            "revenue": 195960
        },
        "2018-07": {
            "month": "2018-07",
            "price": "27.24",
            "revenue": 168161
        },
        "2018-08": {
            "month": "2018-08",
            "price": "25.93",
            "revenue": 165818
        },
        "2018-09": {
            "month": "2018-09",
            "price": "25.41",
            "revenue": 159319
        },
        "2018-10": {
            "month": "2018-10",
            "price": "25.52",
            "revenue": 189331
        },
        "2018-11": {
            "month": "2018-11",
            "price": "24.44",
            "revenue": 206784
        },
        "2018-12": {
            "month": "2018-12",
            "price": "24.53",
            "revenue": 176377
        },
        "2019-01": {
            "month": "2019-01",
            "price": "24.80",
            "revenue": 177289
        },
        "2019-02": {
            "month": "2019-02",
            "price": "25.42",
            "revenue": 127506
        },
        "2019-03": {
            "month": "2019-03",
            "price": "25.80",
            "revenue": 210784
        },
        "2019-04": {
            "month": "2019-04",
            "price": "26.86",
            "revenue": 146171
        },
        "2019-05": {
            "month": "2019-05",
            "price": "25.59",
            "revenue": 193775
        },
        "2019-06": {
            "month": "2019-06",
            "price": "25.57",
            "revenue": 182083
        },
        "2019-07": {
            "month": "2019-07",
            "price": "26.65",
            "revenue": 175725
        },
        "2019-08": {
            "month": "2019-08",
            "price": "25.00",
            "revenue": 159216
        },
        "2019-09": {
            "month": "2019-09",
            "price": "24.70",
            "revenue": 146786
        },
        "2019-10": {
            "month": "2019-10",
            "price": "23.81",
            "revenue": 159483
        },
        "2019-11": {
            "month": "2019-11",
            "price": "24.28",
            "revenue": 197794
        },
        "2019-12": {
            "month": "2019-12",
            "price": "24.21",
            "revenue": 159040
        },
        "2020-01": {
            "month": "2020-01",
            "price": "24.24",
            "revenue": 126523
        },
        "2020-02": {
            "month": "2020-02",
            "price": "24.65",
            "revenue": 110249
        },
        "2020-03": {
            "month": "2020-03",
            "price": "23.10",
            "revenue": 180291
        },
        "2020-04": {
            "month": "2020-04",
            "price": "25.07",
            "revenue": 145948
        },
        "2020-05": {
            "month": "2020-05",
            "price": "32.73",
            "revenue": 188626
        },
        "2020-06": {
            "month": "2020-06",
            "price": "36.76",
            "revenue": 173709
        },
        "2020-07": {
            "month": "2020-07",
            "price": "35.71",
            "revenue": 173617
        },
        "2020-08": {
            "month": "2020-08",
            "price": "34.34",
            "revenue": 144875
        },
        "2020-09": {
            "month": "2020-09",
            "price": "31.93",
            "revenue": 206408
        },
        "2020-10": {
            "month": "2020-10",
            "price": "30.07",
            "revenue": 174691
        },
        "2020-11": {
            "month": "2020-11",
            "price": "29.78",
            "revenue": 180018
        },
        "2020-12": {
            "month": "2020-12",
            "price": "29.10",
            "revenue": 200738
        },
        "2021-01": {
            "month": "2021-01",
            "price": "27.18",
            "revenue": 179988
        },
        "2021-02": {
            "month": "2021-02",
            "price": "26.03",
            "revenue": 161881
        },
        "2021-03": {
            "month": "2021-03",
            "price": "26.41",
            "revenue": 238995
        },
        "2021-04": {
            "month": "2021-04",
            "price": "28.13",
            "revenue": 175798
        },
        "2021-05": {
            "month": "2021-05",
            "price": "39.53",
            "revenue": 206657
        },
        "2021-06": {
            "month": "2021-06",
            "price": "43.68",
            "revenue": 193985
        },
        "2021-07": {
            "month": "2021-07",
            "price": "35.28",
            "revenue": 183773
        },
        "2021-08": {
            "month": "2021-08",
            "price": "31.72",
            "revenue": 179714
        },
        "2021-09": {
            "month": "2021-09",
            "price": "29.63",
            "revenue": 234938
        },
        "2021-10": {
            "month": "2021-10",
            "price": "26.25",
            "revenue": 227246
        },
        "2021-11": {
            "month": "2021-11",
            "price": "27.68",
            "revenue": 189412
        },
        "2021-12": {
            "month": "2021-12",
            "price": "28.90",
            "revenue": 201639
        },
        "2022-01": {
            "month": "2022-01",
            "price": "29.03",
            "revenue": 191914
        },
        "2022-02": {
            "month": "2022-02",
            "price": "27.32",
            "revenue": 192902
        },
        "2022-03": {
            "month": "2022-03",
            "price": "26.52",
            "revenue": 210577
        },
        "2022-04": {
            "month": "2022-04",
            "price": "33.63",
            "revenue": 201197
        },
        "2022-05": {
            "month": "2022-05",
            "price": "28.99",
            "revenue": 211102
        },
        "2022-06": {
            "month": "2022-06",
            "price": "26.02",
            "revenue": 267837
        },
        "2022-07": {
            "month": "2022-07",
            "price": "24.55",
            "revenue": 219580
        },
        "2022-08": {
            "month": "2022-08",
            "price": "25.84",
            "revenue": 260700
        },
        "2022-09": {
            "month": "2022-09",
            "price": "26.13",
            "revenue": 211284
        },
        "2022-10": {
            "month": "2022-10",
            "price": "23.88",
            "revenue": 217580
        },
        "2022-11": {
            "month": "2022-11",
            "price": "24.32",
            "revenue": 242107
        },
        "2022-12": {
            "month": "2022-12",
            "price": "29.50",
            "revenue": 239132
        },
        "2023-01": {
            "month": "2023-01",
            "price": "28.88",
            "revenue": 234661
        },
        "2023-02": {
            "month": "2023-02",
            "price": "31.52",
            "revenue": 191687
        },
        "2023-03": {
            "month": "2023-03",
            "price": "29.56",
            "revenue": 273414
        },
        "2023-04": {
            "month": "2023-04",
            "price": "30.39",
            "revenue": 220918
        },
        "2023-05": {
            "month": "2023-05",
            "price": "31.27",
            "revenue": 257347
        }
    }
}
