{
    "summary": {
        "stock_name": "邦特",
        "stock_id": "4107",
        "category": "生技醫療",
        "main_business": "醫療耗材(血液迴路管、藥用軟袋、TPU體內導管等)製造買賣<br>醫療設備之進出口貿易",
        "website_url": "http://www.bioteq.com.tw",
        "ceo": "林進隆",
        "pe_ratio": 17,
        "report_year_from": 2001,
        "report_year_to": 2023,
        "age": 22,
        "eps_negative_percentage": 0,
        "eps_growth_avg": {
            "last_all": 11.2,
            "last_2y": 2.64,
            "last_4y": 11.14,
            "last_8y": 12.58,
            "last_12y": 11.65,
            "last_16y": 14.58,
            "last_20y": 11.2,
            "at_2006_last_3y": 23.42,
            "at_2007_last_3y": 49.49,
            "at_2008_last_3y": 49.86,
            "at_2009_last_3y": 24.1,
            "at_2010_last_3y": 11.94,
            "at_2011_last_3y": -19.4,
            "at_2012_last_3y": 0.41,
            "at_2013_last_3y": 9.58,
            "at_2014_last_3y": 14.29,
            "at_2015_last_3y": 25.89,
            "at_2016_last_3y": 24.99,
            "at_2017_last_3y": 14.38,
            "at_2018_last_3y": 15.97,
            "at_2019_last_3y": 14.39,
            "at_2020_last_3y": 9.47,
            "at_2021_last_3y": 10.3,
            "at_2022_last_3y": 5.66,
            "at_2023_last_3y": 5.66,
            "at_2006_last_all": 8.74,
            "at_2007_last_all": 23.95,
            "at_2008_last_all": 13.27,
            "at_2009_last_all": 10.45,
            "at_2010_last_all": 10.16,
            "at_2011_last_all": 6.61,
            "at_2012_last_all": 8.6,
            "at_2013_last_all": 10.16,
            "at_2014_last_all": 11.43,
            "at_2015_last_all": 12.12,
            "at_2016_last_all": 12.97,
            "at_2017_last_all": 11.22,
            "at_2018_last_all": 12.5,
            "at_2019_last_all": 12.62,
            "at_2020_last_all": 12.23,
            "at_2021_last_all": 11.03,
            "at_2022_last_all": 11.2,
            "at_2023_last_all": 11.2
        },
        "latest_eps": 6.78,
        "latest_price": 114,
        "latest_roe": 17.27,
        "latest_gross_margin": 39.39,
        "latest_equity": 2815301,
        "latest_revenue": 455936,
        "latest_gross_profit": 179608,
        "latest_net_income": 98699,
        "latest_debt_ratio": 37.58,
        "latest_current_ratio": 235.38,
        "latest_account_receivable_turnover_ratio": 1.68,
        "latest_inventory_turnover_ratio": 0.84,
        "latest_reinvestment_rate": 55.44,
        "latest_research_to_sale_ratio": 3.28
    },
    "eps_dividends": {
        "2001": {
            "cash": 0,
            "stock": 0,
            "eps": 1.4
        },
        "2002": {
            "cash": 0.5,
            "stock": 0.9,
            "eps": 0.7
        },
        "2003": {
            "cash": 0.5,
            "stock": 0.5,
            "eps": 0.67
        },
        "2004": {
            "cash": 0.3,
            "stock": 0.7,
            "eps": 0.32
        },
        "2005": {
            "cash": 0,
            "stock": 0.5,
            "eps": 0.62
        },
        "2006": {
            "cash": 0,
            "stock": 0.5,
            "eps": 0.97
        },
        "2007": {
            "cash": 0.63,
            "stock": 0,
            "eps": 4.59
        },
        "2008": {
            "cash": 1.5,
            "stock": 0,
            "eps": 2.26
        },
        "2009": {
            "cash": 1.2,
            "stock": 0.3,
            "eps": 2.05
        },
        "2010": {
            "cash": 2,
            "stock": 0,
            "eps": 2.21
        },
        "2011": {
            "cash": 1.8,
            "stock": 0,
            "eps": 1.65
        },
        "2012": {
            "cash": 1.5,
            "stock": 0,
            "eps": 2.12
        },
        "2013": {
            "cash": 1.6,
            "stock": 0,
            "eps": 2.7
        },
        "2014": {
            "cash": 1.79,
            "stock": 0,
            "eps": 3.42
        },
        "2015": {
            "cash": 2.1,
            "stock": 0,
            "eps": 4.14
        },
        "2016": {
            "cash": 2.6,
            "stock": 0,
            "eps": 5.17
        },
        "2017": {
            "cash": 3,
            "stock": 0,
            "eps": 4.39
        },
        "2018": {
            "cash": 3.5,
            "stock": 0,
            "eps": 5.84
        },
        "2019": {
            "cash": 4,
            "stock": 0,
            "eps": 6.7
        },
        "2020": {
            "cash": 4,
            "stock": 0,
            "eps": 7.05
        },
        "2021": {
            "cash": 4,
            "stock": 0,
            "eps": 6.22
        },
        "2022": {
            "cash": 4.5,
            "stock": 0,
            "eps": 7.12
        },
        "2023": {
            "cash": 4.5,
            "stock": 0,
            "eps": 1.42
        }
    },
    "dividends": {
        "2002-06-27": {
            "cash": 0.5,
            "stock": 0.9
        },
        "2003-06-25": {
            "cash": 0.5,
            "stock": 0.5
        },
        "2004-03-02": {
            "cash": 0.3,
            "stock": 0.7
        },
        "2005-03-25": {
            "cash": 0,
            "stock": 0.5
        },
        "2006-03-07": {
            "cash": 0,
            "stock": 0.5
        },
        "2007-03-21": {
            "cash": 0.63,
            "stock": 0
        },
        "2008-02-22": {
            "cash": 1.5,
            "stock": 0
        },
        "2009-03-03": {
            "cash": 1.2,
            "stock": 0.3
        },
        "2010-03-08": {
            "cash": 2,
            "stock": 0
        },
        "2011-03-23": {
            "cash": 1.8,
            "stock": 0
        },
        "2012-06-15": {
            "cash": 1.5,
            "stock": 0
        },
        "2013-06-24": {
            "cash": 1.6,
            "stock": 0
        },
        "2014-09-19": {
            "cash": 1.79,
            "stock": 0
        },
        "2015-10-22": {
            "cash": 2.1,
            "stock": 0
        },
        "2016-09-30": {
            "cash": 2.6,
            "stock": 0
        },
        "2017-09-27": {
            "cash": 3,
            "stock": 0
        },
        "2018-09-21": {
            "cash": 3.5,
            "stock": 0
        },
        "2019-09-26": {
            "cash": 4,
            "stock": 0
        },
        "2020-09-28": {
            "cash": 4,
            "stock": 0
        },
        "2021-09-29": {
            "cash": 4,
            "stock": 0
        },
        "2022-09-29": {
            "cash": 4.5,
            "stock": 0
        },
        "2023-03-09": {
            "cash": 4.5,
            "stock": 0
        }
    },
    "prices": {
        "200101": "無",
        "200102": "無",
        "200103": "無",
        "200104": "無",
        "200105": "無",
        "200106": "無",
        "200107": "無",
        "200108": "無",
        "200109": "無",
        "200110": "無",
        "200111": "無",
        "200112": "無",
        "200201": "無",
        "200202": "無",
        "200203": "33.42",
        "200204": "35.25",
        "200205": "30.57",
        "200206": "28.13",
        "200207": "28.02",
        "200208": "25.71",
        "200209": "19.38",
        "200210": "15.23",
        "200211": "14.88",
        "200212": "14.17",
        "200301": "17.56",
        "200302": "17.04",
        "200303": "15.17",
        "200304": "15.54",
        "200305": "14.09",
        "200306": "14.23",
        "200307": "13.72",
        "200308": "13.56",
        "200309": "11.64",
        "200310": "11.89",
        "200311": "12.34",
        "200312": "12.73",
        "200401": "12.46",
        "200402": "13.42",
        "200403": "13.46",
        "200404": "13.01",
        "200405": "11.93",
        "200406": "11.15",
        "200407": "9.78",
        "200408": "9.40",
        "200409": "9.12",
        "200410": "9.02",
        "200411": "8.82",
        "200412": "8.79",
        "200501": "9.15",
        "200502": "10.23",
        "200503": "11.15",
        "200504": "10.46",
        "200505": "9.32",
        "200506": "9.84",
        "200507": "9.68",
        "200508": "9.51",
        "200509": "8.39",
        "200510": "8.86",
        "200511": "8.71",
        "200512": "8.68",
        "200601": "8.69",
        "200602": "8.71",
        "200603": "8.81",
        "200604": "8.95",
        "200605": "9.69",
        "200606": "9.10",
        "200607": "8.90",
        "200608": "9.71",
        "200609": "9.31",
        "200610": "9.55",
        "200611": "10.26",
        "200612": "11.10",
        "200701": "13.42",
        "200702": "14.72",
        "200703": "15.57",
        "200704": "19.25",
        "200705": "20.57",
        "200706": "31.86",
        "200707": "47.47",
        "200708": "39.33",
        "200709": "37.91",
        "200710": "35.80",
        "200711": "32.92",
        "200712": "29.85",
        "200801": "25.49",
        "200802": "25.06",
        "200803": "27.10",
        "200804": "31.88",
        "200805": "32.90",
        "200806": "27.50",
        "200807": "25.80",
        "200808": "27.50",
        "200809": "20.11",
        "200810": "17.55",
        "200811": "18.35",
        "200812": "18.83",
        "200901": "19.42",
        "200902": "19.84",
        "200903": "23.11",
        "200904": "29.22",
        "200905": "29.07",
        "200906": "28.88",
        "200907": "34.86",
        "200908": "40.90",
        "200909": "46.25",
        "200910": "44.29",
        "200911": "42.64",
        "200912": "48.34",
        "201001": "51.30",
        "201002": "44.09",
        "201003": "45.23",
        "201004": "45.59",
        "201005": "40.32",
        "201006": "38.21",
        "201007": "40.66",
        "201008": "47.14",
        "201009": "47.66",
        "201010": "54.24",
        "201011": "50.86",
        "201012": "51.05",
        "201101": "45.91",
        "201102": "42.12",
        "201103": "40.57",
        "201104": "42.26",
        "201105": "42.80",
        "201106": "37.29",
        "201107": "36.13",
        "201108": "28.53",
        "201109": "22.96",
        "201110": "23.06",
        "201111": "21.80",
        "201112": "19.72",
        "201201": "21.02",
        "201202": "26.47",
        "201203": "27.19",
        "201204": "24.96",
        "201205": "26.84",
        "201206": "29.80",
        "201207": "31.56",
        "201208": "33.10",
        "201209": "32.12",
        "201210": "31.22",
        "201211": "29.18",
        "201212": "31.65",
        "201301": "34.57",
        "201302": "34.42",
        "201303": "37.35",
        "201304": "38.66",
        "201305": "38.69",
        "201306": "40.17",
        "201307": "46.48",
        "201308": "47.87",
        "201309": "55.49",
        "201310": "57.22",
        "201311": "56.23",
        "201312": "58.37",
        "201401": "61.96",
        "201402": "65.99",
        "201403": "69.96",
        "201404": "68.03",
        "201405": "70.24",
        "201406": "75.82",
        "201407": "73.43",
        "201408": "69.21",
        "201409": "68.84",
        "201410": "67.12",
        "201411": "68.41",
        "201412": "68.39",
        "201501": "66.60",
        "201502": "66.25",
        "201503": "74.55",
        "201504": "83.10",
        "201505": "84.74",
        "201506": "99.14",
        "201507": "102.20",
        "201508": "90.17",
        "201509": "109.82",
        "201510": "121.38",
        "201511": "134.81",
        "201512": "133.28",
        "201601": "129.62",
        "201602": "141.46",
        "201603": "141.76",
        "201604": "159.08",
        "201605": "161.38",
        "201606": "159.57",
        "201607": "160.90",
        "201608": "146.93",
        "201609": "152.58",
        "201610": "147.70",
        "201611": "122.45",
        "201612": "115.68",
        "201701": "114.75",
        "201702": "116.78",
        "201703": "118.52",
        "201704": "102.13",
        "201705": "95.48",
        "201706": "90.33",
        "201707": "83.71",
        "201708": "80.36",
        "201709": "80.03",
        "201710": "87.84",
        "201711": "92.79",
        "201712": "98.29",
        "201801": "100.95",
        "201802": "91.71",
        "201803": "95.74",
        "201804": "107.86",
        "201805": "121.68",
        "201806": "115.62",
        "201807": "109.71",
        "201808": "107.00",
        "201809": "97.71",
        "201810": "88.34",
        "201811": "83.62",
        "201812": "92.20",
        "201901": "98.33",
        "201902": "113.23",
        "201903": "116.70",
        "201904": "118.62",
        "201905": "113.50",
        "201906": "119.84",
        "201907": "131.11",
        "201908": "133.02",
        "201909": "127.32",
        "201910": "128.57",
        "201911": "133.57",
        "201912": "128.34",
        "202001": "121.57",
        "202002": "117.45",
        "202003": "101.41",
        "202004": "104.04",
        "202005": "118.60",
        "202006": "144.32",
        "202007": "156.15",
        "202008": "146.43",
        "202009": "137.07",
        "202010": "135.32",
        "202011": "138.05",
        "202012": "135.54",
        "202101": "127.65",
        "202102": "128.23",
        "202103": "125.66",
        "202104": "128.37",
        "202105": "115.07",
        "202106": "115.67",
        "202107": "113.41",
        "202108": "107.00",
        "202109": "107.75",
        "202110": "104.73",
        "202111": "110.07",
        "202112": "112.59",
        "202201": "114.50",
        "202202": "109.27",
        "202203": "106.17",
        "202204": "111.66",
        "202205": "107.50",
        "202206": "110.98",
        "202207": "106.02",
        "202208": "111.02",
        "202209": "118.24",
        "202210": "109.42",
        "202211": "112.48",
        "202212": "114.18",
        "202301": "112.00",
        "202302": "112.47",
        "202303": "115.41",
        "202304": "113.71",
        "202305": "114.20",
        "202306": "114.50"
    },
    "quarters": {
        "20011": {
            "year_quarter": 20011,
            "year": 2001,
            "quarter": 1,
            "eps": 0.16,
            "eps_growth_year": null,
            "eps_4q": null,
            "eps_4q_growth_year": null,
            "roe": 1.24,
            "roe_4q": 1.24,
            "gross_profit": 13358,
            "gross_margin": 23.22,
            "gross_margin_4q_avg": 23.22,
            "net_income": 4712,
            "revenue": 57534,
            "common_shares": 290000,
            "book_valuer_per_share": 13.05,
            "book_valuer_per_share_4q_avg": 13.05,
            "equity": 378472,
            "current_ratio": 242.96,
            "debt_ratio": 36.39,
            "inventory_turnover_ratio": 0.97,
            "account_receivable_turnover_ratio": null,
            "reinvestment_rate": null,
            "research_to_sale_ratio": null,
            "price_fair": 0,
            "eps_avg_yearly": 0,
            "eps_latest_yearly": 0,
            "eps_growth_yearly": 0
        },
        "20012": {
            "year_quarter": 20012,
            "year": 2001,
            "quarter": 2,
            "eps": 0.25,
            "eps_growth_year": null,
            "eps_4q": null,
            "eps_4q_growth_year": null,
            "roe": 1.9,
            "roe_4q": 3.1399999999999997,
            "gross_profit": 15435,
            "gross_margin": 22.97,
            "gross_margin_4q_avg": 23.1,
            "net_income": 7301,
            "revenue": 67203,
            "common_shares": 290000,
            "book_valuer_per_share": 13.38,
            "book_valuer_per_share_4q_avg": 13.22,
            "equity": 388049,
            "current_ratio": 247.35,
            "debt_ratio": 41.09,
            "inventory_turnover_ratio": 1.28,
            "account_receivable_turnover_ratio": null,
            "reinvestment_rate": null,
            "research_to_sale_ratio": null,
            "price_fair": 0,
            "eps_avg_yearly": 0,
            "eps_latest_yearly": 0,
            "eps_growth_yearly": 0
        },
        "20013": {
            "year_quarter": 20013,
            "year": 2001,
            "quarter": 3,
            "eps": 0.55,
            "eps_growth_year": null,
            "eps_4q": null,
            "eps_4q_growth_year": null,
            "roe": 4.52,
            "roe_4q": 7.66,
            "gross_profit": 22876,
            "gross_margin": 30.77,
            "gross_margin_4q_avg": 25.65,
            "net_income": 17759,
            "revenue": 74339,
            "common_shares": 290000,
            "book_valuer_per_share": 13.74,
            "book_valuer_per_share_4q_avg": 13.39,
            "equity": 398432,
            "current_ratio": 264.27,
            "debt_ratio": 39.83,
            "inventory_turnover_ratio": 1.17,
            "account_receivable_turnover_ratio": null,
            "reinvestment_rate": null,
            "research_to_sale_ratio": null,
            "price_fair": 0,
            "eps_avg_yearly": 0,
            "eps_latest_yearly": 0,
            "eps_growth_yearly": 0
        },
        "20014": {
            "year_quarter": 20014,
            "year": 2001,
            "quarter": 4,
            "eps": 0.44,
            "eps_growth_year": null,
            "eps_4q": 1.36,
            "eps_4q_growth_year": null,
            "roe": 3.52,
            "roe_4q": 11.18,
            "gross_profit": 23385,
            "gross_margin": 30.27,
            "gross_margin_4q_avg": 26.81,
            "net_income": 14272,
            "revenue": 77254,
            "common_shares": 321400,
            "book_valuer_per_share": 12.86,
            "book_valuer_per_share_4q_avg": 13.26,
            "equity": 413249,
            "current_ratio": 263.15,
            "debt_ratio": 40.77,
            "inventory_turnover_ratio": 1.05,
            "account_receivable_turnover_ratio": null,
            "reinvestment_rate": null,
            "research_to_sale_ratio": null,
            "price_fair": 0,
            "eps_avg_yearly": 0,
            "eps_latest_yearly": 0,
            "eps_growth_yearly": 0
        },
        "20021": {
            "year_quarter": 20021,
            "year": 2002,
            "quarter": 1,
            "eps": 0.2,
            "eps_growth_year": 25,
            "eps_4q": 1.29,
            "eps_4q_growth_year": null,
            "roe": 1.41,
            "roe_4q": 11.35,
            "gross_profit": 22494,
            "gross_margin": 27.84,
            "gross_margin_4q_avg": 27.96,
            "net_income": 7232,
            "revenue": 80788,
            "common_shares": 398000,
            "book_valuer_per_share": 15.43,
            "book_valuer_per_share_4q_avg": 13.85,
            "equity": 614055,
            "current_ratio": 482.99,
            "debt_ratio": 26.71,
            "inventory_turnover_ratio": 1.06,
            "account_receivable_turnover_ratio": null,
            "reinvestment_rate": null,
            "research_to_sale_ratio": null,
            "price_fair": 2.4,
            "eps_avg_yearly": 0.8,
            "eps_latest_yearly": 0.8,
            "eps_growth_yearly": -218.18
        },
        "20022": {
            "year_quarter": 20022,
            "year": 2002,
            "quarter": 2,
            "eps": 0.18,
            "eps_growth_year": -28,
            "eps_4q": 1.12,
            "eps_4q_growth_year": null,
            "roe": 1.24,
            "roe_4q": 10.69,
            "gross_profit": 24996,
            "gross_margin": 26.9,
            "gross_margin_4q_avg": 28.95,
            "net_income": 7547,
            "revenue": 92921,
            "common_shares": 398000,
            "book_valuer_per_share": 15.19,
            "book_valuer_per_share_4q_avg": 14.31,
            "equity": 604645,
            "current_ratio": 316.18,
            "debt_ratio": 27.93,
            "inventory_turnover_ratio": 1.01,
            "account_receivable_turnover_ratio": null,
            "reinvestment_rate": null,
            "research_to_sale_ratio": null,
            "price_fair": 2.28,
            "eps_avg_yearly": 0.76,
            "eps_latest_yearly": 0.72,
            "eps_growth_yearly": -129.09
        },
        "20023": {
            "year_quarter": 20023,
            "year": 2002,
            "quarter": 3,
            "eps": 0.19,
            "eps_growth_year": -65.45,
            "eps_4q": 0.89,
            "eps_4q_growth_year": null,
            "roe": 1.3,
            "roe_4q": 7.470000000000001,
            "gross_profit": 21919,
            "gross_margin": 26.12,
            "gross_margin_4q_avg": 27.78,
            "net_income": 7887,
            "revenue": 83932,
            "common_shares": 436420,
            "book_valuer_per_share": 13.97,
            "book_valuer_per_share_4q_avg": 14.36,
            "equity": 609481,
            "current_ratio": 269.41,
            "debt_ratio": 29.29,
            "inventory_turnover_ratio": 0.76,
            "account_receivable_turnover_ratio": null,
            "reinvestment_rate": null,
            "research_to_sale_ratio": null,
            "price_fair": 2.28,
            "eps_avg_yearly": 0.76,
            "eps_latest_yearly": 0.76,
            "eps_growth_yearly": -78.65
        },
        "20024": {
            "year_quarter": 20024,
            "year": 2002,
            "quarter": 4,
            "eps": 0.13,
            "eps_growth_year": -70.45,
            "eps_4q": 0.66,
            "eps_4q_growth_year": -51.58,
            "roe": 0.91,
            "roe_4q": 4.86,
            "gross_profit": 15661,
            "gross_margin": 18.6,
            "gross_margin_4q_avg": 24.87,
            "net_income": 5586,
            "revenue": 84208,
            "common_shares": 436420,
            "book_valuer_per_share": 14.09,
            "book_valuer_per_share_4q_avg": 14.67,
            "equity": 615016,
            "current_ratio": 330.81,
            "debt_ratio": 24.08,
            "inventory_turnover_ratio": 0.86,
            "account_receivable_turnover_ratio": null,
            "reinvestment_rate": null,
            "research_to_sale_ratio": null,
            "price_fair": 2.1,
            "eps_avg_yearly": 0.7,
            "eps_latest_yearly": 0.52,
            "eps_growth_yearly": -90.57
        },
        "20031": {
            "year_quarter": 20031,
            "year": 2003,
            "quarter": 1,
            "eps": 0.06,
            "eps_growth_year": -70,
            "eps_4q": 0.53,
            "eps_4q_growth_year": -59.15,
            "roe": 0.44,
            "roe_4q": 3.8900000000000006,
            "gross_profit": 13555,
            "gross_margin": 17.9,
            "gross_margin_4q_avg": 22.38,
            "net_income": 2706,
            "revenue": 75725,
            "common_shares": 436420,
            "book_valuer_per_share": 14.15,
            "book_valuer_per_share_4q_avg": 14.35,
            "equity": 617425,
            "current_ratio": 317.83,
            "debt_ratio": 23.43,
            "inventory_turnover_ratio": 0.87,
            "account_receivable_turnover_ratio": null,
            "reinvestment_rate": null,
            "research_to_sale_ratio": null,
            "price_fair": 1.82,
            "eps_avg_yearly": 0.61,
            "eps_latest_yearly": 0.24,
            "eps_growth_yearly": -115.53
        },
        "20032": {
            "year_quarter": 20032,
            "year": 2003,
            "quarter": 2,
            "eps": 0.3,
            "eps_growth_year": 66.67,
            "eps_4q": 0.68,
            "eps_4q_growth_year": -39.39,
            "roe": 2.1,
            "roe_4q": 4.75,
            "gross_profit": 23045,
            "gross_margin": 26.43,
            "gross_margin_4q_avg": 22.26,
            "net_income": 12884,
            "revenue": 87192,
            "common_shares": 436420,
            "book_valuer_per_share": 13.99,
            "book_valuer_per_share_4q_avg": 14.05,
            "equity": 610677,
            "current_ratio": 280.73,
            "debt_ratio": 28.2,
            "inventory_turnover_ratio": 0.97,
            "account_receivable_turnover_ratio": null,
            "reinvestment_rate": null,
            "research_to_sale_ratio": null,
            "price_fair": 24.73,
            "eps_avg_yearly": 0.71,
            "eps_latest_yearly": 1.2,
            "eps_growth_yearly": 170.39
        },
        "20033": {
            "year_quarter": 20033,
            "year": 2003,
            "quarter": 3,
            "eps": 0.13,
            "eps_growth_year": -31.58,
            "eps_4q": 0.57,
            "eps_4q_growth_year": -35.63,
            "roe": 1.01,
            "roe_4q": 4.46,
            "gross_profit": 16836,
            "gross_margin": 21.86,
            "gross_margin_4q_avg": 21.2,
            "net_income": 6217,
            "revenue": 77026,
            "common_shares": 461491,
            "book_valuer_per_share": 13.4,
            "book_valuer_per_share_4q_avg": 13.91,
            "equity": 618175,
            "current_ratio": 283.87,
            "debt_ratio": 25.98,
            "inventory_turnover_ratio": 0.89,
            "account_receivable_turnover_ratio": null,
            "reinvestment_rate": null,
            "research_to_sale_ratio": null,
            "price_fair": 23.8,
            "eps_avg_yearly": 0.68,
            "eps_latest_yearly": 0.52,
            "eps_growth_yearly": 113.67
        },
        "20034": {
            "year_quarter": 20034,
            "year": 2003,
            "quarter": 4,
            "eps": 0.18,
            "eps_growth_year": 38.46,
            "eps_4q": 0.66,
            "eps_4q_growth_year": 0.08,
            "roe": 1.32,
            "roe_4q": 4.87,
            "gross_profit": 20131,
            "gross_margin": 21.17,
            "gross_margin_4q_avg": 21.84,
            "net_income": 8211,
            "revenue": 95085,
            "common_shares": 461491,
            "book_valuer_per_share": 13.58,
            "book_valuer_per_share_4q_avg": 13.78,
            "equity": 626517,
            "current_ratio": 268.94,
            "debt_ratio": 26.74,
            "inventory_turnover_ratio": 1.07,
            "account_receivable_turnover_ratio": null,
            "reinvestment_rate": null,
            "research_to_sale_ratio": null,
            "price_fair": 23.98,
            "eps_avg_yearly": 0.69,
            "eps_latest_yearly": 0.72,
            "eps_growth_yearly": 118.69
        },
        "20041": {
            "year_quarter": 20041,
            "year": 2004,
            "quarter": 1,
            "eps": 0.12,
            "eps_growth_year": 100,
            "eps_4q": 0.7,
            "eps_4q_growth_year": 32.9,
            "roe": 0.9,
            "roe_4q": 5.33,
            "gross_profit": 16957,
            "gross_margin": 20.68,
            "gross_margin_4q_avg": 22.54,
            "net_income": 5659,
            "revenue": 81992,
            "common_shares": 461491,
            "book_valuer_per_share": 13.7,
            "book_valuer_per_share_4q_avg": 13.67,
            "equity": 632309,
            "current_ratio": 281.86,
            "debt_ratio": 23.9,
            "inventory_turnover_ratio": 0.96,
            "account_receivable_turnover_ratio": null,
            "reinvestment_rate": null,
            "research_to_sale_ratio": null,
            "price_fair": 23.18,
            "eps_avg_yearly": 0.66,
            "eps_latest_yearly": 0.48,
            "eps_growth_yearly": 90.69
        },
        "20042": {
            "year_quarter": 20042,
            "year": 2004,
            "quarter": 2,
            "eps": 0.03,
            "eps_growth_year": -90,
            "eps_4q": 0.43,
            "eps_4q_growth_year": -36.2,
            "roe": 0.24,
            "roe_4q": 3.4699999999999998,
            "gross_profit": 17696,
            "gross_margin": 23.08,
            "gross_margin_4q_avg": 21.7,
            "net_income": 1500,
            "revenue": 76683,
            "common_shares": 461491,
            "book_valuer_per_share": 13.36,
            "book_valuer_per_share_4q_avg": 13.51,
            "equity": 616680,
            "current_ratio": 476.63,
            "debt_ratio": 35.21,
            "inventory_turnover_ratio": 0.85,
            "account_receivable_turnover_ratio": null,
            "reinvestment_rate": null,
            "research_to_sale_ratio": null,
            "price_fair": 21.28,
            "eps_avg_yearly": 0.61,
            "eps_latest_yearly": 0.12,
            "eps_growth_yearly": 51.62
        },
        "20043": {
            "year_quarter": 20043,
            "year": 2004,
            "quarter": 3,
            "eps": 0.1,
            "eps_growth_year": -23.08,
            "eps_4q": 0.4,
            "eps_4q_growth_year": -29.95,
            "roe": 0.82,
            "roe_4q": 3.2800000000000002,
            "gross_profit": 21000,
            "gross_margin": 22.83,
            "gross_margin_4q_avg": 21.94,
            "net_income": 5102,
            "revenue": 91981,
            "common_shares": 497570,
            "book_valuer_per_share": 12.48,
            "book_valuer_per_share_4q_avg": 13.28,
            "equity": 620819,
            "current_ratio": 403.13,
            "debt_ratio": 35.14,
            "inventory_turnover_ratio": 0.94,
            "account_receivable_turnover_ratio": null,
            "reinvestment_rate": null,
            "research_to_sale_ratio": null,
            "price_fair": 20.62,
            "eps_avg_yearly": 0.59,
            "eps_latest_yearly": 0.4,
            "eps_growth_yearly": 131.77
        },
        "20044": {
            "year_quarter": 20044,
            "year": 2004,
            "quarter": 4,
            "eps": 0.07,
            "eps_growth_year": -61.11,
            "eps_4q": 0.32,
            "eps_4q_growth_year": -52.09,
            "roe": 0.56,
            "roe_4q": 2.52,
            "gross_profit": 20146,
            "gross_margin": 20.82,
            "gross_margin_4q_avg": 21.85,
            "net_income": 3499,
            "revenue": 96774,
            "common_shares": 497570,
            "book_valuer_per_share": 12.43,
            "book_valuer_per_share_4q_avg": 12.99,
            "equity": 618725,
            "current_ratio": 455.86,
            "debt_ratio": 36.44,
            "inventory_turnover_ratio": 1.05,
            "account_receivable_turnover_ratio": null,
            "reinvestment_rate": 174.07,
            "research_to_sale_ratio": null,
            "price_fair": 19.72,
            "eps_avg_yearly": 0.56,
            "eps_latest_yearly": 0.28,
            "eps_growth_yearly": 110.79
        },
        "20051": {
            "year_quarter": 20051,
            "year": 2005,
            "quarter": 1,
            "eps": 0.05,
            "eps_growth_year": -58.33,
            "eps_4q": 0.26,
            "eps_4q_growth_year": -62.34,
            "roe": 0.37,
            "roe_4q": 1.99,
            "gross_profit": 18638,
            "gross_margin": 19.98,
            "gross_margin_4q_avg": 21.68,
            "net_income": 2368,
            "revenue": 93267,
            "common_shares": 543871,
            "book_valuer_per_share": 12.41,
            "book_valuer_per_share_4q_avg": 12.67,
            "equity": 674704,
            "current_ratio": 532.5,
            "debt_ratio": 33.04,
            "inventory_turnover_ratio": 1.17,
            "account_receivable_turnover_ratio": null,
            "reinvestment_rate": 164.23,
            "research_to_sale_ratio": null,
            "price_fair": 18.74,
            "eps_avg_yearly": 0.54,
            "eps_latest_yearly": 0.2,
            "eps_growth_yearly": 93.48
        },
        "20052": {
            "year_quarter": 20052,
            "year": 2005,
            "quarter": 2,
            "eps": 0.24,
            "eps_growth_year": 700,
            "eps_4q": 0.45,
            "eps_4q_growth_year": 4.6,
            "roe": 1.83,
            "roe_4q": 3.58,
            "gross_profit": 25093,
            "gross_margin": 25.27,
            "gross_margin_4q_avg": 22.23,
            "net_income": 12441,
            "revenue": 99294,
            "common_shares": 543871,
            "book_valuer_per_share": 12.65,
            "book_valuer_per_share_4q_avg": 12.49,
            "equity": 687858,
            "current_ratio": 423.65,
            "debt_ratio": 33.56,
            "inventory_turnover_ratio": 1.15,
            "account_receivable_turnover_ratio": null,
            "reinvestment_rate": 137.9,
            "research_to_sale_ratio": null,
            "price_fair": 19.8,
            "eps_avg_yearly": 0.57,
            "eps_latest_yearly": 0.96,
            "eps_growth_yearly": 195.37
        },
        "20053": {
            "year_quarter": 20053,
            "year": 2005,
            "quarter": 3,
            "eps": 0.13,
            "eps_growth_year": 30,
            "eps_4q": 0.46,
            "eps_4q_growth_year": 15.14,
            "roe": 1.03,
            "roe_4q": 3.7900000000000005,
            "gross_profit": 26239,
            "gross_margin": 23.19,
            "gross_margin_4q_avg": 22.32,
            "net_income": 7169,
            "revenue": 113153,
            "common_shares": 572106,
            "book_valuer_per_share": 12.31,
            "book_valuer_per_share_4q_avg": 12.45,
            "equity": 704126,
            "current_ratio": 334.91,
            "debt_ratio": 33.73,
            "inventory_turnover_ratio": 1.26,
            "account_receivable_turnover_ratio": null,
            "reinvestment_rate": 114.96,
            "research_to_sale_ratio": null,
            "price_fair": 19.69,
            "eps_avg_yearly": 0.56,
            "eps_latest_yearly": 0.52,
            "eps_growth_yearly": 170.13
        },
        "20054": {
            "year_quarter": 20054,
            "year": 2005,
            "quarter": 4,
            "eps": 0.2,
            "eps_growth_year": 185.71,
            "eps_4q": 0.59,
            "eps_4q_growth_year": 85.75,
            "roe": 1.61,
            "roe_4q": 4.840000000000001,
            "gross_profit": 26102,
            "gross_margin": 24.01,
            "gross_margin_4q_avg": 23.11,
            "net_income": 11398,
            "revenue": 108731,
            "common_shares": 572106,
            "book_valuer_per_share": 12.46,
            "book_valuer_per_share_4q_avg": 12.46,
            "equity": 713083,
            "current_ratio": 289.86,
            "debt_ratio": 34.39,
            "inventory_turnover_ratio": 1.14,
            "account_receivable_turnover_ratio": null,
            "reinvestment_rate": 266.9,
            "research_to_sale_ratio": null,
            "price_fair": 20.21,
            "eps_avg_yearly": 0.58,
            "eps_latest_yearly": 0.8,
            "eps_growth_yearly": 172.96
        },
        "20061": {
            "year_quarter": 20061,
            "year": 2006,
            "quarter": 1,
            "eps": 0.2,
            "eps_growth_year": 300,
            "eps_4q": 0.75,
            "eps_4q_growth_year": 183.64,
            "roe": 1.58,
            "roe_4q": 6.050000000000001,
            "gross_profit": 30901,
            "gross_margin": 26.5,
            "gross_margin_4q_avg": 24.74,
            "net_income": 11342,
            "revenue": 116622,
            "common_shares": 572106,
            "book_valuer_per_share": 12.65,
            "book_valuer_per_share_4q_avg": 12.52,
            "equity": 723922,
            "current_ratio": 286.04,
            "debt_ratio": 32.96,
            "inventory_turnover_ratio": 1.09,
            "account_receivable_turnover_ratio": null,
            "reinvestment_rate": 73.34,
            "research_to_sale_ratio": null,
            "price_fair": 20.21,
            "eps_avg_yearly": 0.58,
            "eps_latest_yearly": 0.8,
            "eps_growth_yearly": 186.59
        },
        "20062": {
            "year_quarter": 20062,
            "year": 2006,
            "quarter": 2,
            "eps": 0.24,
            "eps_growth_year": 0,
            "eps_4q": 0.77,
            "eps_4q_growth_year": 69.93,
            "roe": 1.86,
            "roe_4q": 6.080000000000001,
            "gross_profit": 33841,
            "gross_margin": 28.92,
            "gross_margin_4q_avg": 25.66,
            "net_income": 13610,
            "revenue": 117010,
            "common_shares": 572106,
            "book_valuer_per_share": 12.87,
            "book_valuer_per_share_4q_avg": 12.57,
            "equity": 736400,
            "current_ratio": 192.51,
            "debt_ratio": 40.42,
            "inventory_turnover_ratio": 1.02,
            "account_receivable_turnover_ratio": null,
            "reinvestment_rate": 51.19,
            "research_to_sale_ratio": null,
            "price_fair": 20.74,
            "eps_avg_yearly": 0.59,
            "eps_latest_yearly": 0.96,
            "eps_growth_yearly": 194.09
        },
        "20063": {
            "year_quarter": 20063,
            "year": 2006,
            "quarter": 3,
            "eps": 0.18,
            "eps_growth_year": 38.46,
            "eps_4q": 0.77,
            "eps_4q_growth_year": 66.55,
            "roe": 1.49,
            "roe_4q": 6.54,
            "gross_profit": 32201,
            "gross_margin": 26.67,
            "gross_margin_4q_avg": 26.53,
            "net_income": 11100,
            "revenue": 120738,
            "common_shares": 604133,
            "book_valuer_per_share": 12.51,
            "book_valuer_per_share_4q_avg": 12.62,
            "equity": 755778,
            "current_ratio": 192.27,
            "debt_ratio": 40.16,
            "inventory_turnover_ratio": 1.02,
            "account_receivable_turnover_ratio": null,
            "reinvestment_rate": 21.76,
            "research_to_sale_ratio": null,
            "price_fair": 20.65,
            "eps_avg_yearly": 0.59,
            "eps_latest_yearly": 0.72,
            "eps_growth_yearly": 186.45
        },
        "20064": {
            "year_quarter": 20064,
            "year": 2006,
            "quarter": 4,
            "eps": 0.35,
            "eps_growth_year": 75,
            "eps_4q": 0.94,
            "eps_4q_growth_year": 61.32,
            "roe": 2.77,
            "roe_4q": 7.7,
            "gross_profit": 36775,
            "gross_margin": 27.29,
            "gross_margin_4q_avg": 27.35,
            "net_income": 21216,
            "revenue": 134771,
            "common_shares": 604664,
            "book_valuer_per_share": 12.88,
            "book_valuer_per_share_4q_avg": 12.73,
            "equity": 778606,
            "current_ratio": 184.6,
            "debt_ratio": 40.53,
            "inventory_turnover_ratio": 1.07,
            "account_receivable_turnover_ratio": null,
            "reinvestment_rate": 166.48,
            "research_to_sale_ratio": null,
            "price_fair": 22.58,
            "eps_avg_yearly": 0.65,
            "eps_latest_yearly": 1.4,
            "eps_growth_yearly": 217.96
        },
        "20071": {
            "year_quarter": 20071,
            "year": 2007,
            "quarter": 1,
            "eps": 0.22,
            "eps_growth_year": 10,
            "eps_4q": 0.97,
            "eps_4q_growth_year": 30.29,
            "roe": 1.69,
            "roe_4q": 7.8100000000000005,
            "gross_profit": 34658,
            "gross_margin": 27.17,
            "gross_margin_4q_avg": 27.51,
            "net_income": 13418,
            "revenue": 127558,
            "common_shares": 618146,
            "book_valuer_per_share": 13.12,
            "book_valuer_per_share_4q_avg": 12.85,
            "equity": 811305,
            "current_ratio": 204.25,
            "debt_ratio": 38.25,
            "inventory_turnover_ratio": 1.04,
            "account_receivable_turnover_ratio": null,
            "reinvestment_rate": -31.75,
            "research_to_sale_ratio": null,
            "price_fair": 23.98,
            "eps_avg_yearly": 0.69,
            "eps_latest_yearly": 0.88,
            "eps_growth_yearly": 222.13
        },
        "20072": {
            "year_quarter": 20072,
            "year": 2007,
            "quarter": 2,
            "eps": 0.26,
            "eps_growth_year": 8.33,
            "eps_4q": 0.93,
            "eps_4q_growth_year": 21.81,
            "roe": 2.07,
            "roe_4q": 8.02,
            "gross_profit": 44145,
            "gross_margin": 29.86,
            "gross_margin_4q_avg": 27.75,
            "net_income": 17622,
            "revenue": 147842,
            "common_shares": 728760,
            "book_valuer_per_share": 12.22,
            "book_valuer_per_share_4q_avg": 12.68,
            "equity": 890510,
            "current_ratio": 268.44,
            "debt_ratio": 33.6,
            "inventory_turnover_ratio": 1.16,
            "account_receivable_turnover_ratio": null,
            "reinvestment_rate": -34.47,
            "research_to_sale_ratio": null,
            "price_fair": 23.63,
            "eps_avg_yearly": 0.68,
            "eps_latest_yearly": 1.04,
            "eps_growth_yearly": 126.68
        },
        "20073": {
            "year_quarter": 20073,
            "year": 2007,
            "quarter": 3,
            "eps": 4.87,
            "eps_growth_year": 2605.56,
            "eps_4q": 5.64,
            "eps_4q_growth_year": 632.39,
            "roe": 31.4,
            "roe_4q": 37.93,
            "gross_profit": 44937,
            "gross_margin": 27.46,
            "gross_margin_4q_avg": 27.95,
            "net_income": 332466,
            "revenue": 163652,
            "common_shares": 758166,
            "book_valuer_per_share": 16.18,
            "book_valuer_per_share_4q_avg": 13.6,
            "equity": 1227082,
            "current_ratio": 314.49,
            "debt_ratio": 30.73,
            "inventory_turnover_ratio": 1.29,
            "account_receivable_turnover_ratio": null,
            "reinvestment_rate": -7.4,
            "research_to_sale_ratio": null,
            "price_fair": 65.1,
            "eps_avg_yearly": 1.86,
            "eps_latest_yearly": 19.48,
            "eps_growth_yearly": 584.12
        },
        "20074": {
            "year_quarter": 20074,
            "year": 2007,
            "quarter": 4,
            "eps": -0.76,
            "eps_growth_year": -317.14,
            "eps_4q": 4.32,
            "eps_4q_growth_year": 357.26,
            "roe": -4.53,
            "roe_4q": 30.63,
            "gross_profit": 20917,
            "gross_margin": 19.21,
            "gross_margin_4q_avg": 25.93,
            "net_income": -54357,
            "revenue": 108861,
            "common_shares": 759970,
            "book_valuer_per_share": 15.43,
            "book_valuer_per_share_4q_avg": 14.24,
            "equity": 1172783,
            "current_ratio": 742.88,
            "debt_ratio": 28.97,
            "inventory_turnover_ratio": 1,
            "account_receivable_turnover_ratio": null,
            "reinvestment_rate": -14.41,
            "research_to_sale_ratio": null,
            "price_fair": 67.76,
            "eps_avg_yearly": 1.94,
            "eps_latest_yearly": 19.48,
            "eps_growth_yearly": 612.8
        },
        "20081": {
            "year_quarter": 20081,
            "year": 2008,
            "quarter": 1,
            "eps": 0.79,
            "eps_growth_year": 259.09,
            "eps_4q": 4.68,
            "eps_4q_growth_year": 380.83,
            "roe": 5.05,
            "roe_4q": 33.989999999999995,
            "gross_profit": 35290,
            "gross_margin": 26.18,
            "gross_margin_4q_avg": 25.68,
            "net_income": 60082,
            "revenue": 134800,
            "common_shares": 759970,
            "book_valuer_per_share": 15.88,
            "book_valuer_per_share_4q_avg": 14.93,
            "equity": 1206465,
            "current_ratio": 692.44,
            "debt_ratio": 28.75,
            "inventory_turnover_ratio": 1.16,
            "account_receivable_turnover_ratio": null,
            "reinvestment_rate": -0.6,
            "research_to_sale_ratio": null,
            "price_fair": 71.4,
            "eps_avg_yearly": 2.04,
            "eps_latest_yearly": 19.48,
            "eps_growth_yearly": 666.1
        },
        "20082": {
            "year_quarter": 20082,
            "year": 2008,
            "quarter": 2,
            "eps": 0.18,
            "eps_growth_year": -30.77,
            "eps_4q": 4.73,
            "eps_4q_growth_year": 405.97,
            "roe": 1.18,
            "roe_4q": 33.099999999999994,
            "gross_profit": 49248,
            "gross_margin": 31.55,
            "gross_margin_4q_avg": 26.1,
            "net_income": 13380,
            "revenue": 156103,
            "common_shares": 759970,
            "book_valuer_per_share": 14.09,
            "book_valuer_per_share_4q_avg": 15.4,
            "equity": 1070879,
            "current_ratio": 297.25,
            "debt_ratio": 37.85,
            "inventory_turnover_ratio": 1.16,
            "account_receivable_turnover_ratio": null,
            "reinvestment_rate": 18.73,
            "research_to_sale_ratio": null,
            "price_fair": 72.9,
            "eps_avg_yearly": 2.08,
            "eps_latest_yearly": 0.72,
            "eps_growth_yearly": 665.46
        },
        "20083": {
            "year_quarter": 20083,
            "year": 2008,
            "quarter": 3,
            "eps": 0.44,
            "eps_growth_year": -90.97,
            "eps_4q": 0.69,
            "eps_4q_growth_year": -87.72,
            "roe": 3.05,
            "roe_4q": 4.749999999999999,
            "gross_profit": 59998,
            "gross_margin": 32.05,
            "gross_margin_4q_avg": 27.25,
            "net_income": 33369,
            "revenue": 187214,
            "common_shares": 759970,
            "book_valuer_per_share": 14.7,
            "book_valuer_per_share_4q_avg": 15.03,
            "equity": 1117391,
            "current_ratio": 360.87,
            "debt_ratio": 32.22,
            "inventory_turnover_ratio": 1.37,
            "account_receivable_turnover_ratio": null,
            "reinvestment_rate": 33.06,
            "research_to_sale_ratio": null,
            "price_fair": 76.3,
            "eps_avg_yearly": 2.18,
            "eps_latest_yearly": 1.76,
            "eps_growth_yearly": 640.07
        },
        "20084": {
            "year_quarter": 20084,
            "year": 2008,
            "quarter": 4,
            "eps": 0.85,
            "eps_growth_year": null,
            "eps_4q": 2.26,
            "eps_4q_growth_year": -47.8,
            "roe": 5.61,
            "roe_4q": 14.89,
            "gross_profit": 56241,
            "gross_margin": 31.82,
            "gross_margin_4q_avg": 30.4,
            "net_income": 64624,
            "revenue": 176747,
            "common_shares": 759970,
            "book_valuer_per_share": 15.61,
            "book_valuer_per_share_4q_avg": 15.07,
            "equity": 1186217,
            "current_ratio": 325.81,
            "debt_ratio": 31.11,
            "inventory_turnover_ratio": 1.29,
            "account_receivable_turnover_ratio": null,
            "reinvestment_rate": 46.57,
            "research_to_sale_ratio": null,
            "price_fair": 84.1,
            "eps_avg_yearly": 2.4,
            "eps_latest_yearly": 3.4,
            "eps_growth_yearly": 675.26
        },
        "20091": {
            "year_quarter": 20091,
            "year": 2009,
            "quarter": 1,
            "eps": 0.39,
            "eps_growth_year": -50.63,
            "eps_4q": 1.84,
            "eps_4q_growth_year": -60.61,
            "roe": 2.48,
            "roe_4q": 12.32,
            "gross_profit": 60891,
            "gross_margin": 33.31,
            "gross_margin_4q_avg": 32.18,
            "net_income": 29897,
            "revenue": 182816,
            "common_shares": 759970,
            "book_valuer_per_share": 16.12,
            "book_valuer_per_share_4q_avg": 15.13,
            "equity": 1225261,
            "current_ratio": 402.72,
            "debt_ratio": 27.7,
            "inventory_turnover_ratio": 1.3,
            "account_receivable_turnover_ratio": 2.86,
            "reinvestment_rate": 43.5,
            "research_to_sale_ratio": null,
            "price_fair": 87.5,
            "eps_avg_yearly": 2.5,
            "eps_latest_yearly": 1.56,
            "eps_growth_yearly": 667.96
        },
        "20092": {
            "year_quarter": 20092,
            "year": 2009,
            "quarter": 2,
            "eps": 0.64,
            "eps_growth_year": 255.56,
            "eps_4q": 2.31,
            "eps_4q_growth_year": -51.13,
            "roe": 4.08,
            "roe_4q": 15.220000000000002,
            "gross_profit": 67971,
            "gross_margin": 35.42,
            "gross_margin_4q_avg": 33.15,
            "net_income": 48975,
            "revenue": 191888,
            "common_shares": 759970,
            "book_valuer_per_share": 15.46,
            "book_valuer_per_share_4q_avg": 15.47,
            "equity": 1174748,
            "current_ratio": 322.45,
            "debt_ratio": 28.8,
            "inventory_turnover_ratio": 1.38,
            "account_receivable_turnover_ratio": 1.4,
            "reinvestment_rate": 41.65,
            "research_to_sale_ratio": null,
            "price_fair": 91.5,
            "eps_avg_yearly": 2.61,
            "eps_latest_yearly": 2.56,
            "eps_growth_yearly": 577.71
        },
        "20093": {
            "year_quarter": 20093,
            "year": 2009,
            "quarter": 3,
            "eps": 0.45,
            "eps_growth_year": 2.27,
            "eps_4q": 2.28,
            "eps_4q_growth_year": 229.36,
            "roe": 2.97,
            "roe_4q": 15.14,
            "gross_profit": 74830,
            "gross_margin": 36.98,
            "gross_margin_4q_avg": 34.38,
            "net_income": 35307,
            "revenue": 202325,
            "common_shares": 782769,
            "book_valuer_per_share": 15.4,
            "book_valuer_per_share_4q_avg": 15.65,
            "equity": 1205408,
            "current_ratio": 490.3,
            "debt_ratio": 22.92,
            "inventory_turnover_ratio": 1.43,
            "account_receivable_turnover_ratio": 1.45,
            "reinvestment_rate": 41.43,
            "research_to_sale_ratio": null,
            "price_fair": 94.7,
            "eps_avg_yearly": 2.71,
            "eps_latest_yearly": 1.8,
            "eps_growth_yearly": 582.32
        },
        "20094": {
            "year_quarter": 20094,
            "year": 2009,
            "quarter": 4,
            "eps": 0.57,
            "eps_growth_year": -32.94,
            "eps_4q": 2.04,
            "eps_4q_growth_year": -9.63,
            "roe": 3.61,
            "roe_4q": 13.14,
            "gross_profit": 75768,
            "gross_margin": 37.33,
            "gross_margin_4q_avg": 35.76,
            "net_income": 44337,
            "revenue": 202985,
            "common_shares": 782769,
            "book_valuer_per_share": 16.01,
            "book_valuer_per_share_4q_avg": 15.75,
            "equity": 1252857,
            "current_ratio": 557.22,
            "debt_ratio": 27.46,
            "inventory_turnover_ratio": 1.48,
            "account_receivable_turnover_ratio": 1.5,
            "reinvestment_rate": 13.59,
            "research_to_sale_ratio": null,
            "price_fair": 98.4,
            "eps_avg_yearly": 2.81,
            "eps_latest_yearly": 2.28,
            "eps_growth_yearly": 574.55
        },
        "20101": {
            "year_quarter": 20101,
            "year": 2010,
            "quarter": 1,
            "eps": 0.52,
            "eps_growth_year": 33.33,
            "eps_4q": 2.16,
            "eps_4q_growth_year": 17.16,
            "roe": 3.17,
            "roe_4q": 13.83,
            "gross_profit": 75098,
            "gross_margin": 37.47,
            "gross_margin_4q_avg": 36.8,
            "net_income": 40383,
            "revenue": 200401,
            "common_shares": 782769,
            "book_valuer_per_share": 16.5,
            "book_valuer_per_share_4q_avg": 15.84,
            "equity": 1291824,
            "current_ratio": 579.4,
            "debt_ratio": 26.68,
            "inventory_turnover_ratio": 1.46,
            "account_receivable_turnover_ratio": 2.69,
            "reinvestment_rate": 41.29,
            "research_to_sale_ratio": 4.54,
            "price_fair": 101.6,
            "eps_avg_yearly": 2.9,
            "eps_latest_yearly": 2.08,
            "eps_growth_yearly": 572.05
        },
        "20102": {
            "year_quarter": 20102,
            "year": 2010,
            "quarter": 2,
            "eps": 0.67,
            "eps_growth_year": 3.99,
            "eps_4q": 2.2,
            "eps_4q_growth_year": -4.86,
            "roe": 4.2,
            "roe_4q": 13.950000000000001,
            "gross_profit": 81598,
            "gross_margin": 39.02,
            "gross_margin_4q_avg": 37.7,
            "net_income": 52094,
            "revenue": 209126,
            "common_shares": 782769,
            "book_valuer_per_share": 15.19,
            "book_valuer_per_share_4q_avg": 15.78,
            "equity": 1189247,
            "current_ratio": 318.9,
            "debt_ratio": 33.87,
            "inventory_turnover_ratio": 1.35,
            "account_receivable_turnover_ratio": 1.35,
            "reinvestment_rate": 71.85,
            "research_to_sale_ratio": 5.06,
            "price_fair": 105.9,
            "eps_avg_yearly": 3.03,
            "eps_latest_yearly": 2.68,
            "eps_growth_yearly": 574.57
        },
        "20103": {
            "year_quarter": 20103,
            "year": 2010,
            "quarter": 3,
            "eps": 0.6,
            "eps_growth_year": 33.62,
            "eps_4q": 2.35,
            "eps_4q_growth_year": 3.08,
            "roe": 3.89,
            "roe_4q": 14.87,
            "gross_profit": 83338,
            "gross_margin": 38.05,
            "gross_margin_4q_avg": 37.97,
            "net_income": 47068,
            "revenue": 219003,
            "common_shares": 782769,
            "book_valuer_per_share": 15.7,
            "book_valuer_per_share_4q_avg": 15.85,
            "equity": 1229321,
            "current_ratio": 554.2,
            "debt_ratio": 26.5,
            "inventory_turnover_ratio": 1.36,
            "account_receivable_turnover_ratio": 1.37,
            "reinvestment_rate": 67.91,
            "research_to_sale_ratio": 4.6,
            "price_fair": 110.1,
            "eps_avg_yearly": 3.15,
            "eps_latest_yearly": 2.4,
            "eps_growth_yearly": 578.73
        },
        "20104": {
            "year_quarter": 20104,
            "year": 2010,
            "quarter": 4,
            "eps": 0.42,
            "eps_growth_year": -25.94,
            "eps_4q": 2.2,
            "eps_4q_growth_year": 8.19,
            "roe": 2.67,
            "roe_4q": 13.930000000000001,
            "gross_profit": 68976,
            "gross_margin": 35.72,
            "gross_margin_4q_avg": 37.57,
            "net_income": 33042,
            "revenue": 193093,
            "common_shares": 782769,
            "book_valuer_per_share": 15.88,
            "book_valuer_per_share_4q_avg": 15.82,
            "equity": 1243223,
            "current_ratio": 552.45,
            "debt_ratio": 26.22,
            "inventory_turnover_ratio": 1.21,
            "account_receivable_turnover_ratio": 1.28,
            "reinvestment_rate": 6.88,
            "research_to_sale_ratio": 6.1,
            "price_fair": 110.8,
            "eps_avg_yearly": 3.17,
            "eps_latest_yearly": 1.68,
            "eps_growth_yearly": 543.18
        },
        "20111": {
            "year_quarter": 20111,
            "year": 2011,
            "quarter": 1,
            "eps": 0.34,
            "eps_growth_year": -34.62,
            "eps_4q": 2.03,
            "eps_4q_growth_year": -5.92,
            "roe": 2.13,
            "roe_4q": 12.89,
            "gross_profit": 59144,
            "gross_margin": 32.61,
            "gross_margin_4q_avg": 36.35,
            "net_income": 26795,
            "revenue": 181380,
            "common_shares": 782769,
            "book_valuer_per_share": 16.25,
            "book_valuer_per_share_4q_avg": 15.76,
            "equity": 1271660,
            "current_ratio": 578.33,
            "debt_ratio": 25.07,
            "inventory_turnover_ratio": 1.13,
            "account_receivable_turnover_ratio": 1.27,
            "reinvestment_rate": 68.5,
            "research_to_sale_ratio": 6.17,
            "price_fair": 112,
            "eps_avg_yearly": 3.2,
            "eps_latest_yearly": 1.36,
            "eps_growth_yearly": 548.35
        },
        "20112": {
            "year_quarter": 20112,
            "year": 2011,
            "quarter": 2,
            "eps": 0.38,
            "eps_growth_year": -43.33,
            "eps_4q": 1.74,
            "eps_4q_growth_year": -20.74,
            "roe": 2.43,
            "roe_4q": 11.120000000000001,
            "gross_profit": 54332,
            "gross_margin": 29.17,
            "gross_margin_4q_avg": 33.89,
            "net_income": 29520,
            "revenue": 186258,
            "common_shares": 782769,
            "book_valuer_per_share": 14.75,
            "book_valuer_per_share_4q_avg": 15.65,
            "equity": 1154346,
            "current_ratio": 315.66,
            "debt_ratio": 32.43,
            "inventory_turnover_ratio": 1.15,
            "account_receivable_turnover_ratio": 1.35,
            "reinvestment_rate": 36.56,
            "research_to_sale_ratio": 6.69,
            "price_fair": 113.2,
            "eps_avg_yearly": 3.23,
            "eps_latest_yearly": 1.52,
            "eps_growth_yearly": 546.51
        },
        "20113": {
            "year_quarter": 20113,
            "year": 2011,
            "quarter": 3,
            "eps": 0.27,
            "eps_growth_year": -55.8,
            "eps_4q": 1.41,
            "eps_4q_growth_year": -40.09,
            "roe": 1.77,
            "roe_4q": 9,
            "gross_profit": 60724,
            "gross_margin": 31.82,
            "gross_margin_4q_avg": 32.33,
            "net_income": 20805,
            "revenue": 190855,
            "common_shares": 782769,
            "book_valuer_per_share": 15.25,
            "book_valuer_per_share_4q_avg": 15.53,
            "equity": 1193685,
            "current_ratio": 540.36,
            "debt_ratio": 24.48,
            "inventory_turnover_ratio": 1.16,
            "account_receivable_turnover_ratio": 1.4,
            "reinvestment_rate": 53.9,
            "research_to_sale_ratio": 6.01,
            "price_fair": 67.2,
            "eps_avg_yearly": 1.92,
            "eps_latest_yearly": 1.08,
            "eps_growth_yearly": 31.65
        },
        "20114": {
            "year_quarter": 20114,
            "year": 2011,
            "quarter": 4,
            "eps": 0.66,
            "eps_growth_year": 55.79,
            "eps_4q": 1.64,
            "eps_4q_growth_year": -25.49,
            "roe": 4.23,
            "roe_4q": 10.559999999999999,
            "gross_profit": 66177,
            "gross_margin": 32.79,
            "gross_margin_4q_avg": 31.6,
            "net_income": 51477,
            "revenue": 201821,
            "common_shares": 782769,
            "book_valuer_per_share": 15.85,
            "book_valuer_per_share_4q_avg": 15.53,
            "equity": 1240963,
            "current_ratio": 532.66,
            "debt_ratio": 23.79,
            "inventory_turnover_ratio": 1.29,
            "account_receivable_turnover_ratio": 1.42,
            "reinvestment_rate": 47.95,
            "research_to_sale_ratio": 6.02,
            "price_fair": 68.88,
            "eps_avg_yearly": 1.97,
            "eps_latest_yearly": 2.64,
            "eps_growth_yearly": 68.06
        },
        "20121": {
            "year_quarter": 20121,
            "year": 2012,
            "quarter": 1,
            "eps": 0.47,
            "eps_growth_year": 38.24,
            "eps_4q": 1.77,
            "eps_4q_growth_year": -12.73,
            "roe": 2.94,
            "roe_4q": 11.37,
            "gross_profit": 69328,
            "gross_margin": 34.07,
            "gross_margin_4q_avg": 31.96,
            "net_income": 36962,
            "revenue": 203488,
            "common_shares": 782769,
            "book_valuer_per_share": 16.25,
            "book_valuer_per_share_4q_avg": 15.53,
            "equity": 1272141,
            "current_ratio": 519.6,
            "debt_ratio": 23.36,
            "inventory_turnover_ratio": 1.22,
            "account_receivable_turnover_ratio": 1.41,
            "reinvestment_rate": 82.49,
            "research_to_sale_ratio": 5.56,
            "price_fair": 68.69,
            "eps_avg_yearly": 1.96,
            "eps_latest_yearly": 1.88,
            "eps_growth_yearly": 56.61
        },
        "20122": {
            "year_quarter": 20122,
            "year": 2012,
            "quarter": 2,
            "eps": 0.43,
            "eps_growth_year": 15.29,
            "eps_4q": 1.83,
            "eps_4q_growth_year": 5.02,
            "roe": 2.76,
            "roe_4q": 11.7,
            "gross_profit": 67995,
            "gross_margin": 34.25,
            "gross_margin_4q_avg": 33.23,
            "net_income": 34034,
            "revenue": 198514,
            "common_shares": 782769,
            "book_valuer_per_share": 15.22,
            "book_valuer_per_share_4q_avg": 15.64,
            "equity": 1191617,
            "current_ratio": 325.25,
            "debt_ratio": 28.24,
            "inventory_turnover_ratio": 1.15,
            "account_receivable_turnover_ratio": 1.37,
            "reinvestment_rate": 21.22,
            "research_to_sale_ratio": 5.11,
            "price_fair": 70.88,
            "eps_avg_yearly": 2.03,
            "eps_latest_yearly": 1.72,
            "eps_growth_yearly": 73.78
        },
        "20123": {
            "year_quarter": 20123,
            "year": 2012,
            "quarter": 3,
            "eps": 0.57,
            "eps_growth_year": 113.58,
            "eps_4q": 2.13,
            "eps_4q_growth_year": 51.51,
            "roe": 3.67,
            "roe_4q": 13.6,
            "gross_profit": 78432,
            "gross_margin": 35.24,
            "gross_margin_4q_avg": 34.09,
            "net_income": 44436,
            "revenue": 222558,
            "common_shares": 782769,
            "book_valuer_per_share": 15.73,
            "book_valuer_per_share_4q_avg": 15.76,
            "equity": 1231229,
            "current_ratio": 472.7,
            "debt_ratio": 22.37,
            "inventory_turnover_ratio": 1.23,
            "account_receivable_turnover_ratio": 1.55,
            "reinvestment_rate": 48.14,
            "research_to_sale_ratio": 4.52,
            "price_fair": 72.01,
            "eps_avg_yearly": 2.06,
            "eps_latest_yearly": 2.28,
            "eps_growth_yearly": 45.81
        },
        "20124": {
            "year_quarter": 20124,
            "year": 2012,
            "quarter": 4,
            "eps": 0.65,
            "eps_growth_year": -1.17,
            "eps_4q": 2.12,
            "eps_4q_growth_year": 29.32,
            "roe": 4.05,
            "roe_4q": 13.42,
            "gross_profit": 78389,
            "gross_margin": 36,
            "gross_margin_4q_avg": 34.89,
            "net_income": 50876,
            "revenue": 217748,
            "common_shares": 782769,
            "book_valuer_per_share": 16.4,
            "book_valuer_per_share_4q_avg": 15.9,
            "equity": 1283612,
            "current_ratio": 521.05,
            "debt_ratio": 21.08,
            "inventory_turnover_ratio": 1.18,
            "account_receivable_turnover_ratio": 1.41,
            "reinvestment_rate": -10.76,
            "research_to_sale_ratio": 6.36,
            "price_fair": 70.26,
            "eps_avg_yearly": 2.01,
            "eps_latest_yearly": 2.6,
            "eps_growth_yearly": 26.02
        },
        "20131": {
            "year_quarter": 20131,
            "year": 2013,
            "quarter": 1,
            "eps": 0.62,
            "eps_growth_year": 31.91,
            "eps_4q": 2.27,
            "eps_4q_growth_year": 27.98,
            "roe": 3.68,
            "roe_4q": 14.16,
            "gross_profit": 83400,
            "gross_margin": 37.24,
            "gross_margin_4q_avg": 35.68,
            "net_income": 48243,
            "revenue": 223954,
            "common_shares": 782769,
            "book_valuer_per_share": 17.05,
            "book_valuer_per_share_4q_avg": 16.1,
            "equity": 1334803,
            "current_ratio": 478.49,
            "debt_ratio": 22.2,
            "inventory_turnover_ratio": 1.19,
            "account_receivable_turnover_ratio": 1.36,
            "reinvestment_rate": -13.32,
            "research_to_sale_ratio": 5.02,
            "price_fair": 72.28,
            "eps_avg_yearly": 2.07,
            "eps_latest_yearly": 2.48,
            "eps_growth_yearly": 38.4
        },
        "20132": {
            "year_quarter": 20132,
            "year": 2013,
            "quarter": 2,
            "eps": 0.71,
            "eps_growth_year": 63.3,
            "eps_4q": 2.55,
            "eps_4q_growth_year": 39.22,
            "roe": 4.3,
            "roe_4q": 15.700000000000001,
            "gross_profit": 97181,
            "gross_margin": 40.45,
            "gross_margin_4q_avg": 37.23,
            "net_income": 55914,
            "revenue": 240268,
            "common_shares": 782769,
            "book_valuer_per_share": 16.18,
            "book_valuer_per_share_4q_avg": 16.34,
            "equity": 1266840,
            "current_ratio": 343.24,
            "debt_ratio": 27.08,
            "inventory_turnover_ratio": 1.22,
            "account_receivable_turnover_ratio": 1.44,
            "reinvestment_rate": -18.29,
            "research_to_sale_ratio": 4.31,
            "price_fair": 72.89,
            "eps_avg_yearly": 2.08,
            "eps_latest_yearly": 2.84,
            "eps_growth_yearly": 26
        },
        "20133": {
            "year_quarter": 20133,
            "year": 2013,
            "quarter": 3,
            "eps": 0.74,
            "eps_growth_year": 30.36,
            "eps_4q": 2.72,
            "eps_4q_growth_year": 27.66,
            "roe": 4.48,
            "roe_4q": 16.51,
            "gross_profit": 100880,
            "gross_margin": 41.54,
            "gross_margin_4q_avg": 38.81,
            "net_income": 58038,
            "revenue": 242865,
            "common_shares": 782769,
            "book_valuer_per_share": 16.91,
            "book_valuer_per_share_4q_avg": 16.64,
            "equity": 1323273,
            "current_ratio": 613.67,
            "debt_ratio": 27.01,
            "inventory_turnover_ratio": 1.26,
            "account_receivable_turnover_ratio": 1.47,
            "reinvestment_rate": -20.52,
            "research_to_sale_ratio": 4.82,
            "price_fair": 75.43,
            "eps_avg_yearly": 2.16,
            "eps_latest_yearly": 2.96,
            "eps_growth_yearly": 34.48
        },
        "20134": {
            "year_quarter": 20134,
            "year": 2013,
            "quarter": 4,
            "eps": 0.63,
            "eps_growth_year": -2.61,
            "eps_4q": 2.57,
            "eps_4q_growth_year": 20.92,
            "roe": 3.61,
            "roe_4q": 16.07,
            "gross_profit": 104586,
            "gross_margin": 41.7,
            "gross_margin_4q_avg": 40.23,
            "net_income": 53029,
            "revenue": 250796,
            "common_shares": 837769,
            "book_valuer_per_share": 19.29,
            "book_valuer_per_share_4q_avg": 17.36,
            "equity": 1615901,
            "current_ratio": 686.74,
            "debt_ratio": 19.08,
            "inventory_turnover_ratio": 1.38,
            "account_receivable_turnover_ratio": 1.48,
            "reinvestment_rate": -9.79,
            "research_to_sale_ratio": 5.01,
            "price_fair": 74,
            "eps_avg_yearly": 2.17,
            "eps_latest_yearly": 2.52,
            "eps_growth_yearly": 24.1
        },
        "20141": {
            "year_quarter": 20141,
            "year": 2014,
            "quarter": 1,
            "eps": 0.74,
            "eps_growth_year": 19.35,
            "eps_4q": 2.72,
            "eps_4q_growth_year": 19.95,
            "roe": 3.74,
            "roe_4q": 16.13,
            "gross_profit": 103758,
            "gross_margin": 40.58,
            "gross_margin_4q_avg": 41.07,
            "net_income": 62198,
            "revenue": 255713,
            "common_shares": 842180,
            "book_valuer_per_share": 20.32,
            "book_valuer_per_share_4q_avg": 18.18,
            "equity": 1711703,
            "current_ratio": 615.35,
            "debt_ratio": 18.48,
            "inventory_turnover_ratio": 1.48,
            "account_receivable_turnover_ratio": 1.51,
            "reinvestment_rate": -6.92,
            "research_to_sale_ratio": 4.52,
            "price_fair": 77.88,
            "eps_avg_yearly": 2.23,
            "eps_latest_yearly": 2.96,
            "eps_growth_yearly": 30.66
        },
        "20142": {
            "year_quarter": 20142,
            "year": 2014,
            "quarter": 2,
            "eps": 0.85,
            "eps_growth_year": 19.72,
            "eps_4q": 2.88,
            "eps_4q_growth_year": 12.97,
            "roe": 4.24,
            "roe_4q": 16.07,
            "gross_profit": 119737,
            "gross_margin": 43.51,
            "gross_margin_4q_avg": 41.83,
            "net_income": 71839,
            "revenue": 275195,
            "common_shares": 851394,
            "book_valuer_per_share": 19.66,
            "book_valuer_per_share_4q_avg": 19.05,
            "equity": 1673726,
            "current_ratio": 340.7,
            "debt_ratio": 25.86,
            "inventory_turnover_ratio": 1.42,
            "account_receivable_turnover_ratio": 1.67,
            "reinvestment_rate": -23.22,
            "research_to_sale_ratio": 5.14,
            "price_fair": 79.45,
            "eps_avg_yearly": 2.27,
            "eps_latest_yearly": 3.4,
            "eps_growth_yearly": 27.16
        },
        "20143": {
            "year_quarter": 20143,
            "year": 2014,
            "quarter": 3,
            "eps": 0.88,
            "eps_growth_year": 18.92,
            "eps_4q": 3.07,
            "eps_4q_growth_year": 12.82,
            "roe": 4.37,
            "roe_4q": 15.959999999999999,
            "gross_profit": 121918,
            "gross_margin": 41.93,
            "gross_margin_4q_avg": 41.93,
            "net_income": 75188,
            "revenue": 290770,
            "common_shares": 853948,
            "book_valuer_per_share": 20.74,
            "book_valuer_per_share_4q_avg": 20,
            "equity": 1771088,
            "current_ratio": 459.84,
            "debt_ratio": 20,
            "inventory_turnover_ratio": 1.34,
            "account_receivable_turnover_ratio": 1.79,
            "reinvestment_rate": -13.54,
            "research_to_sale_ratio": 4.33,
            "price_fair": 81.9,
            "eps_avg_yearly": 2.34,
            "eps_latest_yearly": 3.52,
            "eps_growth_yearly": 30.66
        },
        "20144": {
            "year_quarter": 20144,
            "year": 2014,
            "quarter": 4,
            "eps": 0.95,
            "eps_growth_year": 50.71,
            "eps_4q": 3.4,
            "eps_4q_growth_year": 32.26,
            "roe": 4.47,
            "roe_4q": 16.82,
            "gross_profit": 129754,
            "gross_margin": 42.97,
            "gross_margin_4q_avg": 42.25,
            "net_income": 81677,
            "revenue": 301990,
            "common_shares": 856164,
            "book_valuer_per_share": 21.98,
            "book_valuer_per_share_4q_avg": 20.68,
            "equity": 1881679,
            "current_ratio": 524.72,
            "debt_ratio": 19.82,
            "inventory_turnover_ratio": 1.24,
            "account_receivable_turnover_ratio": 1.82,
            "reinvestment_rate": 21.04,
            "research_to_sale_ratio": 4.7,
            "price_fair": 86.54,
            "eps_avg_yearly": 2.47,
            "eps_latest_yearly": 3.8,
            "eps_growth_yearly": 40.14
        },
        "20151": {
            "year_quarter": 20151,
            "year": 2015,
            "quarter": 1,
            "eps": 0.84,
            "eps_growth_year": 13.51,
            "eps_4q": 3.51,
            "eps_4q_growth_year": 28.82,
            "roe": 3.74,
            "roe_4q": 16.82,
            "gross_profit": 134555,
            "gross_margin": 44.43,
            "gross_margin_4q_avg": 43.21,
            "net_income": 71576,
            "revenue": 302836,
            "common_shares": 856622,
            "book_valuer_per_share": 22.76,
            "book_valuer_per_share_4q_avg": 21.29,
            "equity": 1949505,
            "current_ratio": 481.71,
            "debt_ratio": 20.47,
            "inventory_turnover_ratio": 1.19,
            "account_receivable_turnover_ratio": 1.74,
            "reinvestment_rate": -11.95,
            "research_to_sale_ratio": 4.3,
            "price_fair": 90.91,
            "eps_avg_yearly": 2.6,
            "eps_latest_yearly": 3.36,
            "eps_growth_yearly": 42.01
        },
        "20152": {
            "year_quarter": 20152,
            "year": 2015,
            "quarter": 2,
            "eps": 0.9,
            "eps_growth_year": 5.88,
            "eps_4q": 3.55,
            "eps_4q_growth_year": 23.36,
            "roe": 4.04,
            "roe_4q": 16.62,
            "gross_profit": 140445,
            "gross_margin": 45.13,
            "gross_margin_4q_avg": 43.62,
            "net_income": 76814,
            "revenue": 311167,
            "common_shares": 859571,
            "book_valuer_per_share": 21.55,
            "book_valuer_per_share_4q_avg": 21.76,
            "equity": 1852661,
            "current_ratio": 315.26,
            "debt_ratio": 26.12,
            "inventory_turnover_ratio": 1.17,
            "account_receivable_turnover_ratio": 1.69,
            "reinvestment_rate": 18.41,
            "research_to_sale_ratio": 4.28,
            "price_fair": 95.46,
            "eps_avg_yearly": 2.73,
            "eps_latest_yearly": 3.6,
            "eps_growth_yearly": 40.86
        },
        "20153": {
            "year_quarter": 20153,
            "year": 2015,
            "quarter": 3,
            "eps": 1.45,
            "eps_growth_year": 64.77,
            "eps_4q": 4.82,
            "eps_4q_growth_year": 56.81,
            "roe": 5.54,
            "roe_4q": 17.79,
            "gross_profit": 130218,
            "gross_margin": 42.75,
            "gross_margin_4q_avg": 43.82,
            "net_income": 101534,
            "revenue": 304626,
            "common_shares": 688569,
            "book_valuer_per_share": 26.37,
            "book_valuer_per_share_4q_avg": 23.17,
            "equity": 1815969,
            "current_ratio": 281.5,
            "debt_ratio": 26.62,
            "inventory_turnover_ratio": 1.14,
            "account_receivable_turnover_ratio": 1.56,
            "reinvestment_rate": 20.1,
            "research_to_sale_ratio": 4.16,
            "price_fair": 105.79,
            "eps_avg_yearly": 3.02,
            "eps_latest_yearly": 5.8,
            "eps_growth_yearly": 63.37
        },
        "20154": {
            "year_quarter": 20154,
            "year": 2015,
            "quarter": 4,
            "eps": 0.95,
            "eps_growth_year": -0.17,
            "eps_4q": 4.57,
            "eps_4q_growth_year": 34.42,
            "roe": 3.55,
            "roe_4q": 16.869999999999997,
            "gross_profit": 145484,
            "gross_margin": 42.69,
            "gross_margin_4q_avg": 43.75,
            "net_income": 65842,
            "revenue": 340791,
            "common_shares": 691347,
            "book_valuer_per_share": 27.45,
            "book_valuer_per_share_4q_avg": 24.53,
            "equity": 1897651,
            "current_ratio": 293.05,
            "debt_ratio": 24.21,
            "inventory_turnover_ratio": 1.29,
            "account_receivable_turnover_ratio": 1.65,
            "reinvestment_rate": 21.2,
            "research_to_sale_ratio": 4.37,
            "price_fair": 88.64,
            "eps_avg_yearly": 3.1,
            "eps_latest_yearly": 3.8,
            "eps_growth_yearly": 18.64
        },
        "20161": {
            "year_quarter": 20161,
            "year": 2016,
            "quarter": 1,
            "eps": 1.32,
            "eps_growth_year": 57.14,
            "eps_4q": 4.85,
            "eps_4q_growth_year": 38.22,
            "roe": 4.71,
            "roe_4q": 17.84,
            "gross_profit": 161718,
            "gross_margin": 46.13,
            "gross_margin_4q_avg": 44.18,
            "net_income": 91561,
            "revenue": 350543,
            "common_shares": 692983,
            "book_valuer_per_share": 28.73,
            "book_valuer_per_share_4q_avg": 26.03,
            "equity": 1991230,
            "current_ratio": 306.09,
            "debt_ratio": 23.22,
            "inventory_turnover_ratio": 1.28,
            "account_receivable_turnover_ratio": 1.68,
            "reinvestment_rate": -2.62,
            "research_to_sale_ratio": 4.26,
            "price_fair": 115.76,
            "eps_avg_yearly": 3.31,
            "eps_latest_yearly": 5.28,
            "eps_growth_yearly": 35.57
        },
        "20162": {
            "year_quarter": 20162,
            "year": 2016,
            "quarter": 2,
            "eps": 1.45,
            "eps_growth_year": 61.11,
            "eps_4q": 5.19,
            "eps_4q_growth_year": 46.13,
            "roe": 5.16,
            "roe_4q": 18.96,
            "gross_profit": 166629,
            "gross_margin": 45.45,
            "gross_margin_4q_avg": 44.26,
            "net_income": 100672,
            "revenue": 366607,
            "common_shares": 692983,
            "book_valuer_per_share": 27.6,
            "book_valuer_per_share_4q_avg": 27.54,
            "equity": 1912420,
            "current_ratio": 243.79,
            "debt_ratio": 27.73,
            "inventory_turnover_ratio": 1.29,
            "account_receivable_turnover_ratio": 1.75,
            "reinvestment_rate": 21.47,
            "research_to_sale_ratio": 4.13,
            "price_fair": 124.69,
            "eps_avg_yearly": 3.56,
            "eps_latest_yearly": 5.8,
            "eps_growth_yearly": 40.16
        },
        "20163": {
            "year_quarter": 20163,
            "year": 2016,
            "quarter": 3,
            "eps": 1.17,
            "eps_growth_year": -19.31,
            "eps_4q": 4.89,
            "eps_4q_growth_year": 1.54,
            "roe": 4.15,
            "roe_4q": 17.57,
            "gross_profit": 153633,
            "gross_margin": 43.49,
            "gross_margin_4q_avg": 44.44,
            "net_income": 80797,
            "revenue": 353259,
            "common_shares": 692983,
            "book_valuer_per_share": 28.56,
            "book_valuer_per_share_4q_avg": 28.09,
            "equity": 1979457,
            "current_ratio": 335.77,
            "debt_ratio": 20.68,
            "inventory_turnover_ratio": 1.15,
            "account_receivable_turnover_ratio": 1.53,
            "reinvestment_rate": 1.34,
            "research_to_sale_ratio": 3.41,
            "price_fair": 129.94,
            "eps_avg_yearly": 3.71,
            "eps_latest_yearly": 4.68,
            "eps_growth_yearly": 27.2
        },
        "20164": {
            "year_quarter": 20164,
            "year": 2016,
            "quarter": 4,
            "eps": 1.23,
            "eps_growth_year": 29.1,
            "eps_4q": 5.17,
            "eps_4q_growth_year": 13.18,
            "roe": 4.2,
            "roe_4q": 18.220000000000002,
            "gross_profit": 143996,
            "gross_margin": 42.79,
            "gross_margin_4q_avg": 44.47,
            "net_income": 85202,
            "revenue": 336550,
            "common_shares": 692983,
            "book_valuer_per_share": 29.98,
            "book_valuer_per_share_4q_avg": 28.72,
            "equity": 2077353,
            "current_ratio": 368.66,
            "debt_ratio": 18.97,
            "inventory_turnover_ratio": 0.99,
            "account_receivable_turnover_ratio": 1.4,
            "reinvestment_rate": 25.57,
            "research_to_sale_ratio": 4.04,
            "price_fair": 134.89,
            "eps_avg_yearly": 3.86,
            "eps_latest_yearly": 4.92,
            "eps_growth_yearly": 24.97
        },
        "20171": {
            "year_quarter": 20171,
            "year": 2017,
            "quarter": 1,
            "eps": 0.7,
            "eps_growth_year": -46.97,
            "eps_4q": 4.54,
            "eps_4q_growth_year": -6.2,
            "roe": 2.31,
            "roe_4q": 15.82,
            "gross_profit": 133651,
            "gross_margin": 40.5,
            "gross_margin_4q_avg": 43.06,
            "net_income": 48248,
            "revenue": 329995,
            "common_shares": 692983,
            "book_valuer_per_share": 30.25,
            "book_valuer_per_share_4q_avg": 29.1,
            "equity": 2096542,
            "current_ratio": 386.44,
            "debt_ratio": 18.45,
            "inventory_turnover_ratio": 0.96,
            "account_receivable_turnover_ratio": 1.42,
            "reinvestment_rate": 26.88,
            "research_to_sale_ratio": 2.66,
            "price_fair": 98.3,
            "eps_avg_yearly": 3.88,
            "eps_latest_yearly": 2.8,
            "eps_growth_yearly": 15.35
        },
        "20172": {
            "year_quarter": 20172,
            "year": 2017,
            "quarter": 2,
            "eps": 1.03,
            "eps_growth_year": -28.97,
            "eps_4q": 4.12,
            "eps_4q_growth_year": -20.57,
            "roe": 3.52,
            "roe_4q": 14.180000000000001,
            "gross_profit": 146772,
            "gross_margin": 42.14,
            "gross_margin_4q_avg": 42.23,
            "net_income": 71401,
            "revenue": 348286,
            "common_shares": 692983,
            "book_valuer_per_share": 28.31,
            "book_valuer_per_share_4q_avg": 29.28,
            "equity": 1961707,
            "current_ratio": 277.97,
            "debt_ratio": 26.21,
            "inventory_turnover_ratio": 0.99,
            "account_receivable_turnover_ratio": 1.57,
            "reinvestment_rate": 26.52,
            "research_to_sale_ratio": 2.97,
            "price_fair": 132.6,
            "eps_avg_yearly": 3.96,
            "eps_latest_yearly": 4.12,
            "eps_growth_yearly": 23.51
        },
        "20173": {
            "year_quarter": 20173,
            "year": 2017,
            "quarter": 3,
            "eps": 1.33,
            "eps_growth_year": 13.68,
            "eps_4q": 4.29,
            "eps_4q_growth_year": -12.31,
            "roe": 4.6,
            "roe_4q": 14.629999999999999,
            "gross_profit": 156841,
            "gross_margin": 43.79,
            "gross_margin_4q_avg": 42.31,
            "net_income": 92290,
            "revenue": 358160,
            "common_shares": 692983,
            "book_valuer_per_share": 29.6,
            "book_valuer_per_share_4q_avg": 29.54,
            "equity": 2051441,
            "current_ratio": 399.38,
            "debt_ratio": 18.92,
            "inventory_turnover_ratio": 1,
            "account_receivable_turnover_ratio": 1.59,
            "reinvestment_rate": 26.42,
            "research_to_sale_ratio": 2.59,
            "price_fair": 143.68,
            "eps_avg_yearly": 4.11,
            "eps_latest_yearly": 5.32,
            "eps_growth_yearly": 29.73
        },
        "20174": {
            "year_quarter": 20174,
            "year": 2017,
            "quarter": 4,
            "eps": 1.33,
            "eps_growth_year": 7.98,
            "eps_4q": 4.39,
            "eps_4q_growth_year": -15.16,
            "roe": 4.39,
            "roe_4q": 14.819999999999999,
            "gross_profit": 166410,
            "gross_margin": 43.36,
            "gross_margin_4q_avg": 42.45,
            "net_income": 92000,
            "revenue": 383778,
            "common_shares": 692983,
            "book_valuer_per_share": 30.83,
            "book_valuer_per_share_4q_avg": 29.75,
            "equity": 2136776,
            "current_ratio": 400.63,
            "debt_ratio": 18.49,
            "inventory_turnover_ratio": 1.09,
            "account_receivable_turnover_ratio": 1.54,
            "reinvestment_rate": 19.5,
            "research_to_sale_ratio": 2.45,
            "price_fair": 149.8,
            "eps_avg_yearly": 4.28,
            "eps_latest_yearly": 5.32,
            "eps_growth_yearly": 33.45
        },
        "20181": {
            "year_quarter": 20181,
            "year": 2018,
            "quarter": 1,
            "eps": 1.2,
            "eps_growth_year": 71.43,
            "eps_4q": 4.89,
            "eps_4q_growth_year": 7.51,
            "roe": 3.82,
            "roe_4q": 16.33,
            "gross_profit": 159092,
            "gross_margin": 42.32,
            "gross_margin_4q_avg": 42.9,
            "net_income": 82871,
            "revenue": 375908,
            "common_shares": 692983,
            "book_valuer_per_share": 31.85,
            "book_valuer_per_share_4q_avg": 30.15,
            "equity": 2207310,
            "current_ratio": 391.89,
            "debt_ratio": 18.75,
            "inventory_turnover_ratio": 1.07,
            "account_receivable_turnover_ratio": 1.37,
            "reinvestment_rate": 16.22,
            "research_to_sale_ratio": 2.31,
            "price_fair": 153.83,
            "eps_avg_yearly": 4.4,
            "eps_latest_yearly": 4.8,
            "eps_growth_yearly": 26.64
        },
        "20182": {
            "year_quarter": 20182,
            "year": 2018,
            "quarter": 2,
            "eps": 1.63,
            "eps_growth_year": 58.25,
            "eps_4q": 5.49,
            "eps_4q_growth_year": 33.18,
            "roe": 5.26,
            "roe_4q": 18.07,
            "gross_profit": 175754,
            "gross_margin": 43.11,
            "gross_margin_4q_avg": 43.15,
            "net_income": 113275,
            "revenue": 407677,
            "common_shares": 692983,
            "book_valuer_per_share": 30.35,
            "book_valuer_per_share_4q_avg": 30.66,
            "equity": 2103245,
            "current_ratio": 263.17,
            "debt_ratio": 26.6,
            "inventory_turnover_ratio": 1.02,
            "account_receivable_turnover_ratio": 1.4,
            "reinvestment_rate": 7.41,
            "research_to_sale_ratio": 2.18,
            "price_fair": 160.65,
            "eps_avg_yearly": 4.59,
            "eps_latest_yearly": 6.52,
            "eps_growth_yearly": 31.88
        },
        "20183": {
            "year_quarter": 20183,
            "year": 2018,
            "quarter": 3,
            "eps": 1.35,
            "eps_growth_year": 1.5,
            "eps_4q": 5.51,
            "eps_4q_growth_year": 28.52,
            "roe": 4.36,
            "roe_4q": 17.830000000000002,
            "gross_profit": 170005,
            "gross_margin": 41.31,
            "gross_margin_4q_avg": 42.53,
            "net_income": 93727,
            "revenue": 411533,
            "common_shares": 692983,
            "book_valuer_per_share": 31.72,
            "book_valuer_per_share_4q_avg": 31.19,
            "equity": 2197826,
            "current_ratio": 378.26,
            "debt_ratio": 18.1,
            "inventory_turnover_ratio": 0.95,
            "account_receivable_turnover_ratio": 1.37,
            "reinvestment_rate": 2.96,
            "research_to_sale_ratio": 2.36,
            "price_fair": 164.76,
            "eps_avg_yearly": 4.71,
            "eps_latest_yearly": 5.4,
            "eps_growth_yearly": 26.71
        },
        "20184": {
            "year_quarter": 20184,
            "year": 2018,
            "quarter": 4,
            "eps": 1.66,
            "eps_growth_year": 25.13,
            "eps_4q": 5.84,
            "eps_4q_growth_year": 33.25,
            "roe": 5.1,
            "roe_4q": 18.54,
            "gross_profit": 184190,
            "gross_margin": 44.08,
            "gross_margin_4q_avg": 42.71,
            "net_income": 115124,
            "revenue": 417891,
            "common_shares": 692983,
            "book_valuer_per_share": 33.39,
            "book_valuer_per_share_4q_avg": 31.83,
            "equity": 2314027,
            "current_ratio": 438.48,
            "debt_ratio": 16.51,
            "inventory_turnover_ratio": 0.86,
            "account_receivable_turnover_ratio": 1.43,
            "reinvestment_rate": 1.45,
            "research_to_sale_ratio": 2.55,
            "price_fair": 170.98,
            "eps_avg_yearly": 4.89,
            "eps_latest_yearly": 6.64,
            "eps_growth_yearly": 30.46
        },
        "20191": {
            "year_quarter": 20191,
            "year": 2019,
            "quarter": 1,
            "eps": 1.67,
            "eps_growth_year": 39.17,
            "eps_4q": 6.32,
            "eps_4q_growth_year": 29.41,
            "roe": 4.89,
            "roe_4q": 19.61,
            "gross_profit": 189705,
            "gross_margin": 43.04,
            "gross_margin_4q_avg": 42.89,
            "net_income": 115997,
            "revenue": 440714,
            "common_shares": 692983,
            "book_valuer_per_share": 35.09,
            "book_valuer_per_share_4q_avg": 32.64,
            "equity": 2431759,
            "current_ratio": 445.8,
            "debt_ratio": 16.8,
            "inventory_turnover_ratio": 0.89,
            "account_receivable_turnover_ratio": 1.58,
            "reinvestment_rate": 2.06,
            "research_to_sale_ratio": 2.05,
            "price_fair": 178.24,
            "eps_avg_yearly": 5.09,
            "eps_latest_yearly": 6.68,
            "eps_growth_yearly": 33.5
        },
        "20192": {
            "year_quarter": 20192,
            "year": 2019,
            "quarter": 2,
            "eps": 1.9,
            "eps_growth_year": 16.56,
            "eps_4q": 6.59,
            "eps_4q_growth_year": 19.96,
            "roe": 5.57,
            "roe_4q": 19.92,
            "gross_profit": 214971,
            "gross_margin": 45.4,
            "gross_margin_4q_avg": 43.46,
            "net_income": 131507,
            "revenue": 473538,
            "common_shares": 692983,
            "book_valuer_per_share": 33.06,
            "book_valuer_per_share_4q_avg": 33.32,
            "equity": 2291283,
            "current_ratio": 271.59,
            "debt_ratio": 26.01,
            "inventory_turnover_ratio": 0.91,
            "account_receivable_turnover_ratio": 1.61,
            "reinvestment_rate": 1.86,
            "research_to_sale_ratio": 2.49,
            "price_fair": 186.99,
            "eps_avg_yearly": 5.34,
            "eps_latest_yearly": 7.6,
            "eps_growth_yearly": 35.16
        },
        "20193": {
            "year_quarter": 20193,
            "year": 2019,
            "quarter": 3,
            "eps": 1.64,
            "eps_growth_year": 21.48,
            "eps_4q": 6.87,
            "eps_4q_growth_year": 24.74,
            "roe": 4.84,
            "roe_4q": 20.4,
            "gross_profit": 202733,
            "gross_margin": 42.74,
            "gross_margin_4q_avg": 43.82,
            "net_income": 113706,
            "revenue": 474332,
            "common_shares": 692983,
            "book_valuer_per_share": 34.69,
            "book_valuer_per_share_4q_avg": 34.06,
            "equity": 2403884,
            "current_ratio": 388.16,
            "debt_ratio": 18.48,
            "inventory_turnover_ratio": 0.95,
            "account_receivable_turnover_ratio": 1.51,
            "reinvestment_rate": -0.29,
            "research_to_sale_ratio": 2.75,
            "price_fair": 142.63,
            "eps_avg_yearly": 5.39,
            "eps_latest_yearly": 6.56,
            "eps_growth_yearly": 16.46
        },
        "20194": {
            "year_quarter": 20194,
            "year": 2019,
            "quarter": 4,
            "eps": 1.49,
            "eps_growth_year": -10.56,
            "eps_4q": 6.7,
            "eps_4q_growth_year": 14.61,
            "roe": 4.21,
            "roe_4q": 19.51,
            "gross_profit": 209547,
            "gross_margin": 44.55,
            "gross_margin_4q_avg": 43.93,
            "net_income": 102962,
            "revenue": 470316,
            "common_shares": 692983,
            "book_valuer_per_share": 35.9,
            "book_valuer_per_share_4q_avg": 34.69,
            "equity": 2488127,
            "current_ratio": 497.52,
            "debt_ratio": 15.38,
            "inventory_turnover_ratio": 0.95,
            "account_receivable_turnover_ratio": 1.56,
            "reinvestment_rate": -0.01,
            "research_to_sale_ratio": 3.74,
            "price_fair": 181.19,
            "eps_avg_yearly": 5.53,
            "eps_latest_yearly": 5.96,
            "eps_growth_yearly": 22.8
        },
        "20201": {
            "year_quarter": 20201,
            "year": 2020,
            "quarter": 1,
            "eps": 1.57,
            "eps_growth_year": -5.99,
            "eps_4q": 6.59,
            "eps_4q_growth_year": 4.24,
            "roe": 4.27,
            "roe_4q": 18.89,
            "gross_profit": 194002,
            "gross_margin": 44.04,
            "gross_margin_4q_avg": 44.18,
            "net_income": 108545,
            "revenue": 440476,
            "common_shares": 692983,
            "book_valuer_per_share": 37.52,
            "book_valuer_per_share_4q_avg": 35.29,
            "equity": 2599921,
            "current_ratio": 506.42,
            "debt_ratio": 15.52,
            "inventory_turnover_ratio": 0.89,
            "account_receivable_turnover_ratio": 1.44,
            "reinvestment_rate": -1.18,
            "research_to_sale_ratio": 3.67,
            "price_fair": 136.34,
            "eps_avg_yearly": 5.59,
            "eps_latest_yearly": 6.28,
            "eps_growth_yearly": 14.4
        },
        "20202": {
            "year_quarter": 20202,
            "year": 2020,
            "quarter": 2,
            "eps": 1.56,
            "eps_growth_year": -17.89,
            "eps_4q": 6.25,
            "eps_4q_growth_year": -5.05,
            "roe": 4.31,
            "roe_4q": 17.63,
            "gross_profit": 197401,
            "gross_margin": 42.14,
            "gross_margin_4q_avg": 43.37,
            "net_income": 108099,
            "revenue": 468487,
            "common_shares": 692983,
            "book_valuer_per_share": 34.88,
            "book_valuer_per_share_4q_avg": 35.75,
            "equity": 2417444,
            "current_ratio": 294.22,
            "debt_ratio": 25.38,
            "inventory_turnover_ratio": 1,
            "account_receivable_turnover_ratio": 1.47,
            "reinvestment_rate": -1.82,
            "research_to_sale_ratio": 3.77,
            "price_fair": 122.29,
            "eps_avg_yearly": 5.62,
            "eps_latest_yearly": 6.24,
            "eps_growth_yearly": 11.78
        },
        "20203": {
            "year_quarter": 20203,
            "year": 2020,
            "quarter": 3,
            "eps": 1.75,
            "eps_growth_year": 6.71,
            "eps_4q": 6.36,
            "eps_4q_growth_year": -7.41,
            "roe": 4.91,
            "roe_4q": 17.7,
            "gross_profit": 218260,
            "gross_margin": 42.63,
            "gross_margin_4q_avg": 43.34,
            "net_income": 121429,
            "revenue": 512015,
            "common_shares": 692983,
            "book_valuer_per_share": 36.49,
            "book_valuer_per_share_4q_avg": 36.2,
            "equity": 2528600,
            "current_ratio": 455.63,
            "debt_ratio": 24.69,
            "inventory_turnover_ratio": 1.14,
            "account_receivable_turnover_ratio": 1.69,
            "reinvestment_rate": -0.35,
            "research_to_sale_ratio": 3.9,
            "price_fair": 170.8,
            "eps_avg_yearly": 5.76,
            "eps_latest_yearly": 7,
            "eps_growth_yearly": 19.65
        },
        "20204": {
            "year_quarter": 20204,
            "year": 2020,
            "quarter": 4,
            "eps": 2.17,
            "eps_growth_year": 46.26,
            "eps_4q": 7.05,
            "eps_4q_growth_year": 5.28,
            "roe": 5.8,
            "roe_4q": 19.29,
            "gross_profit": 242091,
            "gross_margin": 45.97,
            "gross_margin_4q_avg": 43.7,
            "net_income": 150592,
            "revenue": 526683,
            "common_shares": 692983,
            "book_valuer_per_share": 38.45,
            "book_valuer_per_share_4q_avg": 36.84,
            "equity": 2664208,
            "current_ratio": 488.55,
            "debt_ratio": 25.24,
            "inventory_turnover_ratio": 1.09,
            "account_receivable_turnover_ratio": 1.8,
            "reinvestment_rate": 4.85,
            "research_to_sale_ratio": 3.42,
            "price_fair": 206.05,
            "eps_avg_yearly": 6,
            "eps_latest_yearly": 8.68,
            "eps_growth_yearly": 24.37
        },
        "20211": {
            "year_quarter": 20211,
            "year": 2021,
            "quarter": 1,
            "eps": 1.74,
            "eps_growth_year": 10.83,
            "eps_4q": 7.22,
            "eps_4q_growth_year": 9.61,
            "roe": 4.42,
            "roe_4q": 19.439999999999998,
            "gross_profit": 219734,
            "gross_margin": 48.08,
            "gross_margin_4q_avg": 44.71,
            "net_income": 120506,
            "revenue": 456996,
            "common_shares": 692983,
            "book_valuer_per_share": 40.2,
            "book_valuer_per_share_4q_avg": 37.51,
            "equity": 2785535,
            "current_ratio": 501.82,
            "debt_ratio": 24.76,
            "inventory_turnover_ratio": 0.85,
            "account_receivable_turnover_ratio": 1.58,
            "reinvestment_rate": 4.8,
            "research_to_sale_ratio": 3.93,
            "price_fair": 218.93,
            "eps_avg_yearly": 6.26,
            "eps_latest_yearly": 6.96,
            "eps_growth_yearly": 30.19
        },
        "20212": {
            "year_quarter": 20212,
            "year": 2021,
            "quarter": 2,
            "eps": 1.31,
            "eps_growth_year": -16.03,
            "eps_4q": 6.97,
            "eps_4q_growth_year": 11.52,
            "roe": 3.21,
            "roe_4q": 18.34,
            "gross_profit": 184746,
            "gross_margin": 41.92,
            "gross_margin_4q_avg": 44.65,
            "net_income": 90683,
            "revenue": 440731,
            "common_shares": 692983,
            "book_valuer_per_share": 41.31,
            "book_valuer_per_share_4q_avg": 39.11,
            "equity": 2862708,
            "current_ratio": 429.73,
            "debt_ratio": 25.48,
            "inventory_turnover_ratio": 0.86,
            "account_receivable_turnover_ratio": 1.58,
            "reinvestment_rate": 16.5,
            "research_to_sale_ratio": 3.97,
            "price_fair": 140.57,
            "eps_avg_yearly": 6.33,
            "eps_latest_yearly": 5.24,
            "eps_growth_yearly": 12.22
        },
        "20213": {
            "year_quarter": 20213,
            "year": 2021,
            "quarter": 3,
            "eps": 1.29,
            "eps_growth_year": -26.29,
            "eps_4q": 6.51,
            "eps_4q_growth_year": 2.31,
            "roe": 3.23,
            "roe_4q": 16.66,
            "gross_profit": 182773,
            "gross_margin": 41.22,
            "gross_margin_4q_avg": 44.3,
            "net_income": 89445,
            "revenue": 443359,
            "common_shares": 692983,
            "book_valuer_per_share": 38.59,
            "book_valuer_per_share_4q_avg": 39.64,
            "equity": 2674031,
            "current_ratio": 405.85,
            "debt_ratio": 26.46,
            "inventory_turnover_ratio": 0.86,
            "account_receivable_turnover_ratio": 1.68,
            "reinvestment_rate": 20.38,
            "research_to_sale_ratio": 4.04,
            "price_fair": 91.95,
            "eps_avg_yearly": 6.32,
            "eps_latest_yearly": 5.16,
            "eps_growth_yearly": 4.56
        },
        "20214": {
            "year_quarter": 20214,
            "year": 2021,
            "quarter": 4,
            "eps": 1.88,
            "eps_growth_year": -13.26,
            "eps_4q": 6.22,
            "eps_4q_growth_year": -11.75,
            "roe": 4.77,
            "roe_4q": 15.63,
            "gross_profit": 215616,
            "gross_margin": 44.51,
            "gross_margin_4q_avg": 43.93,
            "net_income": 130623,
            "revenue": 484405,
            "common_shares": 692983,
            "book_valuer_per_share": 40.45,
            "book_valuer_per_share_4q_avg": 40.14,
            "equity": 2803177,
            "current_ratio": 327.02,
            "debt_ratio": 27.39,
            "inventory_turnover_ratio": 0.86,
            "account_receivable_turnover_ratio": 1.78,
            "reinvestment_rate": 29,
            "research_to_sale_ratio": 3.19,
            "price_fair": 167.73,
            "eps_avg_yearly": 6.45,
            "eps_latest_yearly": 7.52,
            "eps_growth_yearly": 16
        },
        "20221": {
            "year_quarter": 20221,
            "year": 2022,
            "quarter": 1,
            "eps": 1.76,
            "eps_growth_year": 1.15,
            "eps_4q": 6.25,
            "eps_4q_growth_year": -13.54,
            "roe": 4.49,
            "roe_4q": 15.7,
            "gross_profit": 201332,
            "gross_margin": 43.11,
            "gross_margin_4q_avg": 42.69,
            "net_income": 122086,
            "revenue": 467053,
            "common_shares": 692983,
            "book_valuer_per_share": 37.94,
            "book_valuer_per_share_4q_avg": 39.57,
            "equity": 2629275,
            "current_ratio": 208.73,
            "debt_ratio": 33.96,
            "inventory_turnover_ratio": 0.81,
            "account_receivable_turnover_ratio": 1.51,
            "reinvestment_rate": 35.69,
            "research_to_sale_ratio": 3.25,
            "price_fair": 176.96,
            "eps_avg_yearly": 6.59,
            "eps_latest_yearly": 7.04,
            "eps_growth_yearly": 16.84
        },
        "20222": {
            "year_quarter": 20222,
            "year": 2022,
            "quarter": 2,
            "eps": 1.79,
            "eps_growth_year": 36.64,
            "eps_4q": 6.73,
            "eps_4q_growth_year": -3.51,
            "roe": 4.6,
            "roe_4q": 17.09,
            "gross_profit": 215537,
            "gross_margin": 44.3,
            "gross_margin_4q_avg": 43.29,
            "net_income": 124119,
            "revenue": 486489,
            "common_shares": 692983,
            "book_valuer_per_share": 39.98,
            "book_valuer_per_share_4q_avg": 39.24,
            "equity": 2770400,
            "current_ratio": 199.02,
            "debt_ratio": 32.87,
            "inventory_turnover_ratio": 0.78,
            "account_receivable_turnover_ratio": 1.48,
            "reinvestment_rate": 40.65,
            "research_to_sale_ratio": 3.6,
            "price_fair": 121.45,
            "eps_avg_yearly": 6.63,
            "eps_latest_yearly": 7.16,
            "eps_growth_yearly": 8.31
        },
        "20223": {
            "year_quarter": 20223,
            "year": 2022,
            "quarter": 3,
            "eps": 1.93,
            "eps_growth_year": 49.61,
            "eps_4q": 7.37,
            "eps_4q_growth_year": 13.18,
            "roe": 4.69,
            "roe_4q": 18.549999999999997,
            "gross_profit": 212489,
            "gross_margin": 40.58,
            "gross_margin_4q_avg": 43.13,
            "net_income": 133856,
            "revenue": 523653,
            "common_shares": 692983,
            "book_valuer_per_share": 42.38,
            "book_valuer_per_share_4q_avg": 40.19,
            "equity": 2937056,
            "current_ratio": 281.95,
            "debt_ratio": 31.36,
            "inventory_turnover_ratio": 0.88,
            "account_receivable_turnover_ratio": 1.61,
            "reinvestment_rate": 54.76,
            "research_to_sale_ratio": 2.91,
            "price_fair": 166.46,
            "eps_avg_yearly": 6.78,
            "eps_latest_yearly": 7.72,
            "eps_growth_yearly": 14.56
        },
        "20224": {
            "year_quarter": 20224,
            "year": 2022,
            "quarter": 4,
            "eps": 1.64,
            "eps_growth_year": -13.12,
            "eps_4q": 7.12,
            "eps_4q_growth_year": 14.44,
            "roe": 3.8,
            "roe_4q": 17.58,
            "gross_profit": 215184,
            "gross_margin": 40.37,
            "gross_margin_4q_avg": 42.09,
            "net_income": 113479,
            "revenue": 533077,
            "common_shares": 692983,
            "book_valuer_per_share": 43.75,
            "book_valuer_per_share_4q_avg": 41.01,
            "equity": 3031986,
            "current_ratio": 334.26,
            "debt_ratio": 32.33,
            "inventory_turnover_ratio": 0.93,
            "account_receivable_turnover_ratio": 1.72,
            "reinvestment_rate": 54.76,
            "research_to_sale_ratio": 4.14,
            "price_fair": 102.02,
            "eps_avg_yearly": 6.77,
            "eps_latest_yearly": 6.56,
            "eps_growth_yearly": 5.06
        },
        "20231": {
            "year_quarter": 20231,
            "year": 2023,
            "quarter": 1,
            "eps": 1.42,
            "eps_growth_year": -19.32,
            "eps_4q": 6.78,
            "eps_4q_growth_year": 8.62,
            "roe": 3.38,
            "roe_4q": 16.47,
            "gross_profit": 179608,
            "gross_margin": 39.39,
            "gross_margin_4q_avg": 41.16,
            "net_income": 98699,
            "revenue": 455936,
            "common_shares": 692983,
            "book_valuer_per_share": 40.63,
            "book_valuer_per_share_4q_avg": 41.69,
            "equity": 2815301,
            "current_ratio": 235.38,
            "debt_ratio": 37.58,
            "inventory_turnover_ratio": 0.84,
            "account_receivable_turnover_ratio": 1.68,
            "reinvestment_rate": 55.44,
            "research_to_sale_ratio": 3.28,
            "price_fair": 77.56,
            "eps_avg_yearly": 6.71,
            "eps_latest_yearly": 5.68,
            "eps_growth_yearly": 1.56
        }
    },
    "months": {
        "2002-03": {
            "month": "2002-03",
            "price": "33.42",
            "revenue": 28453
        },
        "2002-04": {
            "month": "2002-04",
            "price": "35.25",
            "revenue": 28717
        },
        "2002-05": {
            "month": "2002-05",
            "price": "30.57",
            "revenue": 32085
        },
        "2002-06": {
            "month": "2002-06",
            "price": "28.13",
            "revenue": 32120
        },
        "2002-07": {
            "month": "2002-07",
            "price": "28.02",
            "revenue": 30911
        },
        "2002-08": {
            "month": "2002-08",
            "price": "25.71",
            "revenue": 26471
        },
        "2002-09": {
            "month": "2002-09",
            "price": "19.38",
            "revenue": 26549
        },
        "2002-10": {
            "month": "2002-10",
            "price": "15.23",
            "revenue": 26114
        },
        "2002-11": {
            "month": "2002-11",
            "price": "14.88",
            "revenue": 28608
        },
        "2002-12": {
            "month": "2002-12",
            "price": "14.17",
            "revenue": 29486
        },
        "2003-01": {
            "month": "2003-01",
            "price": "17.56",
            "revenue": 27231
        },
        "2003-02": {
            "month": "2003-02",
            "price": "17.04",
            "revenue": 20909
        },
        "2003-03": {
            "month": "2003-03",
            "price": "15.17",
            "revenue": 27586
        },
        "2003-04": {
            "month": "2003-04",
            "price": "15.54",
            "revenue": 28572
        },
        "2003-05": {
            "month": "2003-05",
            "price": "14.09",
            "revenue": 30131
        },
        "2003-06": {
            "month": "2003-06",
            "price": "14.23",
            "revenue": 28489
        },
        "2003-07": {
            "month": "2003-07",
            "price": "13.72",
            "revenue": 25941
        },
        "2003-08": {
            "month": "2003-08",
            "price": "13.56",
            "revenue": 26452
        },
        "2003-09": {
            "month": "2003-09",
            "price": "11.64",
            "revenue": 24633
        },
        "2003-10": {
            "month": "2003-10",
            "price": "11.89",
            "revenue": 29951
        },
        "2003-11": {
            "month": "2003-11",
            "price": "12.34",
            "revenue": 29193
        },
        "2003-12": {
            "month": "2003-12",
            "price": "12.73",
            "revenue": 35940
        },
        "2004-01": {
            "month": "2004-01",
            "price": "12.46",
            "revenue": 30600
        },
        "2004-02": {
            "month": "2004-02",
            "price": "13.42",
            "revenue": 26368
        },
        "2004-03": {
            "month": "2004-03",
            "price": "13.46",
            "revenue": 25025
        },
        "2004-04": {
            "month": "2004-04",
            "price": "13.01",
            "revenue": 26023
        },
        "2004-05": {
            "month": "2004-05",
            "price": "11.93",
            "revenue": 24026
        },
        "2004-06": {
            "month": "2004-06",
            "price": "11.15",
            "revenue": 26634
        },
        "2004-07": {
            "month": "2004-07",
            "price": "9.78",
            "revenue": 28528
        },
        "2004-08": {
            "month": "2004-08",
            "price": "9.40",
            "revenue": 31211
        },
        "2004-09": {
            "month": "2004-09",
            "price": "9.12",
            "revenue": 32241
        },
        "2004-10": {
            "month": "2004-10",
            "price": "9.02",
            "revenue": 32307
        },
        "2004-11": {
            "month": "2004-11",
            "price": "8.82",
            "revenue": 31139
        },
        "2004-12": {
            "month": "2004-12",
            "price": "8.79",
            "revenue": 33329
        },
        "2005-01": {
            "month": "2005-01",
            "price": "9.15",
            "revenue": 34031
        },
        "2005-02": {
            "month": "2005-02",
            "price": "10.23",
            "revenue": 28053
        },
        "2005-03": {
            "month": "2005-03",
            "price": "11.15",
            "revenue": 31183
        },
        "2005-04": {
            "month": "2005-04",
            "price": "10.46",
            "revenue": 34535
        },
        "2005-05": {
            "month": "2005-05",
            "price": "9.32",
            "revenue": 33211
        },
        "2005-06": {
            "month": "2005-06",
            "price": "9.84",
            "revenue": 31549
        },
        "2005-07": {
            "month": "2005-07",
            "price": "9.68",
            "revenue": 26842
        },
        "2005-08": {
            "month": "2005-08",
            "price": "9.51",
            "revenue": 37182
        },
        "2005-09": {
            "month": "2005-09",
            "price": "8.39",
            "revenue": 49129
        },
        "2005-10": {
            "month": "2005-10",
            "price": "8.86",
            "revenue": 37785
        },
        "2005-11": {
            "month": "2005-11",
            "price": "8.71",
            "revenue": 37446
        },
        "2005-12": {
            "month": "2005-12",
            "price": "8.68",
            "revenue": 33499
        },
        "2006-01": {
            "month": "2006-01",
            "price": "8.69",
            "revenue": 34820
        },
        "2006-02": {
            "month": "2006-02",
            "price": "8.71",
            "revenue": 39708
        },
        "2006-03": {
            "month": "2006-03",
            "price": "8.81",
            "revenue": 42093
        },
        "2006-04": {
            "month": "2006-04",
            "price": "8.95",
            "revenue": 36257
        },
        "2006-05": {
            "month": "2006-05",
            "price": "9.69",
            "revenue": 36588
        },
        "2006-06": {
            "month": "2006-06",
            "price": "9.10",
            "revenue": 44165
        },
        "2006-07": {
            "month": "2006-07",
            "price": "8.90",
            "revenue": 40429
        },
        "2006-08": {
            "month": "2006-08",
            "price": "9.71",
            "revenue": 38813
        },
        "2006-09": {
            "month": "2006-09",
            "price": "9.31",
            "revenue": 41497
        },
        "2006-10": {
            "month": "2006-10",
            "price": "9.55",
            "revenue": 44666
        },
        "2006-11": {
            "month": "2006-11",
            "price": "10.26",
            "revenue": 44762
        },
        "2006-12": {
            "month": "2006-12",
            "price": "11.10",
            "revenue": 45342
        },
        "2007-01": {
            "month": "2007-01",
            "price": "13.42",
            "revenue": 42553
        },
        "2007-02": {
            "month": "2007-02",
            "price": "14.72",
            "revenue": 38158
        },
        "2007-03": {
            "month": "2007-03",
            "price": "15.57",
            "revenue": 46847
        },
        "2007-04": {
            "month": "2007-04",
            "price": "19.25",
            "revenue": 46621
        },
        "2007-05": {
            "month": "2007-05",
            "price": "20.57",
            "revenue": 50399
        },
        "2007-06": {
            "month": "2007-06",
            "price": "31.86",
            "revenue": 50822
        },
        "2007-07": {
            "month": "2007-07",
            "price": "47.47",
            "revenue": 54622
        },
        "2007-08": {
            "month": "2007-08",
            "price": "39.33",
            "revenue": 56494
        },
        "2007-09": {
            "month": "2007-09",
            "price": "37.91",
            "revenue": 52535
        },
        "2007-10": {
            "month": "2007-10",
            "price": "35.80",
            "revenue": 38209
        },
        "2007-11": {
            "month": "2007-11",
            "price": "32.92",
            "revenue": 33040
        },
        "2007-12": {
            "month": "2007-12",
            "price": "29.85",
            "revenue": 37613
        },
        "2008-01": {
            "month": "2008-01",
            "price": "25.49",
            "revenue": 43895
        },
        "2008-02": {
            "month": "2008-02",
            "price": "25.06",
            "revenue": 43890
        },
        "2008-03": {
            "month": "2008-03",
            "price": "27.10",
            "revenue": 47015
        },
        "2008-04": {
            "month": "2008-04",
            "price": "31.88",
            "revenue": 46315
        },
        "2008-05": {
            "month": "2008-05",
            "price": "32.90",
            "revenue": 54253
        },
        "2008-06": {
            "month": "2008-06",
            "price": "27.50",
            "revenue": 55459
        },
        "2008-07": {
            "month": "2008-07",
            "price": "25.80",
            "revenue": 66523
        },
        "2008-08": {
            "month": "2008-08",
            "price": "27.50",
            "revenue": 61645
        },
        "2008-09": {
            "month": "2008-09",
            "price": "20.11",
            "revenue": 59040
        },
        "2008-10": {
            "month": "2008-10",
            "price": "17.55",
            "revenue": 61001
        },
        "2008-11": {
            "month": "2008-11",
            "price": "18.35",
            "revenue": 56520
        },
        "2008-12": {
            "month": "2008-12",
            "price": "18.83",
            "revenue": 59225
        },
        "2009-01": {
            "month": "2009-01",
            "price": "19.42",
            "revenue": 56102
        },
        "2009-02": {
            "month": "2009-02",
            "price": "19.84",
            "revenue": 63184
        },
        "2009-03": {
            "month": "2009-03",
            "price": "23.11",
            "revenue": 63530
        },
        "2009-04": {
            "month": "2009-04",
            "price": "29.22",
            "revenue": 63572
        },
        "2009-05": {
            "month": "2009-05",
            "price": "29.07",
            "revenue": 64112
        },
        "2009-06": {
            "month": "2009-06",
            "price": "28.88",
            "revenue": 64204
        },
        "2009-07": {
            "month": "2009-07",
            "price": "34.86",
            "revenue": 70176
        },
        "2009-08": {
            "month": "2009-08",
            "price": "40.90",
            "revenue": 65019
        },
        "2009-09": {
            "month": "2009-09",
            "price": "46.25",
            "revenue": 67130
        },
        "2009-10": {
            "month": "2009-10",
            "price": "44.29",
            "revenue": 55062
        },
        "2009-11": {
            "month": "2009-11",
            "price": "42.64",
            "revenue": 74071
        },
        "2009-12": {
            "month": "2009-12",
            "price": "48.34",
            "revenue": 73853
        },
        "2010-01": {
            "month": "2010-01",
            "price": "51.30",
            "revenue": 70036
        },
        "2010-02": {
            "month": "2010-02",
            "price": "44.09",
            "revenue": 49209
        },
        "2010-03": {
            "month": "2010-03",
            "price": "45.23",
            "revenue": 81156
        },
        "2010-04": {
            "month": "2010-04",
            "price": "45.59",
            "revenue": 72034
        },
        "2010-05": {
            "month": "2010-05",
            "price": "40.32",
            "revenue": 68898
        },
        "2010-06": {
            "month": "2010-06",
            "price": "38.21",
            "revenue": 68194
        },
        "2010-07": {
            "month": "2010-07",
            "price": "40.66",
            "revenue": 77628
        },
        "2010-08": {
            "month": "2010-08",
            "price": "47.14",
            "revenue": 70233
        },
        "2010-09": {
            "month": "2010-09",
            "price": "47.66",
            "revenue": 71142
        },
        "2010-10": {
            "month": "2010-10",
            "price": "54.24",
            "revenue": 67496
        },
        "2010-11": {
            "month": "2010-11",
            "price": "50.86",
            "revenue": 61424
        },
        "2010-12": {
            "month": "2010-12",
            "price": "51.05",
            "revenue": 64173
        },
        "2011-01": {
            "month": "2011-01",
            "price": "45.91",
            "revenue": 63444
        },
        "2011-02": {
            "month": "2011-02",
            "price": "42.12",
            "revenue": 47885
        },
        "2011-03": {
            "month": "2011-03",
            "price": "40.57",
            "revenue": 70051
        },
        "2011-04": {
            "month": "2011-04",
            "price": "42.26",
            "revenue": 55538
        },
        "2011-05": {
            "month": "2011-05",
            "price": "42.80",
            "revenue": 60027
        },
        "2011-06": {
            "month": "2011-06",
            "price": "37.29",
            "revenue": 70437
        },
        "2011-07": {
            "month": "2011-07",
            "price": "36.13",
            "revenue": 61032
        },
        "2011-08": {
            "month": "2011-08",
            "price": "28.53",
            "revenue": 60066
        },
        "2011-09": {
            "month": "2011-09",
            "price": "22.96",
            "revenue": 69144
        },
        "2011-10": {
            "month": "2011-10",
            "price": "23.06",
            "revenue": 65078
        },
        "2011-11": {
            "month": "2011-11",
            "price": "21.80",
            "revenue": 68719
        },
        "2011-12": {
            "month": "2011-12",
            "price": "19.72",
            "revenue": 68016
        },
        "2012-01": {
            "month": "2012-01",
            "price": "21.02",
            "revenue": 70084
        },
        "2012-02": {
            "month": "2012-02",
            "price": "26.47",
            "revenue": 69022
        },
        "2012-03": {
            "month": "2012-03",
            "price": "27.19",
            "revenue": 64382
        },
        "2012-04": {
            "month": "2012-04",
            "price": "24.96",
            "revenue": 72484
        },
        "2012-05": {
            "month": "2012-05",
            "price": "26.84",
            "revenue": 65767
        },
        "2012-06": {
            "month": "2012-06",
            "price": "29.80",
            "revenue": 60263
        },
        "2012-07": {
            "month": "2012-07",
            "price": "31.56",
            "revenue": 77110
        },
        "2012-08": {
            "month": "2012-08",
            "price": "33.10",
            "revenue": 70125
        },
        "2012-09": {
            "month": "2012-09",
            "price": "32.12",
            "revenue": 75149
        },
        "2012-10": {
            "month": "2012-10",
            "price": "31.22",
            "revenue": 72456
        },
        "2012-11": {
            "month": "2012-11",
            "price": "29.18",
            "revenue": 75079
        },
        "2012-12": {
            "month": "2012-12",
            "price": "31.65",
            "revenue": 70212
        },
        "2013-01": {
            "month": "2013-01",
            "price": "34.57",
            "revenue": 71360
        },
        "2013-02": {
            "month": "2013-02",
            "price": "34.42",
            "revenue": 67613
        },
        "2013-03": {
            "month": "2013-03",
            "price": "37.35",
            "revenue": 84981
        },
        "2013-04": {
            "month": "2013-04",
            "price": "38.66",
            "revenue": 77646
        },
        "2013-05": {
            "month": "2013-05",
            "price": "38.69",
            "revenue": 80280
        },
        "2013-06": {
            "month": "2013-06",
            "price": "40.17",
            "revenue": 82343
        },
        "2013-07": {
            "month": "2013-07",
            "price": "46.48",
            "revenue": 81173
        },
        "2013-08": {
            "month": "2013-08",
            "price": "47.87",
            "revenue": 80732
        },
        "2013-09": {
            "month": "2013-09",
            "price": "55.49",
            "revenue": 80758
        },
        "2013-10": {
            "month": "2013-10",
            "price": "57.22",
            "revenue": 81154
        },
        "2013-11": {
            "month": "2013-11",
            "price": "56.23",
            "revenue": 84614
        },
        "2013-12": {
            "month": "2013-12",
            "price": "58.37",
            "revenue": 85028
        },
        "2014-01": {
            "month": "2014-01",
            "price": "61.96",
            "revenue": 85463
        },
        "2014-02": {
            "month": "2014-02",
            "price": "65.99",
            "revenue": 80081
        },
        "2014-03": {
            "month": "2014-03",
            "price": "69.96",
            "revenue": 90169
        },
        "2014-04": {
            "month": "2014-04",
            "price": "68.03",
            "revenue": 90766
        },
        "2014-05": {
            "month": "2014-05",
            "price": "70.24",
            "revenue": 91239
        },
        "2014-06": {
            "month": "2014-06",
            "price": "75.82",
            "revenue": 93189
        },
        "2014-07": {
            "month": "2014-07",
            "price": "73.43",
            "revenue": 94408
        },
        "2014-08": {
            "month": "2014-08",
            "price": "69.21",
            "revenue": 96307
        },
        "2014-09": {
            "month": "2014-09",
            "price": "68.84",
            "revenue": 100054
        },
        "2014-10": {
            "month": "2014-10",
            "price": "67.12",
            "revenue": 101297
        },
        "2014-11": {
            "month": "2014-11",
            "price": "68.41",
            "revenue": 100538
        },
        "2014-12": {
            "month": "2014-12",
            "price": "68.39",
            "revenue": 100798
        },
        "2015-01": {
            "month": "2015-01",
            "price": "66.60",
            "revenue": 100387
        },
        "2015-02": {
            "month": "2015-02",
            "price": "66.25",
            "revenue": 100108
        },
        "2015-03": {
            "month": "2015-03",
            "price": "74.55",
            "revenue": 102423
        },
        "2015-04": {
            "month": "2015-04",
            "price": "83.10",
            "revenue": 100671
        },
        "2015-05": {
            "month": "2015-05",
            "price": "84.74",
            "revenue": 100267
        },
        "2015-06": {
            "month": "2015-06",
            "price": "99.14",
            "revenue": 110345
        },
        "2015-07": {
            "month": "2015-07",
            "price": "102.20",
            "revenue": 103188
        },
        "2015-08": {
            "month": "2015-08",
            "price": "90.17",
            "revenue": 100109
        },
        "2015-09": {
            "month": "2015-09",
            "price": "109.82",
            "revenue": 101351
        },
        "2015-10": {
            "month": "2015-10",
            "price": "121.38",
            "revenue": 118313
        },
        "2015-11": {
            "month": "2015-11",
            "price": "134.81",
            "revenue": 110001
        },
        "2015-12": {
            "month": "2015-12",
            "price": "133.28",
            "revenue": 112477
        },
        "2016-01": {
            "month": "2016-01",
            "price": "129.62",
            "revenue": 108020
        },
        "2016-02": {
            "month": "2016-02",
            "price": "141.46",
            "revenue": 112489
        },
        "2016-03": {
            "month": "2016-03",
            "price": "141.76",
            "revenue": 130034
        },
        "2016-04": {
            "month": "2016-04",
            "price": "159.08",
            "revenue": 121053
        },
        "2016-05": {
            "month": "2016-05",
            "price": "161.38",
            "revenue": 120503
        },
        "2016-06": {
            "month": "2016-06",
            "price": "159.57",
            "revenue": 125048
        },
        "2016-07": {
            "month": "2016-07",
            "price": "160.90",
            "revenue": 120155
        },
        "2016-08": {
            "month": "2016-08",
            "price": "146.93",
            "revenue": 115436
        },
        "2016-09": {
            "month": "2016-09",
            "price": "152.58",
            "revenue": 117672
        },
        "2016-10": {
            "month": "2016-10",
            "price": "147.70",
            "revenue": 113005
        },
        "2016-11": {
            "month": "2016-11",
            "price": "122.45",
            "revenue": 110166
        },
        "2016-12": {
            "month": "2016-12",
            "price": "115.68",
            "revenue": 113100
        },
        "2017-01": {
            "month": "2017-01",
            "price": "114.75",
            "revenue": 102133
        },
        "2017-02": {
            "month": "2017-02",
            "price": "116.78",
            "revenue": 107530
        },
        "2017-03": {
            "month": "2017-03",
            "price": "118.52",
            "revenue": 120337
        },
        "2017-04": {
            "month": "2017-04",
            "price": "102.13",
            "revenue": 112015
        },
        "2017-05": {
            "month": "2017-05",
            "price": "95.48",
            "revenue": 113567
        },
        "2017-06": {
            "month": "2017-06",
            "price": "90.33",
            "revenue": 120531
        },
        "2017-07": {
            "month": "2017-07",
            "price": "83.71",
            "revenue": 118240
        },
        "2017-08": {
            "month": "2017-08",
            "price": "80.36",
            "revenue": 121116
        },
        "2017-09": {
            "month": "2017-09",
            "price": "80.03",
            "revenue": 121045
        },
        "2017-10": {
            "month": "2017-10",
            "price": "87.84",
            "revenue": 123153
        },
        "2017-11": {
            "month": "2017-11",
            "price": "92.79",
            "revenue": 127314
        },
        "2017-12": {
            "month": "2017-12",
            "price": "98.29",
            "revenue": 133269
        },
        "2018-01": {
            "month": "2018-01",
            "price": "100.95",
            "revenue": 130688
        },
        "2018-02": {
            "month": "2018-02",
            "price": "91.71",
            "revenue": 112659
        },
        "2018-03": {
            "month": "2018-03",
            "price": "95.74",
            "revenue": 132560
        },
        "2018-04": {
            "month": "2018-04",
            "price": "107.86",
            "revenue": 135177
        },
        "2018-05": {
            "month": "2018-05",
            "price": "121.68",
            "revenue": 135386
        },
        "2018-06": {
            "month": "2018-06",
            "price": "115.62",
            "revenue": 137114
        },
        "2018-07": {
            "month": "2018-07",
            "price": "109.71",
            "revenue": 135392
        },
        "2018-08": {
            "month": "2018-08",
            "price": "107.00",
            "revenue": 138878
        },
        "2018-09": {
            "month": "2018-09",
            "price": "97.71",
            "revenue": 137619
        },
        "2018-10": {
            "month": "2018-10",
            "price": "88.34",
            "revenue": 138576
        },
        "2018-11": {
            "month": "2018-11",
            "price": "83.62",
            "revenue": 141406
        },
        "2018-12": {
            "month": "2018-12",
            "price": "92.20",
            "revenue": 138265
        },
        "2019-01": {
            "month": "2019-01",
            "price": "98.33",
            "revenue": 151209
        },
        "2019-02": {
            "month": "2019-02",
            "price": "113.23",
            "revenue": 132167
        },
        "2019-03": {
            "month": "2019-03",
            "price": "116.70",
            "revenue": 157332
        },
        "2019-04": {
            "month": "2019-04",
            "price": "118.62",
            "revenue": 152062
        },
        "2019-05": {
            "month": "2019-05",
            "price": "113.50",
            "revenue": 159401
        },
        "2019-06": {
            "month": "2019-06",
            "price": "119.84",
            "revenue": 162018
        },
        "2019-07": {
            "month": "2019-07",
            "price": "131.11",
            "revenue": 160066
        },
        "2019-08": {
            "month": "2019-08",
            "price": "133.02",
            "revenue": 160519
        },
        "2019-09": {
            "month": "2019-09",
            "price": "127.32",
            "revenue": 153700
        },
        "2019-10": {
            "month": "2019-10",
            "price": "128.57",
            "revenue": 170046
        },
        "2019-11": {
            "month": "2019-11",
            "price": "133.57",
            "revenue": 160202
        },
        "2019-12": {
            "month": "2019-12",
            "price": "128.34",
            "revenue": 140286
        },
        "2020-01": {
            "month": "2020-01",
            "price": "121.57",
            "revenue": 134818
        },
        "2020-02": {
            "month": "2020-02",
            "price": "117.45",
            "revenue": 156691
        },
        "2020-03": {
            "month": "2020-03",
            "price": "101.41",
            "revenue": 148911
        },
        "2020-04": {
            "month": "2020-04",
            "price": "104.04",
            "revenue": 146596
        },
        "2020-05": {
            "month": "2020-05",
            "price": "118.60",
            "revenue": 158999
        },
        "2020-06": {
            "month": "2020-06",
            "price": "144.32",
            "revenue": 163599
        },
        "2020-07": {
            "month": "2020-07",
            "price": "156.15",
            "revenue": 169894
        },
        "2020-08": {
            "month": "2020-08",
            "price": "146.43",
            "revenue": 171510
        },
        "2020-09": {
            "month": "2020-09",
            "price": "137.07",
            "revenue": 170685
        },
        "2020-10": {
            "month": "2020-10",
            "price": "135.32",
            "revenue": 171941
        },
        "2020-11": {
            "month": "2020-11",
            "price": "138.05",
            "revenue": 175911
        },
        "2020-12": {
            "month": "2020-12",
            "price": "135.54",
            "revenue": 178784
        },
        "2021-01": {
            "month": "2021-01",
            "price": "127.65",
            "revenue": 151265
        },
        "2021-02": {
            "month": "2021-02",
            "price": "128.23",
            "revenue": 156120
        },
        "2021-03": {
            "month": "2021-03",
            "price": "125.66",
            "revenue": 149611
        },
        "2021-04": {
            "month": "2021-04",
            "price": "128.37",
            "revenue": 133446
        },
        "2021-05": {
            "month": "2021-05",
            "price": "115.07",
            "revenue": 151338
        },
        "2021-06": {
            "month": "2021-06",
            "price": "115.67",
            "revenue": 155946
        },
        "2021-07": {
            "month": "2021-07",
            "price": "113.41",
            "revenue": 147602
        },
        "2021-08": {
            "month": "2021-08",
            "price": "107.00",
            "revenue": 159205
        },
        "2021-09": {
            "month": "2021-09",
            "price": "107.75",
            "revenue": 136553
        },
        "2021-10": {
            "month": "2021-10",
            "price": "104.73",
            "revenue": 165746
        },
        "2021-11": {
            "month": "2021-11",
            "price": "110.07",
            "revenue": 167655
        },
        "2021-12": {
            "month": "2021-12",
            "price": "112.59",
            "revenue": 151004
        },
        "2022-01": {
            "month": "2022-01",
            "price": "114.50",
            "revenue": 165505
        },
        "2022-02": {
            "month": "2022-02",
            "price": "109.27",
            "revenue": 146051
        },
        "2022-03": {
            "month": "2022-03",
            "price": "106.17",
            "revenue": 155497
        },
        "2022-04": {
            "month": "2022-04",
            "price": "111.66",
            "revenue": 157286
        },
        "2022-05": {
            "month": "2022-05",
            "price": "107.50",
            "revenue": 161381
        },
        "2022-06": {
            "month": "2022-06",
            "price": "110.98",
            "revenue": 167822
        },
        "2022-07": {
            "month": "2022-07",
            "price": "106.02",
            "revenue": 171596
        },
        "2022-08": {
            "month": "2022-08",
            "price": "111.02",
            "revenue": 176166
        },
        "2022-09": {
            "month": "2022-09",
            "price": "118.24",
            "revenue": 175891
        },
        "2022-10": {
            "month": "2022-10",
            "price": "109.42",
            "revenue": 177880
        },
        "2022-11": {
            "month": "2022-11",
            "price": "112.48",
            "revenue": 177957
        },
        "2022-12": {
            "month": "2022-12",
            "price": "114.18",
            "revenue": 177239
        },
        "2023-01": {
            "month": "2023-01",
            "price": "112.00",
            "revenue": 147620
        },
        "2023-02": {
            "month": "2023-02",
            "price": "112.47",
            "revenue": 153553
        },
        "2023-03": {
            "month": "2023-03",
            "price": "115.41",
            "revenue": 154762
        },
        "2023-04": {
            "month": "2023-04",
            "price": "113.71",
            "revenue": 165760
        },
        "2023-05": {
            "month": "2023-05",
            "price": "114.20",
            "revenue": 155119
        }
    }
}
