{
    "summary": {
        "stock_name": "懷特",
        "stock_id": "4108",
        "category": "生技醫療",
        "main_business": "天然植物、中草藥成分、萃取分離技術、生化科技之研發<br>中草藥、原料藥及化學藥品之研發<br>醫藥品之顧問服務",
        "website_url": "http://www.phytohealth.com.tw",
        "ceo": "李伊伶",
        "pe_ratio": -74,
        "report_year_from": 2001,
        "report_year_to": 2023,
        "age": 22,
        "eps_negative_percentage": 100,
        "eps_growth_avg": {
            "last_all": null,
            "last_2y": null,
            "last_4y": null,
            "last_8y": null,
            "last_12y": null,
            "last_16y": null,
            "last_20y": null,
            "at_2006_last_3y": null,
            "at_2007_last_3y": null,
            "at_2008_last_3y": null,
            "at_2009_last_3y": null,
            "at_2010_last_3y": null,
            "at_2011_last_3y": null,
            "at_2012_last_3y": null,
            "at_2013_last_3y": null,
            "at_2014_last_3y": null,
            "at_2015_last_3y": null,
            "at_2016_last_3y": null,
            "at_2017_last_3y": null,
            "at_2018_last_3y": null,
            "at_2019_last_3y": null,
            "at_2020_last_3y": null,
            "at_2021_last_3y": null,
            "at_2022_last_3y": null,
            "at_2023_last_3y": null,
            "at_2006_last_all": null,
            "at_2007_last_all": null,
            "at_2008_last_all": null,
            "at_2009_last_all": null,
            "at_2010_last_all": null,
            "at_2011_last_all": null,
            "at_2012_last_all": null,
            "at_2013_last_all": null,
            "at_2014_last_all": null,
            "at_2015_last_all": null,
            "at_2016_last_all": null,
            "at_2017_last_all": null,
            "at_2018_last_all": null,
            "at_2019_last_all": null,
            "at_2020_last_all": null,
            "at_2021_last_all": null,
            "at_2022_last_all": null,
            "at_2023_last_all": null
        },
        "latest_eps": -0.28,
        "latest_price": 20.85,
        "latest_roe": -4.04,
        "latest_gross_margin": 41.65,
        "latest_equity": 2308307,
        "latest_revenue": 39408,
        "latest_gross_profit": 16415,
        "latest_net_income": -22486,
        "latest_debt_ratio": 3.28,
        "latest_current_ratio": 2628.84,
        "latest_account_receivable_turnover_ratio": 1.3,
        "latest_inventory_turnover_ratio": 0.14,
        "latest_reinvestment_rate": null,
        "latest_research_to_sale_ratio": 51.26
    },
    "eps_dividends": {
        "2001": {
            "cash": 0,
            "stock": 0,
            "eps": -1.39
        },
        "2002": {
            "cash": 0,
            "stock": 0,
            "eps": -1.71
        },
        "2003": {
            "cash": 0,
            "stock": 0,
            "eps": -1.21
        },
        "2004": {
            "cash": 0,
            "stock": 0,
            "eps": -1.55
        },
        "2005": {
            "cash": 0,
            "stock": 0,
            "eps": -1.45
        },
        "2006": {
            "cash": 0,
            "stock": 0,
            "eps": -1.29
        },
        "2007": {
            "cash": 0,
            "stock": 0,
            "eps": -1.08
        },
        "2008": {
            "cash": 0,
            "stock": 0,
            "eps": -1.31
        },
        "2009": {
            "cash": 0,
            "stock": 0,
            "eps": -2.62
        },
        "2010": {
            "cash": 0,
            "stock": 0,
            "eps": -1.63
        },
        "2011": {
            "cash": 0,
            "stock": 0,
            "eps": -1.28
        },
        "2012": {
            "cash": 0,
            "stock": 0,
            "eps": -0.72
        },
        "2013": {
            "cash": 0,
            "stock": 0,
            "eps": -1.13
        },
        "2014": {
            "cash": 0,
            "stock": 0,
            "eps": -1.97
        },
        "2015": {
            "cash": 0,
            "stock": 0,
            "eps": -1.25
        },
        "2016": {
            "cash": 0,
            "stock": 0,
            "eps": -1.19
        },
        "2017": {
            "cash": 0,
            "stock": 0,
            "eps": -1.26
        },
        "2018": {
            "cash": 0,
            "stock": 0,
            "eps": -1.11
        },
        "2019": {
            "cash": 0,
            "stock": 0,
            "eps": -1.04
        },
        "2020": {
            "cash": 0,
            "stock": 0,
            "eps": -0.54
        },
        "2021": {
            "cash": 0,
            "stock": 0,
            "eps": -0.4
        },
        "2022": {
            "cash": 0,
            "stock": 0,
            "eps": -0.4
        },
        "2023": {
            "cash": 0,
            "stock": 0,
            "eps": -0.11
        }
    },
    "dividends": [],
    "prices": {
        "200101": "無",
        "200102": "無",
        "200103": "無",
        "200104": "無",
        "200105": "無",
        "200106": "無",
        "200107": "無",
        "200108": "無",
        "200109": "無",
        "200110": "無",
        "200111": "無",
        "200112": "無",
        "200201": "無",
        "200202": "無",
        "200203": "無",
        "200204": "無",
        "200205": "45.04",
        "200206": "40.06",
        "200207": "32.51",
        "200208": "32.12",
        "200209": "30.16",
        "200210": "27.15",
        "200211": "27.26",
        "200212": "27.30",
        "200301": "26.76",
        "200302": "28.18",
        "200303": "21.42",
        "200304": "22.12",
        "200305": "21.17",
        "200306": "21.32",
        "200307": "20.90",
        "200308": "20.15",
        "200309": "19.11",
        "200310": "22.07",
        "200311": "25.10",
        "200312": "28.05",
        "200401": "28.77",
        "200402": "29.66",
        "200403": "26.77",
        "200404": "28.09",
        "200405": "25.34",
        "200406": "21.63",
        "200407": "21.40",
        "200408": "21.58",
        "200409": "20.31",
        "200410": "20.20",
        "200411": "20.48",
        "200412": "21.10",
        "200501": "28.52",
        "200502": "41.55",
        "200503": "33.89",
        "200504": "32.67",
        "200505": "31.98",
        "200506": "30.42",
        "200507": "31.18",
        "200508": "31.44",
        "200509": "30.03",
        "200510": "29.67",
        "200511": "27.78",
        "200512": "25.56",
        "200601": "23.27",
        "200602": "22.91",
        "200603": "21.55",
        "200604": "20.64",
        "200605": "22.55",
        "200606": "22.43",
        "200607": "23.09",
        "200608": "21.79",
        "200609": "21.08",
        "200610": "24.00",
        "200611": "23.96",
        "200612": "25.61",
        "200701": "27.25",
        "200702": "26.41",
        "200703": "26.91",
        "200704": "35.60",
        "200705": "57.74",
        "200706": "59.96",
        "200707": "66.11",
        "200708": "57.34",
        "200709": "55.96",
        "200710": "64.15",
        "200711": "61.19",
        "200712": "57.61",
        "200801": "46.50",
        "200802": "36.71",
        "200803": "42.71",
        "200804": "48.71",
        "200805": "52.72",
        "200806": "41.43",
        "200807": "43.61",
        "200808": "43.58",
        "200809": "33.65",
        "200810": "39.01",
        "200811": "39.57",
        "200812": "40.18",
        "200901": "40.33",
        "200902": "40.07",
        "200903": "44.29",
        "200904": "52.12",
        "200905": "50.88",
        "200906": "44.55",
        "200907": "47.50",
        "200908": "50.53",
        "200909": "50.96",
        "200910": "49.02",
        "200911": "44.20",
        "200912": "43.55",
        "201001": "41.40",
        "201002": "36.34",
        "201003": "40.11",
        "201004": "53.38",
        "201005": "47.03",
        "201006": "45.94",
        "201007": "50.39",
        "201008": "50.68",
        "201009": "50.25",
        "201010": "51.24",
        "201011": "47.29",
        "201012": "47.89",
        "201101": "47.65",
        "201102": "46.87",
        "201103": "50.21",
        "201104": "53.70",
        "201105": "52.82",
        "201106": "49.95",
        "201107": "48.82",
        "201108": "42.25",
        "201109": "37.21",
        "201110": "34.46",
        "201111": "34.69",
        "201112": "30.32",
        "201201": "31.76",
        "201202": "38.13",
        "201203": "39.44",
        "201204": "40.44",
        "201205": "41.16",
        "201206": "39.61",
        "201207": "41.61",
        "201208": "43.99",
        "201209": "51.23",
        "201210": "51.83",
        "201211": "45.32",
        "201212": "49.17",
        "201301": "47.92",
        "201302": "49.75",
        "201303": "50.36",
        "201304": "47.94",
        "201305": "46.59",
        "201306": "43.80",
        "201307": "42.11",
        "201308": "41.07",
        "201309": "41.38",
        "201310": "43.26",
        "201311": "40.29",
        "201312": "38.58",
        "201401": "37.82",
        "201402": "40.42",
        "201403": "39.68",
        "201404": "40.15",
        "201405": "38.40",
        "201406": "40.17",
        "201407": "40.43",
        "201408": "36.68",
        "201409": "36.84",
        "201410": "34.22",
        "201411": "33.49",
        "201412": "33.80",
        "201501": "34.28",
        "201502": "33.69",
        "201503": "33.48",
        "201504": "28.80",
        "201505": "24.06",
        "201506": "20.05",
        "201507": "20.02",
        "201508": "15.36",
        "201509": "21.33",
        "201510": "28.20",
        "201511": "29.73",
        "201512": "28.52",
        "201601": "26.47",
        "201602": "27.92",
        "201603": "39.11",
        "201604": "39.14",
        "201605": "36.02",
        "201606": "36.26",
        "201607": "34.46",
        "201608": "30.92",
        "201609": "31.52",
        "201610": "30.47",
        "201611": "29.17",
        "201612": "30.25",
        "201701": "30.02",
        "201702": "30.90",
        "201703": "30.72",
        "201704": "29.25",
        "201705": "28.11",
        "201706": "28.45",
        "201707": "28.04",
        "201708": "26.61",
        "201709": "26.63",
        "201710": "26.21",
        "201711": "25.16",
        "201712": "23.65",
        "201801": "23.60",
        "201802": "22.05",
        "201803": "23.56",
        "201804": "24.49",
        "201805": "23.05",
        "201806": "23.14",
        "201807": "22.75",
        "201808": "22.58",
        "201809": "22.13",
        "201810": "20.03",
        "201811": "17.99",
        "201812": "18.58",
        "201901": "18.37",
        "201902": "20.87",
        "201903": "21.83",
        "201904": "21.17",
        "201905": "19.54",
        "201906": "18.94",
        "201907": "20.13",
        "201908": "19.12",
        "201909": "19.44",
        "201910": "18.98",
        "201911": "18.65",
        "201912": "18.27",
        "202001": "17.62",
        "202002": "17.36",
        "202003": "14.24",
        "202004": "16.22",
        "202005": "19.92",
        "202006": "23.99",
        "202007": "31.82",
        "202008": "29.72",
        "202009": "27.36",
        "202010": "25.58",
        "202011": "24.40",
        "202012": "24.08",
        "202101": "25.97",
        "202102": "26.78",
        "202103": "28.07",
        "202104": "27.59",
        "202105": "25.77",
        "202106": "24.60",
        "202107": "23.02",
        "202108": "21.85",
        "202109": "22.20",
        "202110": "21.96",
        "202111": "22.74",
        "202112": "23.21",
        "202201": "21.86",
        "202202": "21.23",
        "202203": "20.53",
        "202204": "20.82",
        "202205": "19.89",
        "202206": "19.23",
        "202207": "18.29",
        "202208": "18.84",
        "202209": "19.82",
        "202210": "17.64",
        "202211": "18.18",
        "202212": "19.40",
        "202301": "18.91",
        "202302": "19.39",
        "202303": "18.98",
        "202304": "19.46",
        "202305": "21.43",
        "202306": "22.27",
        "202307": "23.22",
        "202308": "20.58",
        "202309": "20.15"
    },
    "quarters": {
        "20011": {
            "year_quarter": 20011,
            "year": 2001,
            "quarter": 1,
            "eps": -0.17,
            "eps_growth_year": null,
            "eps_4q": null,
            "eps_4q_growth_year": null,
            "roe": -1.88,
            "roe_4q": -1.88,
            "gross_profit": 0,
            "gross_margin": null,
            "gross_margin_4q_avg": 0,
            "net_income": -4143,
            "revenue": 0,
            "common_shares": 250000,
            "book_valuer_per_share": 8.76,
            "book_valuer_per_share_4q_avg": 8.76,
            "equity": 219014,
            "current_ratio": 5862.04,
            "debt_ratio": 2.31,
            "inventory_turnover_ratio": null,
            "account_receivable_turnover_ratio": null,
            "reinvestment_rate": null,
            "research_to_sale_ratio": null,
            "price_fair": 0,
            "eps_avg_yearly": 0,
            "eps_latest_yearly": 0,
            "eps_growth_yearly": 0
        },
        "20012": {
            "year_quarter": 20012,
            "year": 2001,
            "quarter": 2,
            "eps": -0.24,
            "eps_growth_year": null,
            "eps_4q": null,
            "eps_4q_growth_year": null,
            "roe": -2.82,
            "roe_4q": -4.699999999999999,
            "gross_profit": 0,
            "gross_margin": null,
            "gross_margin_4q_avg": 0,
            "net_income": -6092,
            "revenue": 0,
            "common_shares": 250000,
            "book_valuer_per_share": 8.52,
            "book_valuer_per_share_4q_avg": 8.64,
            "equity": 212922,
            "current_ratio": 7459.43,
            "debt_ratio": 1.4,
            "inventory_turnover_ratio": null,
            "account_receivable_turnover_ratio": null,
            "reinvestment_rate": null,
            "research_to_sale_ratio": null,
            "price_fair": 0,
            "eps_avg_yearly": 0,
            "eps_latest_yearly": 0,
            "eps_growth_yearly": 0
        },
        "20013": {
            "year_quarter": 20013,
            "year": 2001,
            "quarter": 3,
            "eps": -0.57,
            "eps_growth_year": null,
            "eps_4q": null,
            "eps_4q_growth_year": null,
            "roe": -6.95,
            "roe_4q": -11.649999999999999,
            "gross_profit": 0,
            "gross_margin": null,
            "gross_margin_4q_avg": 0,
            "net_income": -14307,
            "revenue": 0,
            "common_shares": 250000,
            "book_valuer_per_share": 7.94,
            "book_valuer_per_share_4q_avg": 8.41,
            "equity": 198615,
            "current_ratio": 2523.05,
            "debt_ratio": 2.22,
            "inventory_turnover_ratio": null,
            "account_receivable_turnover_ratio": null,
            "reinvestment_rate": null,
            "research_to_sale_ratio": null,
            "price_fair": 0,
            "eps_avg_yearly": 0,
            "eps_latest_yearly": 0,
            "eps_growth_yearly": 0
        },
        "20014": {
            "year_quarter": 20014,
            "year": 2001,
            "quarter": 4,
            "eps": -0.41,
            "eps_growth_year": null,
            "eps_4q": -1.39,
            "eps_4q_growth_year": null,
            "roe": -5.25,
            "roe_4q": -16.9,
            "gross_profit": 0,
            "gross_margin": null,
            "gross_margin_4q_avg": 0,
            "net_income": -10152,
            "revenue": 0,
            "common_shares": 250000,
            "book_valuer_per_share": 7.54,
            "book_valuer_per_share_4q_avg": 8.19,
            "equity": 188463,
            "current_ratio": 3904.32,
            "debt_ratio": 1.84,
            "inventory_turnover_ratio": null,
            "account_receivable_turnover_ratio": null,
            "reinvestment_rate": null,
            "research_to_sale_ratio": null,
            "price_fair": 0,
            "eps_avg_yearly": 0,
            "eps_latest_yearly": 0,
            "eps_growth_yearly": 0
        },
        "20021": {
            "year_quarter": 20021,
            "year": 2002,
            "quarter": 1,
            "eps": -0.32,
            "eps_growth_year": null,
            "eps_4q": -1.55,
            "eps_4q_growth_year": null,
            "roe": -4.32,
            "roe_4q": -19.34,
            "gross_profit": 0,
            "gross_margin": null,
            "gross_margin_4q_avg": 0,
            "net_income": -7966,
            "revenue": 0,
            "common_shares": 250000,
            "book_valuer_per_share": 7.22,
            "book_valuer_per_share_4q_avg": 7.81,
            "equity": 180497,
            "current_ratio": 4178.26,
            "debt_ratio": 2.51,
            "inventory_turnover_ratio": null,
            "account_receivable_turnover_ratio": null,
            "reinvestment_rate": null,
            "research_to_sale_ratio": null,
            "price_fair": 0,
            "eps_avg_yearly": 0,
            "eps_latest_yearly": 0,
            "eps_growth_yearly": 0
        },
        "20022": {
            "year_quarter": 20022,
            "year": 2002,
            "quarter": 2,
            "eps": -0.48,
            "eps_growth_year": null,
            "eps_4q": -1.77,
            "eps_4q_growth_year": null,
            "roe": -6.81,
            "roe_4q": -23.33,
            "gross_profit": 0,
            "gross_margin": null,
            "gross_margin_4q_avg": 0,
            "net_income": -11886,
            "revenue": 0,
            "common_shares": 250000,
            "book_valuer_per_share": 6.74,
            "book_valuer_per_share_4q_avg": 7.36,
            "equity": 168611,
            "current_ratio": 6013.39,
            "debt_ratio": 2.79,
            "inventory_turnover_ratio": null,
            "account_receivable_turnover_ratio": null,
            "reinvestment_rate": null,
            "research_to_sale_ratio": null,
            "price_fair": 0,
            "eps_avg_yearly": 0,
            "eps_latest_yearly": 0,
            "eps_growth_yearly": 0
        },
        "20023": {
            "year_quarter": 20023,
            "year": 2002,
            "quarter": 3,
            "eps": -0.46,
            "eps_growth_year": null,
            "eps_4q": -1.66,
            "eps_4q_growth_year": null,
            "roe": -7.02,
            "roe_4q": -23.4,
            "gross_profit": 0,
            "gross_margin": null,
            "gross_margin_4q_avg": 0,
            "net_income": -11430,
            "revenue": 0,
            "common_shares": 250000,
            "book_valuer_per_share": 6.29,
            "book_valuer_per_share_4q_avg": 6.95,
            "equity": 157181,
            "current_ratio": 1223.59,
            "debt_ratio": 7.24,
            "inventory_turnover_ratio": null,
            "account_receivable_turnover_ratio": null,
            "reinvestment_rate": null,
            "research_to_sale_ratio": null,
            "price_fair": 0,
            "eps_avg_yearly": 0,
            "eps_latest_yearly": 0,
            "eps_growth_yearly": 0
        },
        "20024": {
            "year_quarter": 20024,
            "year": 2002,
            "quarter": 4,
            "eps": -0.45,
            "eps_growth_year": null,
            "eps_4q": -1.7,
            "eps_4q_growth_year": null,
            "roe": -7.36,
            "roe_4q": -25.509999999999998,
            "gross_profit": 0,
            "gross_margin": null,
            "gross_margin_4q_avg": 0,
            "net_income": -11161,
            "revenue": 0,
            "common_shares": 250000,
            "book_valuer_per_share": 5.84,
            "book_valuer_per_share_4q_avg": 6.52,
            "equity": 146020,
            "current_ratio": 1148.37,
            "debt_ratio": 6.41,
            "inventory_turnover_ratio": null,
            "account_receivable_turnover_ratio": null,
            "reinvestment_rate": null,
            "research_to_sale_ratio": null,
            "price_fair": 0,
            "eps_avg_yearly": 0,
            "eps_latest_yearly": 0,
            "eps_growth_yearly": 0
        },
        "20031": {
            "year_quarter": 20031,
            "year": 2003,
            "quarter": 1,
            "eps": -0.35,
            "eps_growth_year": null,
            "eps_4q": -1.52,
            "eps_4q_growth_year": null,
            "roe": -4.07,
            "roe_4q": -25.259999999999998,
            "gross_profit": 4517,
            "gross_margin": 100,
            "gross_margin_4q_avg": 25,
            "net_income": -10321,
            "revenue": 4517,
            "common_shares": 350000,
            "book_valuer_per_share": 10.31,
            "book_valuer_per_share_4q_avg": 7.3,
            "equity": 360699,
            "current_ratio": 3125.02,
            "debt_ratio": 3.37,
            "inventory_turnover_ratio": null,
            "account_receivable_turnover_ratio": null,
            "reinvestment_rate": null,
            "research_to_sale_ratio": null,
            "price_fair": 0,
            "eps_avg_yearly": 0,
            "eps_latest_yearly": 0,
            "eps_growth_yearly": 0
        },
        "20032": {
            "year_quarter": 20032,
            "year": 2003,
            "quarter": 2,
            "eps": -0.42,
            "eps_growth_year": null,
            "eps_4q": -1.33,
            "eps_4q_growth_year": null,
            "roe": -3.84,
            "roe_4q": -22.29,
            "gross_profit": -4517,
            "gross_margin": 100,
            "gross_margin_4q_avg": 50,
            "net_income": -13604,
            "revenue": -4517,
            "common_shares": 350000,
            "book_valuer_per_share": 9.92,
            "book_valuer_per_share_4q_avg": 8.09,
            "equity": 347095,
            "current_ratio": 4683.29,
            "debt_ratio": 2.98,
            "inventory_turnover_ratio": null,
            "account_receivable_turnover_ratio": null,
            "reinvestment_rate": null,
            "research_to_sale_ratio": null,
            "price_fair": 0,
            "eps_avg_yearly": 0,
            "eps_latest_yearly": 0,
            "eps_growth_yearly": 0
        },
        "20033": {
            "year_quarter": 20033,
            "year": 2003,
            "quarter": 3,
            "eps": -0.33,
            "eps_growth_year": null,
            "eps_4q": -1.32,
            "eps_4q_growth_year": null,
            "roe": -3.22,
            "roe_4q": -18.490000000000002,
            "gross_profit": 0,
            "gross_margin": null,
            "gross_margin_4q_avg": 50,
            "net_income": -11005,
            "revenue": 0,
            "common_shares": 350000,
            "book_valuer_per_share": 9.6,
            "book_valuer_per_share_4q_avg": 8.92,
            "equity": 336090,
            "current_ratio": 4844.98,
            "debt_ratio": 2.59,
            "inventory_turnover_ratio": null,
            "account_receivable_turnover_ratio": null,
            "reinvestment_rate": null,
            "research_to_sale_ratio": null,
            "price_fair": 0,
            "eps_avg_yearly": 0,
            "eps_latest_yearly": 0,
            "eps_growth_yearly": 0
        },
        "20034": {
            "year_quarter": 20034,
            "year": 2003,
            "quarter": 4,
            "eps": -0.11,
            "eps_growth_year": null,
            "eps_4q": -1.15,
            "eps_4q_growth_year": null,
            "roe": -1.15,
            "roe_4q": -12.280000000000001,
            "gross_profit": 10781,
            "gross_margin": 100,
            "gross_margin_4q_avg": 75,
            "net_income": -3852,
            "revenue": 10781,
            "common_shares": 350000,
            "book_valuer_per_share": 9.49,
            "book_valuer_per_share_4q_avg": 9.83,
            "equity": 332045,
            "current_ratio": 2369.07,
            "debt_ratio": 3.5,
            "inventory_turnover_ratio": null,
            "account_receivable_turnover_ratio": null,
            "reinvestment_rate": null,
            "research_to_sale_ratio": null,
            "price_fair": 0,
            "eps_avg_yearly": 0,
            "eps_latest_yearly": 0,
            "eps_growth_yearly": 0
        },
        "20041": {
            "year_quarter": 20041,
            "year": 2004,
            "quarter": 1,
            "eps": -0.27,
            "eps_growth_year": null,
            "eps_4q": -0.74,
            "eps_4q_growth_year": null,
            "roe": -3.34,
            "roe_4q": -11.55,
            "gross_profit": 10524,
            "gross_margin": 100,
            "gross_margin_4q_avg": 75,
            "net_income": -16356,
            "revenue": 10524,
            "common_shares": 626089,
            "book_valuer_per_share": 10.33,
            "book_valuer_per_share_4q_avg": 9.84,
            "equity": 646796,
            "current_ratio": 2959.83,
            "debt_ratio": 1.55,
            "inventory_turnover_ratio": null,
            "account_receivable_turnover_ratio": null,
            "reinvestment_rate": null,
            "research_to_sale_ratio": null,
            "price_fair": 0,
            "eps_avg_yearly": 0,
            "eps_latest_yearly": 0,
            "eps_growth_yearly": 0
        },
        "20042": {
            "year_quarter": 20042,
            "year": 2004,
            "quarter": 2,
            "eps": -0.52,
            "eps_growth_year": null,
            "eps_4q": -1.02,
            "eps_4q_growth_year": null,
            "roe": -5.27,
            "roe_4q": -12.98,
            "gross_profit": 0,
            "gross_margin": null,
            "gross_margin_4q_avg": 50,
            "net_income": -32776,
            "revenue": 0,
            "common_shares": 626089,
            "book_valuer_per_share": 9.55,
            "book_valuer_per_share_4q_avg": 9.74,
            "equity": 597747,
            "current_ratio": 2912.32,
            "debt_ratio": 0.82,
            "inventory_turnover_ratio": null,
            "account_receivable_turnover_ratio": null,
            "reinvestment_rate": null,
            "research_to_sale_ratio": null,
            "price_fair": 0,
            "eps_avg_yearly": 0,
            "eps_latest_yearly": 0,
            "eps_growth_yearly": 0
        },
        "20043": {
            "year_quarter": 20043,
            "year": 2004,
            "quarter": 3,
            "eps": -0.29,
            "eps_growth_year": null,
            "eps_4q": -1.12,
            "eps_4q_growth_year": null,
            "roe": -3.18,
            "roe_4q": -12.94,
            "gross_profit": 18178,
            "gross_margin": 28.13,
            "gross_margin_4q_avg": 57.03,
            "net_income": -18862,
            "revenue": 64629,
            "common_shares": 641500,
            "book_valuer_per_share": 9.17,
            "book_valuer_per_share_4q_avg": 9.64,
            "equity": 588126,
            "current_ratio": 888.94,
            "debt_ratio": 5.58,
            "inventory_turnover_ratio": 2.98,
            "account_receivable_turnover_ratio": null,
            "reinvestment_rate": null,
            "research_to_sale_ratio": null,
            "price_fair": 0,
            "eps_avg_yearly": 0,
            "eps_latest_yearly": 0,
            "eps_growth_yearly": 0
        },
        "20044": {
            "year_quarter": 20044,
            "year": 2004,
            "quarter": 4,
            "eps": -0.47,
            "eps_growth_year": null,
            "eps_4q": -1.53,
            "eps_4q_growth_year": null,
            "roe": -5.27,
            "roe_4q": -17.06,
            "gross_profit": 7488,
            "gross_margin": 38.7,
            "gross_margin_4q_avg": 41.71,
            "net_income": -29923,
            "revenue": 19348,
            "common_shares": 641500,
            "book_valuer_per_share": 8.54,
            "book_valuer_per_share_4q_avg": 9.4,
            "equity": 548085,
            "current_ratio": 763.57,
            "debt_ratio": 6.29,
            "inventory_turnover_ratio": 0.43,
            "account_receivable_turnover_ratio": null,
            "reinvestment_rate": null,
            "research_to_sale_ratio": null,
            "price_fair": 0,
            "eps_avg_yearly": 0,
            "eps_latest_yearly": 0,
            "eps_growth_yearly": 0
        },
        "20051": {
            "year_quarter": 20051,
            "year": 2005,
            "quarter": 1,
            "eps": -0.43,
            "eps_growth_year": null,
            "eps_4q": -1.74,
            "eps_4q_growth_year": null,
            "roe": -4.92,
            "roe_4q": -18.64,
            "gross_profit": 6796,
            "gross_margin": 48.3,
            "gross_margin_4q_avg": 28.78,
            "net_income": -26810,
            "revenue": 14071,
            "common_shares": 641500,
            "book_valuer_per_share": 8.45,
            "book_valuer_per_share_4q_avg": 8.93,
            "equity": 542120,
            "current_ratio": 898.72,
            "debt_ratio": 4.89,
            "inventory_turnover_ratio": 0.32,
            "account_receivable_turnover_ratio": null,
            "reinvestment_rate": null,
            "research_to_sale_ratio": null,
            "price_fair": 0,
            "eps_avg_yearly": 0,
            "eps_latest_yearly": 0,
            "eps_growth_yearly": 0
        },
        "20052": {
            "year_quarter": 20052,
            "year": 2005,
            "quarter": 2,
            "eps": -0.21,
            "eps_growth_year": null,
            "eps_4q": -1.39,
            "eps_4q_growth_year": null,
            "roe": -2.5,
            "roe_4q": -15.87,
            "gross_profit": 1470,
            "gross_margin": 21.51,
            "gross_margin_4q_avg": 34.16,
            "net_income": -13330,
            "revenue": 6834,
            "common_shares": 641500,
            "book_valuer_per_share": 8.16,
            "book_valuer_per_share_4q_avg": 8.58,
            "equity": 523683,
            "current_ratio": 921.87,
            "debt_ratio": 5.05,
            "inventory_turnover_ratio": 0.29,
            "account_receivable_turnover_ratio": null,
            "reinvestment_rate": null,
            "research_to_sale_ratio": null,
            "price_fair": 0,
            "eps_avg_yearly": 0,
            "eps_latest_yearly": 0,
            "eps_growth_yearly": 0
        },
        "20053": {
            "year_quarter": 20053,
            "year": 2005,
            "quarter": 3,
            "eps": -0.45,
            "eps_growth_year": null,
            "eps_4q": -1.55,
            "eps_4q_growth_year": null,
            "roe": -5.76,
            "roe_4q": -18.45,
            "gross_profit": -964,
            "gross_margin": 53.14,
            "gross_margin_4q_avg": 40.41,
            "net_income": -29165,
            "revenue": -1814,
            "common_shares": 641500,
            "book_valuer_per_share": 7.63,
            "book_valuer_per_share_4q_avg": 8.2,
            "equity": 489549,
            "current_ratio": 938.75,
            "debt_ratio": 3.96,
            "inventory_turnover_ratio": -0.11,
            "account_receivable_turnover_ratio": null,
            "reinvestment_rate": null,
            "research_to_sale_ratio": null,
            "price_fair": 0,
            "eps_avg_yearly": 0,
            "eps_latest_yearly": 0,
            "eps_growth_yearly": 0
        },
        "20054": {
            "year_quarter": 20054,
            "year": 2005,
            "quarter": 4,
            "eps": -0.36,
            "eps_growth_year": null,
            "eps_4q": -1.42,
            "eps_4q_growth_year": null,
            "roe": -3.01,
            "roe_4q": -16.189999999999998,
            "gross_profit": 642,
            "gross_margin": -944.12,
            "gross_margin_4q_avg": -205.29,
            "net_income": -23368,
            "revenue": -68,
            "common_shares": 891500,
            "book_valuer_per_share": 11.94,
            "book_valuer_per_share_4q_avg": 9.05,
            "equity": 1064741,
            "current_ratio": 3728.76,
            "debt_ratio": 2.07,
            "inventory_turnover_ratio": -4.83,
            "account_receivable_turnover_ratio": null,
            "reinvestment_rate": null,
            "research_to_sale_ratio": null,
            "price_fair": 0,
            "eps_avg_yearly": 0,
            "eps_latest_yearly": 0,
            "eps_growth_yearly": 0
        },
        "20061": {
            "year_quarter": 20061,
            "year": 2006,
            "quarter": 1,
            "eps": -0.19,
            "eps_growth_year": null,
            "eps_4q": -0.93,
            "eps_4q_growth_year": null,
            "roe": -1.53,
            "roe_4q": -12.8,
            "gross_profit": 434,
            "gross_margin": 21.23,
            "gross_margin_4q_avg": -212.06,
            "net_income": -16938,
            "revenue": 2044,
            "common_shares": 941950,
            "book_valuer_per_share": 12.25,
            "book_valuer_per_share_4q_avg": 10,
            "equity": 1153856,
            "current_ratio": 3742.52,
            "debt_ratio": 1.95,
            "inventory_turnover_ratio": 16.68,
            "account_receivable_turnover_ratio": null,
            "reinvestment_rate": null,
            "research_to_sale_ratio": null,
            "price_fair": 0,
            "eps_avg_yearly": 0,
            "eps_latest_yearly": 0,
            "eps_growth_yearly": 0
        },
        "20062": {
            "year_quarter": 20062,
            "year": 2006,
            "quarter": 2,
            "eps": -0.21,
            "eps_growth_year": null,
            "eps_4q": -0.95,
            "eps_4q_growth_year": null,
            "roe": -1.72,
            "roe_4q": -12.02,
            "gross_profit": 484,
            "gross_margin": 10.58,
            "gross_margin_4q_avg": -214.79,
            "net_income": -19640,
            "revenue": 4576,
            "common_shares": 941950,
            "book_valuer_per_share": 12.03,
            "book_valuer_per_share_4q_avg": 10.96,
            "equity": 1132902,
            "current_ratio": 2185.39,
            "debt_ratio": 2.89,
            "inventory_turnover_ratio": 3.24,
            "account_receivable_turnover_ratio": null,
            "reinvestment_rate": null,
            "research_to_sale_ratio": null,
            "price_fair": 0,
            "eps_avg_yearly": 0,
            "eps_latest_yearly": 0,
            "eps_growth_yearly": 0
        },
        "20063": {
            "year_quarter": 20063,
            "year": 2006,
            "quarter": 3,
            "eps": -0.41,
            "eps_growth_year": null,
            "eps_4q": -1.04,
            "eps_4q_growth_year": null,
            "roe": -3.44,
            "roe_4q": -9.7,
            "gross_profit": 602,
            "gross_margin": 7.1,
            "gross_margin_4q_avg": -226.3,
            "net_income": -38227,
            "revenue": 8474,
            "common_shares": 941950,
            "book_valuer_per_share": 11.55,
            "book_valuer_per_share_4q_avg": 11.94,
            "equity": 1088342,
            "current_ratio": 1896.06,
            "debt_ratio": 3.51,
            "inventory_turnover_ratio": 6.46,
            "account_receivable_turnover_ratio": null,
            "reinvestment_rate": null,
            "research_to_sale_ratio": null,
            "price_fair": 0,
            "eps_avg_yearly": 0,
            "eps_latest_yearly": 0,
            "eps_growth_yearly": 0
        },
        "20064": {
            "year_quarter": 20064,
            "year": 2006,
            "quarter": 4,
            "eps": -0.48,
            "eps_growth_year": null,
            "eps_4q": -1.28,
            "eps_4q_growth_year": null,
            "roe": -4.16,
            "roe_4q": -10.85,
            "gross_profit": 242,
            "gross_margin": 3.99,
            "gross_margin_4q_avg": 10.73,
            "net_income": -44825,
            "revenue": 6071,
            "common_shares": 941950,
            "book_valuer_per_share": 11.32,
            "book_valuer_per_share_4q_avg": 11.79,
            "equity": 1066374,
            "current_ratio": 2304.64,
            "debt_ratio": 2.82,
            "inventory_turnover_ratio": null,
            "account_receivable_turnover_ratio": null,
            "reinvestment_rate": null,
            "research_to_sale_ratio": null,
            "price_fair": 0,
            "eps_avg_yearly": 0,
            "eps_latest_yearly": 0,
            "eps_growth_yearly": 0
        },
        "20071": {
            "year_quarter": 20071,
            "year": 2007,
            "quarter": 1,
            "eps": -0.16,
            "eps_growth_year": null,
            "eps_4q": -1.24,
            "eps_4q_growth_year": null,
            "roe": -1.44,
            "roe_4q": -10.76,
            "gross_profit": 415,
            "gross_margin": 8,
            "gross_margin_4q_avg": 7.42,
            "net_income": -15155,
            "revenue": 5187,
            "common_shares": 941950,
            "book_valuer_per_share": 11.02,
            "book_valuer_per_share_4q_avg": 11.48,
            "equity": 1038203,
            "current_ratio": 2388.74,
            "debt_ratio": 3.03,
            "inventory_turnover_ratio": null,
            "account_receivable_turnover_ratio": null,
            "reinvestment_rate": null,
            "research_to_sale_ratio": null,
            "price_fair": 0,
            "eps_avg_yearly": 0,
            "eps_latest_yearly": 0,
            "eps_growth_yearly": 0
        },
        "20072": {
            "year_quarter": 20072,
            "year": 2007,
            "quarter": 2,
            "eps": -0.22,
            "eps_growth_year": null,
            "eps_4q": -1.26,
            "eps_4q_growth_year": null,
            "roe": -1.95,
            "roe_4q": -10.99,
            "gross_profit": 604,
            "gross_margin": 11.15,
            "gross_margin_4q_avg": 7.56,
            "net_income": -20741,
            "revenue": 5418,
            "common_shares": 941950,
            "book_valuer_per_share": 11.58,
            "book_valuer_per_share_4q_avg": 11.37,
            "equity": 1091131,
            "current_ratio": 2326.82,
            "debt_ratio": 2.64,
            "inventory_turnover_ratio": null,
            "account_receivable_turnover_ratio": null,
            "reinvestment_rate": null,
            "research_to_sale_ratio": null,
            "price_fair": 0,
            "eps_avg_yearly": 0,
            "eps_latest_yearly": 0,
            "eps_growth_yearly": 0
        },
        "20073": {
            "year_quarter": 20073,
            "year": 2007,
            "quarter": 3,
            "eps": -0.15,
            "eps_growth_year": null,
            "eps_4q": -1,
            "eps_4q_growth_year": null,
            "roe": -1.24,
            "roe_4q": -8.79,
            "gross_profit": 148,
            "gross_margin": 2.86,
            "gross_margin_4q_avg": 6.5,
            "net_income": -13701,
            "revenue": 5172,
            "common_shares": 941950,
            "book_valuer_per_share": 11.89,
            "book_valuer_per_share_4q_avg": 11.45,
            "equity": 1119676,
            "current_ratio": 2532.5,
            "debt_ratio": 2.55,
            "inventory_turnover_ratio": null,
            "account_receivable_turnover_ratio": null,
            "reinvestment_rate": null,
            "research_to_sale_ratio": null,
            "price_fair": 0,
            "eps_avg_yearly": 0,
            "eps_latest_yearly": 0,
            "eps_growth_yearly": 0
        },
        "20074": {
            "year_quarter": 20074,
            "year": 2007,
            "quarter": 4,
            "eps": -0.55,
            "eps_growth_year": null,
            "eps_4q": -1.09,
            "eps_4q_growth_year": null,
            "roe": -4.59,
            "roe_4q": -9.22,
            "gross_profit": 1037,
            "gross_margin": 19.24,
            "gross_margin_4q_avg": 10.31,
            "net_income": -51784,
            "revenue": 5390,
            "common_shares": 941950,
            "book_valuer_per_share": 10.68,
            "book_valuer_per_share_4q_avg": 11.29,
            "equity": 1136597,
            "current_ratio": 2112.8,
            "debt_ratio": 3.07,
            "inventory_turnover_ratio": 280.84,
            "account_receivable_turnover_ratio": null,
            "reinvestment_rate": null,
            "research_to_sale_ratio": null,
            "price_fair": 0,
            "eps_avg_yearly": 0,
            "eps_latest_yearly": 0,
            "eps_growth_yearly": 0
        },
        "20081": {
            "year_quarter": 20081,
            "year": 2008,
            "quarter": 1,
            "eps": -0.35,
            "eps_growth_year": null,
            "eps_4q": -1.18,
            "eps_4q_growth_year": null,
            "roe": -3.14,
            "roe_4q": -10.92,
            "gross_profit": -633,
            "gross_margin": -5.3,
            "gross_margin_4q_avg": 6.99,
            "net_income": -35341,
            "revenue": 11944,
            "common_shares": 941950,
            "book_valuer_per_share": 10.31,
            "book_valuer_per_share_4q_avg": 11.12,
            "equity": 1116032,
            "current_ratio": 2128.58,
            "debt_ratio": 3.18,
            "inventory_turnover_ratio": 375.43,
            "account_receivable_turnover_ratio": null,
            "reinvestment_rate": null,
            "research_to_sale_ratio": null,
            "price_fair": 0,
            "eps_avg_yearly": 0,
            "eps_latest_yearly": 0,
            "eps_growth_yearly": 0
        },
        "20082": {
            "year_quarter": 20082,
            "year": 2008,
            "quarter": 2,
            "eps": -0.36,
            "eps_growth_year": null,
            "eps_4q": -1.4,
            "eps_4q_growth_year": null,
            "roe": -3.25,
            "roe_4q": -12.22,
            "gross_profit": 1642,
            "gross_margin": 8.23,
            "gross_margin_4q_avg": 6.26,
            "net_income": -35032,
            "revenue": 19940,
            "common_shares": 941950,
            "book_valuer_per_share": 9.56,
            "book_valuer_per_share_4q_avg": 10.61,
            "equity": 1042541,
            "current_ratio": 1367.05,
            "debt_ratio": 4.42,
            "inventory_turnover_ratio": 28.91,
            "account_receivable_turnover_ratio": null,
            "reinvestment_rate": null,
            "research_to_sale_ratio": null,
            "price_fair": 0,
            "eps_avg_yearly": 0,
            "eps_latest_yearly": 0,
            "eps_growth_yearly": 0
        },
        "20083": {
            "year_quarter": 20083,
            "year": 2008,
            "quarter": 3,
            "eps": -0.28,
            "eps_growth_year": null,
            "eps_4q": -1.54,
            "eps_4q_growth_year": null,
            "roe": -2.53,
            "roe_4q": -13.51,
            "gross_profit": 5726,
            "gross_margin": 15.21,
            "gross_margin_4q_avg": 9.35,
            "net_income": -25660,
            "revenue": 37639,
            "common_shares": 941950,
            "book_valuer_per_share": 8.93,
            "book_valuer_per_share_4q_avg": 9.87,
            "equity": 983277,
            "current_ratio": 929.42,
            "debt_ratio": 6,
            "inventory_turnover_ratio": 38.06,
            "account_receivable_turnover_ratio": null,
            "reinvestment_rate": null,
            "research_to_sale_ratio": null,
            "price_fair": 0,
            "eps_avg_yearly": 0,
            "eps_latest_yearly": 0,
            "eps_growth_yearly": 0
        },
        "20084": {
            "year_quarter": 20084,
            "year": 2008,
            "quarter": 4,
            "eps": -0.32,
            "eps_growth_year": null,
            "eps_4q": -1.27,
            "eps_4q_growth_year": null,
            "roe": -3.18,
            "roe_4q": -12.100000000000001,
            "gross_profit": 10096,
            "gross_margin": 15.09,
            "gross_margin_4q_avg": 8.31,
            "net_income": -31581,
            "revenue": 66906,
            "common_shares": 944270,
            "book_valuer_per_share": 8.94,
            "book_valuer_per_share_4q_avg": 9.44,
            "equity": 1004007,
            "current_ratio": 810.53,
            "debt_ratio": 6.81,
            "inventory_turnover_ratio": 84.54,
            "account_receivable_turnover_ratio": 1.95,
            "reinvestment_rate": null,
            "research_to_sale_ratio": null,
            "price_fair": 0,
            "eps_avg_yearly": 0,
            "eps_latest_yearly": 0,
            "eps_growth_yearly": 0
        },
        "20091": {
            "year_quarter": 20091,
            "year": 2009,
            "quarter": 1,
            "eps": -0.38,
            "eps_growth_year": null,
            "eps_4q": -1.34,
            "eps_4q_growth_year": null,
            "roe": -3.64,
            "roe_4q": -12.6,
            "gross_profit": 4308,
            "gross_margin": 18.26,
            "gross_margin_4q_avg": 14.2,
            "net_income": -36484,
            "revenue": 23596,
            "common_shares": 944270,
            "book_valuer_per_share": 8.9,
            "book_valuer_per_share_4q_avg": 9.08,
            "equity": 1000146,
            "current_ratio": 1353.56,
            "debt_ratio": 3.93,
            "inventory_turnover_ratio": 20.3,
            "account_receivable_turnover_ratio": 0.38,
            "reinvestment_rate": null,
            "research_to_sale_ratio": null,
            "price_fair": 0,
            "eps_avg_yearly": 0,
            "eps_latest_yearly": 0,
            "eps_growth_yearly": 0
        },
        "20092": {
            "year_quarter": 20092,
            "year": 2009,
            "quarter": 2,
            "eps": -0.57,
            "eps_growth_year": null,
            "eps_4q": -1.55,
            "eps_4q_growth_year": null,
            "roe": -5.77,
            "roe_4q": -15.12,
            "gross_profit": 2036,
            "gross_margin": 11.56,
            "gross_margin_4q_avg": 15.03,
            "net_income": -56405,
            "revenue": 17612,
            "common_shares": 944570,
            "book_valuer_per_share": 8.44,
            "book_valuer_per_share_4q_avg": 8.8,
            "equity": 955596,
            "current_ratio": 1659.2,
            "debt_ratio": 3.02,
            "inventory_turnover_ratio": 7.23,
            "account_receivable_turnover_ratio": 0.38,
            "reinvestment_rate": null,
            "research_to_sale_ratio": null,
            "price_fair": 0,
            "eps_avg_yearly": 0,
            "eps_latest_yearly": 0,
            "eps_growth_yearly": 0
        },
        "20093": {
            "year_quarter": 20093,
            "year": 2009,
            "quarter": 3,
            "eps": -0.92,
            "eps_growth_year": null,
            "eps_4q": -1.65,
            "eps_4q_growth_year": null,
            "roe": -6.24,
            "roe_4q": -18.830000000000002,
            "gross_profit": 1381,
            "gross_margin": 11.9,
            "gross_margin_4q_avg": 14.2,
            "net_income": -100346,
            "revenue": 11605,
            "common_shares": 1315327,
            "book_valuer_per_share": 15.79,
            "book_valuer_per_share_4q_avg": 10.52,
            "equity": 2258943,
            "current_ratio": 4681.43,
            "debt_ratio": 1.47,
            "inventory_turnover_ratio": 4.65,
            "account_receivable_turnover_ratio": 0.33,
            "reinvestment_rate": null,
            "research_to_sale_ratio": null,
            "price_fair": 0,
            "eps_avg_yearly": 0,
            "eps_latest_yearly": 0,
            "eps_growth_yearly": 0
        },
        "20094": {
            "year_quarter": 20094,
            "year": 2009,
            "quarter": 4,
            "eps": -0.75,
            "eps_growth_year": null,
            "eps_4q": -2.03,
            "eps_4q_growth_year": null,
            "roe": -3.53,
            "roe_4q": -19.18,
            "gross_profit": 4073,
            "gross_margin": 8.78,
            "gross_margin_4q_avg": 12.63,
            "net_income": -75460,
            "revenue": 46380,
            "common_shares": 1316252,
            "book_valuer_per_share": 14.88,
            "book_valuer_per_share_4q_avg": 12,
            "equity": 2011193,
            "current_ratio": 866.06,
            "debt_ratio": 7.14,
            "inventory_turnover_ratio": 45.15,
            "account_receivable_turnover_ratio": 1.35,
            "reinvestment_rate": null,
            "research_to_sale_ratio": null,
            "price_fair": 0,
            "eps_avg_yearly": 0,
            "eps_latest_yearly": 0,
            "eps_growth_yearly": 0
        },
        "20101": {
            "year_quarter": 20101,
            "year": 2010,
            "quarter": 1,
            "eps": -0.27,
            "eps_growth_year": null,
            "eps_4q": -2.04,
            "eps_4q_growth_year": null,
            "roe": -1.89,
            "roe_4q": -17.43,
            "gross_profit": 287,
            "gross_margin": 5.36,
            "gross_margin_4q_avg": 9.4,
            "net_income": -37923,
            "revenue": 5354,
            "common_shares": 1317090,
            "book_valuer_per_share": 14.77,
            "book_valuer_per_share_4q_avg": 13.47,
            "equity": 1995625,
            "current_ratio": 1576.67,
            "debt_ratio": 3.7,
            "inventory_turnover_ratio": 12.91,
            "account_receivable_turnover_ratio": 0.09,
            "reinvestment_rate": null,
            "research_to_sale_ratio": 557.43,
            "price_fair": 0,
            "eps_avg_yearly": 0,
            "eps_latest_yearly": 0,
            "eps_growth_yearly": 0
        },
        "20102": {
            "year_quarter": 20102,
            "year": 2010,
            "quarter": 2,
            "eps": -0.26,
            "eps_growth_year": null,
            "eps_4q": -1.9,
            "eps_4q_growth_year": null,
            "roe": -1.78,
            "roe_4q": -13.44,
            "gross_profit": 2108,
            "gross_margin": 8.19,
            "gross_margin_4q_avg": 8.56,
            "net_income": -34643,
            "revenue": 25753,
            "common_shares": 1317090,
            "book_valuer_per_share": 14.08,
            "book_valuer_per_share_4q_avg": 14.88,
            "equity": 1902627,
            "current_ratio": 1487.14,
            "debt_ratio": 4.36,
            "inventory_turnover_ratio": 28.03,
            "account_receivable_turnover_ratio": 0.59,
            "reinvestment_rate": null,
            "research_to_sale_ratio": 116.71,
            "price_fair": 0,
            "eps_avg_yearly": 0,
            "eps_latest_yearly": 0,
            "eps_growth_yearly": 0
        },
        "20103": {
            "year_quarter": 20103,
            "year": 2010,
            "quarter": 3,
            "eps": -0.36,
            "eps_growth_year": null,
            "eps_4q": -1.5,
            "eps_4q_growth_year": null,
            "roe": -2.67,
            "roe_4q": -9.87,
            "gross_profit": 1908,
            "gross_margin": 7.1,
            "gross_margin_4q_avg": 7.36,
            "net_income": -51147,
            "revenue": 26878,
            "common_shares": 1317090,
            "book_valuer_per_share": 14.25,
            "book_valuer_per_share_4q_avg": 14.5,
            "equity": 1921815,
            "current_ratio": 1398.17,
            "debt_ratio": 4.34,
            "inventory_turnover_ratio": 8.5,
            "account_receivable_turnover_ratio": 0.67,
            "reinvestment_rate": null,
            "research_to_sale_ratio": 173.05,
            "price_fair": 0,
            "eps_avg_yearly": 0,
            "eps_latest_yearly": 0,
            "eps_growth_yearly": 0
        },
        "20104": {
            "year_quarter": 20104,
            "year": 2010,
            "quarter": 4,
            "eps": -0.74,
            "eps_growth_year": null,
            "eps_4q": -1.65,
            "eps_4q_growth_year": null,
            "roe": -5.4,
            "roe_4q": -11.74,
            "gross_profit": 4989,
            "gross_margin": 9.99,
            "gross_margin_4q_avg": 7.66,
            "net_income": -101032,
            "revenue": 49919,
            "common_shares": 1323430,
            "book_valuer_per_share": 13.41,
            "book_valuer_per_share_4q_avg": 14.13,
            "equity": 1822167,
            "current_ratio": 1381.06,
            "debt_ratio": 4.44,
            "inventory_turnover_ratio": 9.23,
            "account_receivable_turnover_ratio": 1.05,
            "reinvestment_rate": null,
            "research_to_sale_ratio": 130.5,
            "price_fair": 0,
            "eps_avg_yearly": 0,
            "eps_latest_yearly": 0,
            "eps_growth_yearly": 0
        },
        "20111": {
            "year_quarter": 20111,
            "year": 2011,
            "quarter": 1,
            "eps": -0.24,
            "eps_growth_year": null,
            "eps_4q": -1.61,
            "eps_4q_growth_year": null,
            "roe": -2.04,
            "roe_4q": -11.889999999999999,
            "gross_profit": 2109,
            "gross_margin": 8.99,
            "gross_margin_4q_avg": 8.57,
            "net_income": -36575,
            "revenue": 23453,
            "common_shares": 1326735,
            "book_valuer_per_share": 13.05,
            "book_valuer_per_share_4q_avg": 13.7,
            "equity": 1769542,
            "current_ratio": 1205.63,
            "debt_ratio": 4.58,
            "inventory_turnover_ratio": 3.39,
            "account_receivable_turnover_ratio": 0.47,
            "reinvestment_rate": null,
            "research_to_sale_ratio": 140.53,
            "price_fair": 0,
            "eps_avg_yearly": 0,
            "eps_latest_yearly": 0,
            "eps_growth_yearly": 0
        },
        "20112": {
            "year_quarter": 20112,
            "year": 2011,
            "quarter": 2,
            "eps": -0.23,
            "eps_growth_year": null,
            "eps_4q": -1.58,
            "eps_4q_growth_year": null,
            "roe": -1.87,
            "roe_4q": -11.98,
            "gross_profit": 3394,
            "gross_margin": 8.86,
            "gross_margin_4q_avg": 8.74,
            "net_income": -32668,
            "revenue": 38307,
            "common_shares": 1326735,
            "book_valuer_per_share": 12.78,
            "book_valuer_per_share_4q_avg": 13.37,
            "equity": 1730910,
            "current_ratio": 1667.55,
            "debt_ratio": 3.41,
            "inventory_turnover_ratio": 3.44,
            "account_receivable_turnover_ratio": 0.78,
            "reinvestment_rate": null,
            "research_to_sale_ratio": 60.94,
            "price_fair": 0,
            "eps_avg_yearly": 0,
            "eps_latest_yearly": 0,
            "eps_growth_yearly": 0
        },
        "20113": {
            "year_quarter": 20113,
            "year": 2011,
            "quarter": 3,
            "eps": -0.36,
            "eps_growth_year": null,
            "eps_4q": -1.57,
            "eps_4q_growth_year": null,
            "roe": -3.06,
            "roe_4q": -12.370000000000001,
            "gross_profit": 3932,
            "gross_margin": 10.22,
            "gross_margin_4q_avg": 9.52,
            "net_income": -51659,
            "revenue": 38469,
            "common_shares": 1327535,
            "book_valuer_per_share": 12.11,
            "book_valuer_per_share_4q_avg": 12.84,
            "equity": 1641201,
            "current_ratio": 1463.17,
            "debt_ratio": 3.89,
            "inventory_turnover_ratio": 3.62,
            "account_receivable_turnover_ratio": 0.63,
            "reinvestment_rate": null,
            "research_to_sale_ratio": 156.55,
            "price_fair": 0,
            "eps_avg_yearly": 0,
            "eps_latest_yearly": 0,
            "eps_growth_yearly": 0
        },
        "20114": {
            "year_quarter": 20114,
            "year": 2011,
            "quarter": 4,
            "eps": -0.45,
            "eps_growth_year": null,
            "eps_4q": -1.28,
            "eps_4q_growth_year": null,
            "roe": -3.89,
            "roe_4q": -10.86,
            "gross_profit": 1237,
            "gross_margin": 2.25,
            "gross_margin_4q_avg": 7.58,
            "net_income": -62250,
            "revenue": 54863,
            "common_shares": 1327535,
            "book_valuer_per_share": 11.54,
            "book_valuer_per_share_4q_avg": 12.37,
            "equity": 1562853,
            "current_ratio": 891.53,
            "debt_ratio": 5.3,
            "inventory_turnover_ratio": 11.9,
            "account_receivable_turnover_ratio": 0.9,
            "reinvestment_rate": null,
            "research_to_sale_ratio": 85.62,
            "price_fair": 0,
            "eps_avg_yearly": 0,
            "eps_latest_yearly": 0,
            "eps_growth_yearly": 0
        },
        "20121": {
            "year_quarter": 20121,
            "year": 2012,
            "quarter": 1,
            "eps": -0.19,
            "eps_growth_year": null,
            "eps_4q": -1.22,
            "eps_4q_growth_year": null,
            "roe": -1.66,
            "roe_4q": -10.48,
            "gross_profit": 1645,
            "gross_margin": 6.09,
            "gross_margin_4q_avg": 6.86,
            "net_income": -26507,
            "revenue": 27029,
            "common_shares": 1327535,
            "book_valuer_per_share": 12.1,
            "book_valuer_per_share_4q_avg": 12.13,
            "equity": 1636104,
            "current_ratio": 1049.58,
            "debt_ratio": 3.97,
            "inventory_turnover_ratio": 5.04,
            "account_receivable_turnover_ratio": 0.47,
            "reinvestment_rate": null,
            "research_to_sale_ratio": 80.65,
            "price_fair": 0,
            "eps_avg_yearly": 0,
            "eps_latest_yearly": 0,
            "eps_growth_yearly": 0
        },
        "20122": {
            "year_quarter": 20122,
            "year": 2012,
            "quarter": 2,
            "eps": -0.2,
            "eps_growth_year": null,
            "eps_4q": -1.2,
            "eps_4q_growth_year": null,
            "roe": -1.79,
            "roe_4q": -10.4,
            "gross_profit": 5775,
            "gross_margin": 10.61,
            "gross_margin_4q_avg": 7.29,
            "net_income": -28769,
            "revenue": 54414,
            "common_shares": 1329660,
            "book_valuer_per_share": 11.66,
            "book_valuer_per_share_4q_avg": 11.85,
            "equity": 1576202,
            "current_ratio": 1191.54,
            "debt_ratio": 3.38,
            "inventory_turnover_ratio": 6.37,
            "account_receivable_turnover_ratio": 0.82,
            "reinvestment_rate": null,
            "research_to_sale_ratio": 43.01,
            "price_fair": 0,
            "eps_avg_yearly": 0,
            "eps_latest_yearly": 0,
            "eps_growth_yearly": 0
        },
        "20123": {
            "year_quarter": 20123,
            "year": 2012,
            "quarter": 3,
            "eps": -0.06,
            "eps_growth_year": null,
            "eps_4q": -0.9,
            "eps_4q_growth_year": null,
            "roe": -1.3,
            "roe_4q": -8.64,
            "gross_profit": 3431,
            "gross_margin": 7.18,
            "gross_margin_4q_avg": 6.53,
            "net_income": -20913,
            "revenue": 47770,
            "common_shares": 1329710,
            "book_valuer_per_share": 11.77,
            "book_valuer_per_share_4q_avg": 11.77,
            "equity": 1629084,
            "current_ratio": 868.65,
            "debt_ratio": 4.81,
            "inventory_turnover_ratio": 1.77,
            "account_receivable_turnover_ratio": 0.69,
            "reinvestment_rate": null,
            "research_to_sale_ratio": 60.88,
            "price_fair": 0,
            "eps_avg_yearly": 0,
            "eps_latest_yearly": 0,
            "eps_growth_yearly": 0
        },
        "20124": {
            "year_quarter": 20124,
            "year": 2012,
            "quarter": 4,
            "eps": -0.27,
            "eps_growth_year": null,
            "eps_4q": -0.63,
            "eps_4q_growth_year": null,
            "roe": -1.62,
            "roe_4q": -6.37,
            "gross_profit": 4946,
            "gross_margin": 10.2,
            "gross_margin_4q_avg": 8.52,
            "net_income": -35799,
            "revenue": 48498,
            "common_shares": 1628537,
            "book_valuer_per_share": 16.83,
            "book_valuer_per_share_4q_avg": 13.09,
            "equity": 2782841,
            "current_ratio": 1936.02,
            "debt_ratio": 3.48,
            "inventory_turnover_ratio": 0.89,
            "account_receivable_turnover_ratio": 0.62,
            "reinvestment_rate": null,
            "research_to_sale_ratio": 32.28,
            "price_fair": 0,
            "eps_avg_yearly": 0,
            "eps_latest_yearly": 0,
            "eps_growth_yearly": 0
        },
        "20131": {
            "year_quarter": 20131,
            "year": 2013,
            "quarter": 1,
            "eps": 0.05,
            "eps_growth_year": null,
            "eps_4q": -0.43,
            "eps_4q_growth_year": null,
            "roe": 0.28,
            "roe_4q": -4.43,
            "gross_profit": 3741,
            "gross_margin": 8.48,
            "gross_margin_4q_avg": 9.12,
            "net_income": 7854,
            "revenue": 44130,
            "common_shares": 1631612,
            "book_valuer_per_share": 16.57,
            "book_valuer_per_share_4q_avg": 14.21,
            "equity": 2746867,
            "current_ratio": 3206.67,
            "debt_ratio": 2.29,
            "inventory_turnover_ratio": 0.59,
            "account_receivable_turnover_ratio": 0.45,
            "reinvestment_rate": null,
            "research_to_sale_ratio": 62.41,
            "price_fair": 0,
            "eps_avg_yearly": 0,
            "eps_latest_yearly": 0,
            "eps_growth_yearly": 0
        },
        "20132": {
            "year_quarter": 20132,
            "year": 2013,
            "quarter": 2,
            "eps": -0.18,
            "eps_growth_year": null,
            "eps_4q": -0.44,
            "eps_4q_growth_year": null,
            "roe": -1.08,
            "roe_4q": -3.7199999999999998,
            "gross_profit": -306,
            "gross_margin": -0.65,
            "gross_margin_4q_avg": 6.3,
            "net_income": -29555,
            "revenue": 46760,
            "common_shares": 1636942,
            "book_valuer_per_share": 16.46,
            "book_valuer_per_share_4q_avg": 15.41,
            "equity": 2734812,
            "current_ratio": 2667.48,
            "debt_ratio": 2.53,
            "inventory_turnover_ratio": 0.53,
            "account_receivable_turnover_ratio": 0.43,
            "reinvestment_rate": null,
            "research_to_sale_ratio": 45.19,
            "price_fair": 0,
            "eps_avg_yearly": 0,
            "eps_latest_yearly": 0,
            "eps_growth_yearly": 0
        },
        "20133": {
            "year_quarter": 20133,
            "year": 2013,
            "quarter": 3,
            "eps": -0.27,
            "eps_growth_year": null,
            "eps_4q": -0.65,
            "eps_4q_growth_year": null,
            "roe": -1.68,
            "roe_4q": -4.1,
            "gross_profit": -2763,
            "gross_margin": -10.56,
            "gross_margin_4q_avg": 1.87,
            "net_income": -45379,
            "revenue": 26158,
            "common_shares": 1639642,
            "book_valuer_per_share": 16.11,
            "book_valuer_per_share_4q_avg": 16.49,
            "equity": 2677130,
            "current_ratio": 2840.07,
            "debt_ratio": 2.36,
            "inventory_turnover_ratio": 0.27,
            "account_receivable_turnover_ratio": 0.25,
            "reinvestment_rate": null,
            "research_to_sale_ratio": 139.23,
            "price_fair": 0,
            "eps_avg_yearly": 0,
            "eps_latest_yearly": 0,
            "eps_growth_yearly": 0
        },
        "20134": {
            "year_quarter": 20134,
            "year": 2013,
            "quarter": 4,
            "eps": -0.73,
            "eps_growth_year": null,
            "eps_4q": -1.12,
            "eps_4q_growth_year": null,
            "roe": -4.62,
            "roe_4q": -7.1,
            "gross_profit": -2062,
            "gross_margin": -7.38,
            "gross_margin_4q_avg": -2.53,
            "net_income": -125182,
            "revenue": 27940,
            "common_shares": 1636164,
            "book_valuer_per_share": 15.68,
            "book_valuer_per_share_4q_avg": 16.21,
            "equity": 2739334,
            "current_ratio": 2171.99,
            "debt_ratio": 3,
            "inventory_turnover_ratio": 0.29,
            "account_receivable_turnover_ratio": 0.3,
            "reinvestment_rate": null,
            "research_to_sale_ratio": 327.25,
            "price_fair": 0,
            "eps_avg_yearly": 0,
            "eps_latest_yearly": 0,
            "eps_growth_yearly": 0
        },
        "20141": {
            "year_quarter": 20141,
            "year": 2014,
            "quarter": 1,
            "eps": -0.21,
            "eps_growth_year": -520,
            "eps_4q": -1.38,
            "eps_4q_growth_year": null,
            "roe": -1.44,
            "roe_4q": -8.82,
            "gross_profit": 972,
            "gross_margin": 3.52,
            "gross_margin_4q_avg": -3.77,
            "net_income": -39208,
            "revenue": 27590,
            "common_shares": 1636164,
            "book_valuer_per_share": 15.48,
            "book_valuer_per_share_4q_avg": 15.93,
            "equity": 2702058,
            "current_ratio": 1666.96,
            "debt_ratio": 3.86,
            "inventory_turnover_ratio": 0.24,
            "account_receivable_turnover_ratio": 0.3,
            "reinvestment_rate": null,
            "research_to_sale_ratio": 98.12,
            "price_fair": 0,
            "eps_avg_yearly": 0,
            "eps_latest_yearly": 0,
            "eps_growth_yearly": 0
        },
        "20142": {
            "year_quarter": 20142,
            "year": 2014,
            "quarter": 2,
            "eps": -0.69,
            "eps_growth_year": null,
            "eps_4q": -1.9,
            "eps_4q_growth_year": null,
            "roe": -4.46,
            "roe_4q": -12.2,
            "gross_profit": 198,
            "gross_margin": 0.71,
            "gross_margin_4q_avg": -3.43,
            "net_income": -118210,
            "revenue": 27794,
            "common_shares": 1636164,
            "book_valuer_per_share": 14.88,
            "book_valuer_per_share_4q_avg": 15.54,
            "equity": 2597998,
            "current_ratio": 1743.65,
            "debt_ratio": 3.59,
            "inventory_turnover_ratio": 0.28,
            "account_receivable_turnover_ratio": 0.3,
            "reinvestment_rate": null,
            "research_to_sale_ratio": 402.23,
            "price_fair": 0,
            "eps_avg_yearly": 0,
            "eps_latest_yearly": 0,
            "eps_growth_yearly": 0
        },
        "20143": {
            "year_quarter": 20143,
            "year": 2014,
            "quarter": 3,
            "eps": -0.48,
            "eps_growth_year": null,
            "eps_4q": -2.11,
            "eps_4q_growth_year": null,
            "roe": -3.37,
            "roe_4q": -13.89,
            "gross_profit": 1024,
            "gross_margin": 3.63,
            "gross_margin_4q_avg": 0.12,
            "net_income": -85747,
            "revenue": 28192,
            "common_shares": 1636164,
            "book_valuer_per_share": 14.23,
            "book_valuer_per_share_4q_avg": 15.07,
            "equity": 2483622,
            "current_ratio": 1706.27,
            "debt_ratio": 3.66,
            "inventory_turnover_ratio": 0.38,
            "account_receivable_turnover_ratio": 0.3,
            "reinvestment_rate": null,
            "research_to_sale_ratio": 151.52,
            "price_fair": 0,
            "eps_avg_yearly": 0,
            "eps_latest_yearly": 0,
            "eps_growth_yearly": 0
        },
        "20144": {
            "year_quarter": 20144,
            "year": 2014,
            "quarter": 4,
            "eps": -0.59,
            "eps_growth_year": null,
            "eps_4q": -1.97,
            "eps_4q_growth_year": null,
            "roe": -4.27,
            "roe_4q": -13.54,
            "gross_profit": -351,
            "gross_margin": -4.9,
            "gross_margin_4q_avg": 0.74,
            "net_income": -104119,
            "revenue": 7156,
            "common_shares": 1636164,
            "book_valuer_per_share": 13.69,
            "book_valuer_per_share_4q_avg": 14.57,
            "equity": 2388431,
            "current_ratio": 1469.81,
            "debt_ratio": 4.05,
            "inventory_turnover_ratio": 0.13,
            "account_receivable_turnover_ratio": 0.08,
            "reinvestment_rate": null,
            "research_to_sale_ratio": 1143.07,
            "price_fair": 0,
            "eps_avg_yearly": 0,
            "eps_latest_yearly": 0,
            "eps_growth_yearly": 0
        },
        "20151": {
            "year_quarter": 20151,
            "year": 2015,
            "quarter": 1,
            "eps": -0.43,
            "eps_growth_year": null,
            "eps_4q": -2.18,
            "eps_4q_growth_year": null,
            "roe": -3.37,
            "roe_4q": -15.469999999999999,
            "gross_profit": 429,
            "gross_margin": 8.98,
            "gross_margin_4q_avg": 2.11,
            "net_income": -82303,
            "revenue": 4776,
            "common_shares": 1636164,
            "book_valuer_per_share": 13.6,
            "book_valuer_per_share_4q_avg": 14.1,
            "equity": 2489109,
            "current_ratio": 2502.22,
            "debt_ratio": 2.48,
            "inventory_turnover_ratio": 0.1,
            "account_receivable_turnover_ratio": 0.08,
            "reinvestment_rate": null,
            "research_to_sale_ratio": 1255.32,
            "price_fair": 0,
            "eps_avg_yearly": 0,
            "eps_latest_yearly": 0,
            "eps_growth_yearly": 0
        },
        "20152": {
            "year_quarter": 20152,
            "year": 2015,
            "quarter": 2,
            "eps": -0.36,
            "eps_growth_year": null,
            "eps_4q": -1.85,
            "eps_4q_growth_year": null,
            "roe": -2.73,
            "roe_4q": -13.739999999999998,
            "gross_profit": 239,
            "gross_margin": 4.58,
            "gross_margin_4q_avg": 3.07,
            "net_income": -66673,
            "revenue": 5216,
            "common_shares": 1636164,
            "book_valuer_per_share": 13.11,
            "book_valuer_per_share_4q_avg": 13.66,
            "equity": 2401740,
            "current_ratio": 3767.69,
            "debt_ratio": 1.68,
            "inventory_turnover_ratio": 0.13,
            "account_receivable_turnover_ratio": 0.16,
            "reinvestment_rate": null,
            "research_to_sale_ratio": 889.17,
            "price_fair": 0,
            "eps_avg_yearly": 0,
            "eps_latest_yearly": 0,
            "eps_growth_yearly": 0
        },
        "20153": {
            "year_quarter": 20153,
            "year": 2015,
            "quarter": 3,
            "eps": -0.22,
            "eps_growth_year": null,
            "eps_4q": -1.6,
            "eps_4q_growth_year": null,
            "roe": -1.87,
            "roe_4q": -12.239999999999998,
            "gross_profit": 621,
            "gross_margin": 11.53,
            "gross_margin_4q_avg": 5.05,
            "net_income": -44440,
            "revenue": 5388,
            "common_shares": 1636164,
            "book_valuer_per_share": 12.86,
            "book_valuer_per_share_4q_avg": 13.32,
            "equity": 2347865,
            "current_ratio": 3774.36,
            "debt_ratio": 1.61,
            "inventory_turnover_ratio": 0.12,
            "account_receivable_turnover_ratio": 0.35,
            "reinvestment_rate": null,
            "research_to_sale_ratio": 788.51,
            "price_fair": 0,
            "eps_avg_yearly": 0,
            "eps_latest_yearly": 0,
            "eps_growth_yearly": 0
        },
        "20154": {
            "year_quarter": 20154,
            "year": 2015,
            "quarter": 4,
            "eps": -0.24,
            "eps_growth_year": null,
            "eps_4q": -1.24,
            "eps_4q_growth_year": null,
            "roe": -2.1,
            "roe_4q": -10.07,
            "gross_profit": 1415,
            "gross_margin": 25.28,
            "gross_margin_4q_avg": 12.59,
            "net_income": -48746,
            "revenue": 5598,
            "common_shares": 1636164,
            "book_valuer_per_share": 12.6,
            "book_valuer_per_share_4q_avg": 13.04,
            "equity": 2296630,
            "current_ratio": 3129.83,
            "debt_ratio": 1.85,
            "inventory_turnover_ratio": 0.08,
            "account_receivable_turnover_ratio": 0.56,
            "reinvestment_rate": null,
            "research_to_sale_ratio": 472.51,
            "price_fair": 0,
            "eps_avg_yearly": 0,
            "eps_latest_yearly": 0,
            "eps_growth_yearly": 0
        },
        "20161": {
            "year_quarter": 20161,
            "year": 2016,
            "quarter": 1,
            "eps": -0.34,
            "eps_growth_year": null,
            "eps_4q": -1.16,
            "eps_4q_growth_year": null,
            "roe": -2.85,
            "roe_4q": -9.55,
            "gross_profit": 457,
            "gross_margin": 16.25,
            "gross_margin_4q_avg": 14.41,
            "net_income": -64929,
            "revenue": 2813,
            "common_shares": 1636164,
            "book_valuer_per_share": 12.41,
            "book_valuer_per_share_4q_avg": 12.75,
            "equity": 2255800,
            "current_ratio": 4785.39,
            "debt_ratio": 1.18,
            "inventory_turnover_ratio": 0.04,
            "account_receivable_turnover_ratio": 0.51,
            "reinvestment_rate": null,
            "research_to_sale_ratio": 1680.23,
            "price_fair": 0,
            "eps_avg_yearly": 0,
            "eps_latest_yearly": 0,
            "eps_growth_yearly": 0
        },
        "20162": {
            "year_quarter": 20162,
            "year": 2016,
            "quarter": 2,
            "eps": -0.32,
            "eps_growth_year": null,
            "eps_4q": -1.11,
            "eps_4q_growth_year": null,
            "roe": -2.64,
            "roe_4q": -9.46,
            "gross_profit": 3667,
            "gross_margin": 59.53,
            "gross_margin_4q_avg": 28.15,
            "net_income": -61652,
            "revenue": 6160,
            "common_shares": 1636164,
            "book_valuer_per_share": 11.98,
            "book_valuer_per_share_4q_avg": 12.46,
            "equity": 2408608,
            "current_ratio": 3257.94,
            "debt_ratio": 4.45,
            "inventory_turnover_ratio": 0.05,
            "account_receivable_turnover_ratio": 1.99,
            "reinvestment_rate": null,
            "research_to_sale_ratio": 657.39,
            "price_fair": 0,
            "eps_avg_yearly": 0,
            "eps_latest_yearly": 0,
            "eps_growth_yearly": 0
        },
        "20163": {
            "year_quarter": 20163,
            "year": 2016,
            "quarter": 3,
            "eps": -0.18,
            "eps_growth_year": null,
            "eps_4q": -1.08,
            "eps_4q_growth_year": null,
            "roe": -1.58,
            "roe_4q": -9.17,
            "gross_profit": 4012,
            "gross_margin": 57.72,
            "gross_margin_4q_avg": 39.7,
            "net_income": -37755,
            "revenue": 6951,
            "common_shares": 1636164,
            "book_valuer_per_share": 11.78,
            "book_valuer_per_share_4q_avg": 12.19,
            "equity": 2369034,
            "current_ratio": 3451.32,
            "debt_ratio": 4.25,
            "inventory_turnover_ratio": 0.05,
            "account_receivable_turnover_ratio": 2.06,
            "reinvestment_rate": null,
            "research_to_sale_ratio": 468.85,
            "price_fair": 0,
            "eps_avg_yearly": 0,
            "eps_latest_yearly": 0,
            "eps_growth_yearly": 0
        },
        "20164": {
            "year_quarter": 20164,
            "year": 2016,
            "quarter": 4,
            "eps": -0.35,
            "eps_growth_year": null,
            "eps_4q": -1.19,
            "eps_4q_growth_year": null,
            "roe": -2.76,
            "roe_4q": -9.83,
            "gross_profit": 4354,
            "gross_margin": 47.86,
            "gross_margin_4q_avg": 45.34,
            "net_income": -64754,
            "revenue": 9097,
            "common_shares": 1636164,
            "book_valuer_per_share": 11.5,
            "book_valuer_per_share_4q_avg": 11.92,
            "equity": 2315366,
            "current_ratio": 2834.18,
            "debt_ratio": 4.52,
            "inventory_turnover_ratio": 0.07,
            "account_receivable_turnover_ratio": 1.85,
            "reinvestment_rate": null,
            "research_to_sale_ratio": 453.59,
            "price_fair": 0,
            "eps_avg_yearly": 0,
            "eps_latest_yearly": 0,
            "eps_growth_yearly": 0
        },
        "20171": {
            "year_quarter": 20171,
            "year": 2017,
            "quarter": 1,
            "eps": -0.25,
            "eps_growth_year": null,
            "eps_4q": -1.1,
            "eps_4q_growth_year": null,
            "roe": -2.17,
            "roe_4q": -9.15,
            "gross_profit": 3955,
            "gross_margin": 53.23,
            "gross_margin_4q_avg": 54.59,
            "net_income": -49857,
            "revenue": 7430,
            "common_shares": 1636164,
            "book_valuer_per_share": 11.28,
            "book_valuer_per_share_4q_avg": 11.64,
            "equity": 2270622,
            "current_ratio": 3695.35,
            "debt_ratio": 3.92,
            "inventory_turnover_ratio": 0.05,
            "account_receivable_turnover_ratio": 1.44,
            "reinvestment_rate": null,
            "research_to_sale_ratio": 452.99,
            "price_fair": 0,
            "eps_avg_yearly": 0,
            "eps_latest_yearly": 0,
            "eps_growth_yearly": 0
        },
        "20172": {
            "year_quarter": 20172,
            "year": 2017,
            "quarter": 2,
            "eps": -0.22,
            "eps_growth_year": null,
            "eps_4q": -1,
            "eps_4q_growth_year": null,
            "roe": -2,
            "roe_4q": -8.51,
            "gross_profit": 4969,
            "gross_margin": 44.1,
            "gross_margin_4q_avg": 50.73,
            "net_income": -44889,
            "revenue": 11267,
            "common_shares": 1636164,
            "book_valuer_per_share": 11.08,
            "book_valuer_per_share_4q_avg": 11.41,
            "equity": 2227760,
            "current_ratio": 2750.24,
            "debt_ratio": 4.33,
            "inventory_turnover_ratio": 0.08,
            "account_receivable_turnover_ratio": 1.79,
            "reinvestment_rate": null,
            "research_to_sale_ratio": 249.95,
            "price_fair": 0,
            "eps_avg_yearly": 0,
            "eps_latest_yearly": 0,
            "eps_growth_yearly": 0
        },
        "20173": {
            "year_quarter": 20173,
            "year": 2017,
            "quarter": 3,
            "eps": -0.22,
            "eps_growth_year": null,
            "eps_4q": -1.04,
            "eps_4q_growth_year": null,
            "roe": -2.05,
            "roe_4q": -8.98,
            "gross_profit": 4189,
            "gross_margin": 22.25,
            "gross_margin_4q_avg": 41.86,
            "net_income": -45061,
            "revenue": 18828,
            "common_shares": 1636164,
            "book_valuer_per_share": 10.79,
            "book_valuer_per_share_4q_avg": 11.16,
            "equity": 2172845,
            "current_ratio": 2280.75,
            "debt_ratio": 4.65,
            "inventory_turnover_ratio": 0.16,
            "account_receivable_turnover_ratio": 2.05,
            "reinvestment_rate": null,
            "research_to_sale_ratio": 205.02,
            "price_fair": 0,
            "eps_avg_yearly": 0,
            "eps_latest_yearly": 0,
            "eps_growth_yearly": 0
        },
        "20174": {
            "year_quarter": 20174,
            "year": 2017,
            "quarter": 4,
            "eps": -0.57,
            "eps_growth_year": null,
            "eps_4q": -1.26,
            "eps_4q_growth_year": null,
            "roe": -4.9,
            "roe_4q": -11.12,
            "gross_profit": 11100,
            "gross_margin": 67.39,
            "gross_margin_4q_avg": 46.74,
            "net_income": -104109,
            "revenue": 16471,
            "common_shares": 1636164,
            "book_valuer_per_share": 10.27,
            "book_valuer_per_share_4q_avg": 10.86,
            "equity": 2077527,
            "current_ratio": 1823.31,
            "debt_ratio": 5.23,
            "inventory_turnover_ratio": 0.06,
            "account_receivable_turnover_ratio": 1.51,
            "reinvestment_rate": null,
            "research_to_sale_ratio": 277.58,
            "price_fair": 0,
            "eps_avg_yearly": 0,
            "eps_latest_yearly": 0,
            "eps_growth_yearly": 0
        },
        "20181": {
            "year_quarter": 20181,
            "year": 2018,
            "quarter": 1,
            "eps": -0.21,
            "eps_growth_year": null,
            "eps_4q": -1.22,
            "eps_4q_growth_year": null,
            "roe": -0.97,
            "roe_4q": -9.92,
            "gross_profit": 14894,
            "gross_margin": 50.42,
            "gross_margin_4q_avg": 46.04,
            "net_income": -20308,
            "revenue": 29541,
            "common_shares": 1636164,
            "book_valuer_per_share": 10.15,
            "book_valuer_per_share_4q_avg": 10.57,
            "equity": 2116429,
            "current_ratio": 2296.69,
            "debt_ratio": 4.31,
            "inventory_turnover_ratio": 0.15,
            "account_receivable_turnover_ratio": 2.78,
            "reinvestment_rate": null,
            "research_to_sale_ratio": 131.89,
            "price_fair": 0,
            "eps_avg_yearly": 0,
            "eps_latest_yearly": 0,
            "eps_growth_yearly": 0
        },
        "20182": {
            "year_quarter": 20182,
            "year": 2018,
            "quarter": 2,
            "eps": -0.17,
            "eps_growth_year": null,
            "eps_4q": -1.17,
            "eps_4q_growth_year": null,
            "roe": -1.79,
            "roe_4q": -9.71,
            "gross_profit": 13618,
            "gross_margin": 47.86,
            "gross_margin_4q_avg": 46.98,
            "net_income": -37728,
            "revenue": 28454,
            "common_shares": 1636164,
            "book_valuer_per_share": 9.84,
            "book_valuer_per_share_4q_avg": 10.26,
            "equity": 2088681,
            "current_ratio": 2093.53,
            "debt_ratio": 4.41,
            "inventory_turnover_ratio": 0.15,
            "account_receivable_turnover_ratio": 2.62,
            "reinvestment_rate": null,
            "research_to_sale_ratio": 142.42,
            "price_fair": 0,
            "eps_avg_yearly": 0,
            "eps_latest_yearly": 0,
            "eps_growth_yearly": 0
        },
        "20183": {
            "year_quarter": 20183,
            "year": 2018,
            "quarter": 3,
            "eps": -0.23,
            "eps_growth_year": null,
            "eps_4q": -1.18,
            "eps_4q_growth_year": null,
            "roe": -2.6,
            "roe_4q": -10.260000000000002,
            "gross_profit": 11265,
            "gross_margin": 44.35,
            "gross_margin_4q_avg": 52.51,
            "net_income": -53642,
            "revenue": 25403,
            "common_shares": 1636164,
            "book_valuer_per_share": 9.61,
            "book_valuer_per_share_4q_avg": 9.97,
            "equity": 2036147,
            "current_ratio": 1418.36,
            "debt_ratio": 5.44,
            "inventory_turnover_ratio": 0.15,
            "account_receivable_turnover_ratio": 2.01,
            "reinvestment_rate": null,
            "research_to_sale_ratio": 158.8,
            "price_fair": 0,
            "eps_avg_yearly": 0,
            "eps_latest_yearly": 0,
            "eps_growth_yearly": 0
        },
        "20184": {
            "year_quarter": 20184,
            "year": 2018,
            "quarter": 4,
            "eps": -0.5,
            "eps_growth_year": null,
            "eps_4q": -1.12,
            "eps_4q_growth_year": null,
            "roe": -4.88,
            "roe_4q": -10.24,
            "gross_profit": 15290,
            "gross_margin": 63.48,
            "gross_margin_4q_avg": 51.53,
            "net_income": -97094,
            "revenue": 24085,
            "common_shares": 1636164,
            "book_valuer_per_share": 8.93,
            "book_valuer_per_share_4q_avg": 9.63,
            "equity": 1944808,
            "current_ratio": 1200.05,
            "debt_ratio": 5.97,
            "inventory_turnover_ratio": 0.09,
            "account_receivable_turnover_ratio": 2.18,
            "reinvestment_rate": null,
            "research_to_sale_ratio": 199.99,
            "price_fair": 0,
            "eps_avg_yearly": 0,
            "eps_latest_yearly": 0,
            "eps_growth_yearly": 0
        },
        "20191": {
            "year_quarter": 20191,
            "year": 2019,
            "quarter": 1,
            "eps": -0.19,
            "eps_growth_year": null,
            "eps_4q": -1.1,
            "eps_4q_growth_year": null,
            "roe": -2.01,
            "roe_4q": -11.280000000000001,
            "gross_profit": 20313,
            "gross_margin": 65.48,
            "gross_margin_4q_avg": 55.29,
            "net_income": -38795,
            "revenue": 31020,
            "common_shares": 1636164,
            "book_valuer_per_share": 8.84,
            "book_valuer_per_share_4q_avg": 9.31,
            "equity": 1921198,
            "current_ratio": 1447.18,
            "debt_ratio": 5.6,
            "inventory_turnover_ratio": 0.11,
            "account_receivable_turnover_ratio": 3.31,
            "reinvestment_rate": null,
            "research_to_sale_ratio": 130.11,
            "price_fair": 0,
            "eps_avg_yearly": 0,
            "eps_latest_yearly": 0,
            "eps_growth_yearly": 0
        },
        "20192": {
            "year_quarter": 20192,
            "year": 2019,
            "quarter": 2,
            "eps": -0.15,
            "eps_growth_year": null,
            "eps_4q": -1.08,
            "eps_4q_growth_year": null,
            "roe": -1.37,
            "roe_4q": -10.86,
            "gross_profit": 23617,
            "gross_margin": 71.9,
            "gross_margin_4q_avg": 61.3,
            "net_income": -26074,
            "revenue": 32846,
            "common_shares": 1636164,
            "book_valuer_per_share": 8.65,
            "book_valuer_per_share_4q_avg": 9.01,
            "equity": 1886514,
            "current_ratio": 1680.84,
            "debt_ratio": 4.92,
            "inventory_turnover_ratio": 0.1,
            "account_receivable_turnover_ratio": 3.6,
            "reinvestment_rate": null,
            "research_to_sale_ratio": 108.8,
            "price_fair": 0,
            "eps_avg_yearly": 0,
            "eps_latest_yearly": 0,
            "eps_growth_yearly": 0
        },
        "20193": {
            "year_quarter": 20193,
            "year": 2019,
            "quarter": 3,
            "eps": -0.24,
            "eps_growth_year": null,
            "eps_4q": -1.08,
            "eps_4q_growth_year": null,
            "roe": -2.64,
            "roe_4q": -10.899999999999999,
            "gross_profit": 11665,
            "gross_margin": 66.68,
            "gross_margin_4q_avg": 66.89,
            "net_income": -49120,
            "revenue": 17494,
            "common_shares": 1636164,
            "book_valuer_per_share": 8.41,
            "book_valuer_per_share_4q_avg": 8.71,
            "equity": 1837175,
            "current_ratio": 1083.13,
            "debt_ratio": 6.28,
            "inventory_turnover_ratio": 0.06,
            "account_receivable_turnover_ratio": 2.56,
            "reinvestment_rate": null,
            "research_to_sale_ratio": 239.65,
            "price_fair": 0,
            "eps_avg_yearly": 0,
            "eps_latest_yearly": 0,
            "eps_growth_yearly": 0
        },
        "20194": {
            "year_quarter": 20194,
            "year": 2019,
            "quarter": 4,
            "eps": -0.46,
            "eps_growth_year": null,
            "eps_4q": -1.04,
            "eps_4q_growth_year": null,
            "roe": -5.06,
            "roe_4q": -11.08,
            "gross_profit": 7984,
            "gross_margin": 56.52,
            "gross_margin_4q_avg": 65.15,
            "net_income": -90777,
            "revenue": 14125,
            "common_shares": 1636164,
            "book_valuer_per_share": 7.96,
            "book_valuer_per_share_4q_avg": 8.47,
            "equity": 1751746,
            "current_ratio": 912.02,
            "debt_ratio": 6.92,
            "inventory_turnover_ratio": 0.05,
            "account_receivable_turnover_ratio": 2.81,
            "reinvestment_rate": null,
            "research_to_sale_ratio": 326.03,
            "price_fair": 0,
            "eps_avg_yearly": 0,
            "eps_latest_yearly": 0,
            "eps_growth_yearly": 0
        },
        "20201": {
            "year_quarter": 20201,
            "year": 2020,
            "quarter": 1,
            "eps": -0.22,
            "eps_growth_year": null,
            "eps_4q": -1.07,
            "eps_4q_growth_year": null,
            "roe": -2.84,
            "roe_4q": -11.91,
            "gross_profit": 8377,
            "gross_margin": 62.24,
            "gross_margin_4q_avg": 64.34,
            "net_income": -48405,
            "revenue": 13460,
            "common_shares": 1636164,
            "book_valuer_per_share": 7.49,
            "book_valuer_per_share_4q_avg": 8.13,
            "equity": 1655604,
            "current_ratio": 964.23,
            "debt_ratio": 6.52,
            "inventory_turnover_ratio": 0.04,
            "account_receivable_turnover_ratio": 2.82,
            "reinvestment_rate": null,
            "research_to_sale_ratio": 261.48,
            "price_fair": 0,
            "eps_avg_yearly": 0,
            "eps_latest_yearly": 0,
            "eps_growth_yearly": 0
        },
        "20202": {
            "year_quarter": 20202,
            "year": 2020,
            "quarter": 2,
            "eps": 0.02,
            "eps_growth_year": null,
            "eps_4q": -0.9,
            "eps_4q_growth_year": null,
            "roe": -0.16,
            "roe_4q": -10.7,
            "gross_profit": 13543,
            "gross_margin": 58.97,
            "gross_margin_4q_avg": 61.1,
            "net_income": -2649,
            "revenue": 22965,
            "common_shares": 1636164,
            "book_valuer_per_share": 7.89,
            "book_valuer_per_share_4q_avg": 7.94,
            "equity": 1719526,
            "current_ratio": 1174.7,
            "debt_ratio": 6.5,
            "inventory_turnover_ratio": 0.07,
            "account_receivable_turnover_ratio": 4.11,
            "reinvestment_rate": null,
            "research_to_sale_ratio": 142.6,
            "price_fair": 0,
            "eps_avg_yearly": 0,
            "eps_latest_yearly": 0,
            "eps_growth_yearly": 0
        },
        "20203": {
            "year_quarter": 20203,
            "year": 2020,
            "quarter": 3,
            "eps": -0.18,
            "eps_growth_year": null,
            "eps_4q": -0.84,
            "eps_4q_growth_year": null,
            "roe": -2.11,
            "roe_4q": -10.169999999999998,
            "gross_profit": 7236,
            "gross_margin": 30.65,
            "gross_margin_4q_avg": 52.1,
            "net_income": -36214,
            "revenue": 23612,
            "common_shares": 1636189,
            "book_valuer_per_share": 7.87,
            "book_valuer_per_share_4q_avg": 7.8,
            "equity": 1712166,
            "current_ratio": 1026.4,
            "debt_ratio": 6.76,
            "inventory_turnover_ratio": 0.11,
            "account_receivable_turnover_ratio": 2.3,
            "reinvestment_rate": null,
            "research_to_sale_ratio": 121.68,
            "price_fair": 0,
            "eps_avg_yearly": 0,
            "eps_latest_yearly": 0,
            "eps_growth_yearly": 0
        },
        "20204": {
            "year_quarter": 20204,
            "year": 2020,
            "quarter": 4,
            "eps": -0.16,
            "eps_growth_year": null,
            "eps_4q": -0.54,
            "eps_4q_growth_year": null,
            "roe": -1.84,
            "roe_4q": -6.95,
            "gross_profit": 16347,
            "gross_margin": 51.45,
            "gross_margin_4q_avg": 50.83,
            "net_income": -31387,
            "revenue": 31773,
            "common_shares": 1636189,
            "book_valuer_per_share": 7.85,
            "book_valuer_per_share_4q_avg": 7.78,
            "equity": 1702122,
            "current_ratio": 1244.29,
            "debt_ratio": 5.94,
            "inventory_turnover_ratio": 0.1,
            "account_receivable_turnover_ratio": 2.39,
            "reinvestment_rate": null,
            "research_to_sale_ratio": 88.28,
            "price_fair": 0,
            "eps_avg_yearly": 0,
            "eps_latest_yearly": 0,
            "eps_growth_yearly": 0
        },
        "20211": {
            "year_quarter": 20211,
            "year": 2021,
            "quarter": 1,
            "eps": -0.14,
            "eps_growth_year": null,
            "eps_4q": -0.4,
            "eps_4q_growth_year": null,
            "roe": -1.71,
            "roe_4q": -5.82,
            "gross_profit": 10578,
            "gross_margin": 42.02,
            "gross_margin_4q_avg": 45.77,
            "net_income": -35038,
            "revenue": 25173,
            "common_shares": 1986189,
            "book_valuer_per_share": 10.04,
            "book_valuer_per_share_4q_avg": 8.41,
            "equity": 2406185,
            "current_ratio": 2231.06,
            "debt_ratio": 4.58,
            "inventory_turnover_ratio": 0.09,
            "account_receivable_turnover_ratio": 1.7,
            "reinvestment_rate": null,
            "research_to_sale_ratio": 93.65,
            "price_fair": 0,
            "eps_avg_yearly": 0,
            "eps_latest_yearly": 0,
            "eps_growth_yearly": 0
        },
        "20212": {
            "year_quarter": 20212,
            "year": 2021,
            "quarter": 2,
            "eps": -0.13,
            "eps_growth_year": -750,
            "eps_4q": -0.54,
            "eps_4q_growth_year": null,
            "roe": -1.33,
            "roe_4q": -6.99,
            "gross_profit": 21067,
            "gross_margin": 38.16,
            "gross_margin_4q_avg": 40.57,
            "net_income": -32127,
            "revenue": 55210,
            "common_shares": 1986189,
            "book_valuer_per_share": 10.1,
            "book_valuer_per_share_4q_avg": 8.97,
            "equity": 2416197,
            "current_ratio": 2366.05,
            "debt_ratio": 4.24,
            "inventory_turnover_ratio": 0.24,
            "account_receivable_turnover_ratio": 1.96,
            "reinvestment_rate": null,
            "research_to_sale_ratio": 64.74,
            "price_fair": 0,
            "eps_avg_yearly": 0,
            "eps_latest_yearly": 0,
            "eps_growth_yearly": 0
        },
        "20213": {
            "year_quarter": 20213,
            "year": 2021,
            "quarter": 3,
            "eps": 0.04,
            "eps_growth_year": null,
            "eps_4q": -0.36,
            "eps_4q_growth_year": null,
            "roe": 0.34,
            "roe_4q": -4.54,
            "gross_profit": 23356,
            "gross_margin": 48.73,
            "gross_margin_4q_avg": 45.09,
            "net_income": 8318,
            "revenue": 47930,
            "common_shares": 1986189,
            "book_valuer_per_share": 10.09,
            "book_valuer_per_share_4q_avg": 9.52,
            "equity": 2414140,
            "current_ratio": 2576.67,
            "debt_ratio": 3.67,
            "inventory_turnover_ratio": 0.17,
            "account_receivable_turnover_ratio": 1.53,
            "reinvestment_rate": null,
            "research_to_sale_ratio": 34.34,
            "price_fair": 0,
            "eps_avg_yearly": 0,
            "eps_latest_yearly": 0,
            "eps_growth_yearly": 0
        },
        "20214": {
            "year_quarter": 20214,
            "year": 2021,
            "quarter": 4,
            "eps": -0.17,
            "eps_growth_year": null,
            "eps_4q": -0.39,
            "eps_4q_growth_year": null,
            "roe": -1.53,
            "roe_4q": -4.23,
            "gross_profit": 23312,
            "gross_margin": 57.39,
            "gross_margin_4q_avg": 46.58,
            "net_income": -36669,
            "revenue": 40623,
            "common_shares": 1986189,
            "book_valuer_per_share": 9.97,
            "book_valuer_per_share_4q_avg": 10.05,
            "equity": 2388554,
            "current_ratio": 2878.17,
            "debt_ratio": 3.3,
            "inventory_turnover_ratio": 0.11,
            "account_receivable_turnover_ratio": 1.86,
            "reinvestment_rate": null,
            "research_to_sale_ratio": 110.01,
            "price_fair": 0,
            "eps_avg_yearly": 0,
            "eps_latest_yearly": 0,
            "eps_growth_yearly": 0
        },
        "20221": {
            "year_quarter": 20221,
            "year": 2022,
            "quarter": 1,
            "eps": -0.14,
            "eps_growth_year": null,
            "eps_4q": -0.41,
            "eps_4q_growth_year": null,
            "roe": -1.44,
            "roe_4q": -3.96,
            "gross_profit": 16829,
            "gross_margin": 48.14,
            "gross_margin_4q_avg": 48.11,
            "net_income": -34156,
            "revenue": 34961,
            "common_shares": 1986189,
            "book_valuer_per_share": 9.88,
            "book_valuer_per_share_4q_avg": 10.01,
            "equity": 2365476,
            "current_ratio": 4376.63,
            "debt_ratio": 2.47,
            "inventory_turnover_ratio": 0.13,
            "account_receivable_turnover_ratio": 1.49,
            "reinvestment_rate": null,
            "research_to_sale_ratio": 90.77,
            "price_fair": 0,
            "eps_avg_yearly": 0,
            "eps_latest_yearly": 0,
            "eps_growth_yearly": 0
        },
        "20222": {
            "year_quarter": 20222,
            "year": 2022,
            "quarter": 2,
            "eps": -0.1,
            "eps_growth_year": null,
            "eps_4q": -0.36,
            "eps_4q_growth_year": null,
            "roe": -1.11,
            "roe_4q": -3.74,
            "gross_profit": 12548,
            "gross_margin": 38.15,
            "gross_margin_4q_avg": 48.1,
            "net_income": -25845,
            "revenue": 32892,
            "common_shares": 1986189,
            "book_valuer_per_share": 9.56,
            "book_valuer_per_share_4q_avg": 9.88,
            "equity": 2297485,
            "current_ratio": 3678.17,
            "debt_ratio": 2.78,
            "inventory_turnover_ratio": 0.15,
            "account_receivable_turnover_ratio": 1.31,
            "reinvestment_rate": null,
            "research_to_sale_ratio": 57.9,
            "price_fair": 0,
            "eps_avg_yearly": 0,
            "eps_latest_yearly": 0,
            "eps_growth_yearly": 0
        },
        "20223": {
            "year_quarter": 20223,
            "year": 2022,
            "quarter": 3,
            "eps": 0.02,
            "eps_growth_year": -50,
            "eps_4q": -0.38,
            "eps_4q_growth_year": null,
            "roe": -0.22,
            "roe_4q": -4.3,
            "gross_profit": 13413,
            "gross_margin": 39.69,
            "gross_margin_4q_avg": 45.84,
            "net_income": -5075,
            "revenue": 33798,
            "common_shares": 1986189,
            "book_valuer_per_share": 9.66,
            "book_valuer_per_share_4q_avg": 9.77,
            "equity": 2304121,
            "current_ratio": 3709.8,
            "debt_ratio": 2.71,
            "inventory_turnover_ratio": 0.14,
            "account_receivable_turnover_ratio": 1.38,
            "reinvestment_rate": null,
            "research_to_sale_ratio": 73.1,
            "price_fair": 0,
            "eps_avg_yearly": 0,
            "eps_latest_yearly": 0,
            "eps_growth_yearly": 0
        },
        "20224": {
            "year_quarter": 20224,
            "year": 2022,
            "quarter": 4,
            "eps": -0.18,
            "eps_growth_year": null,
            "eps_4q": -0.4,
            "eps_4q_growth_year": null,
            "roe": -2.17,
            "roe_4q": -4.9399999999999995,
            "gross_profit": 14242,
            "gross_margin": 42.12,
            "gross_margin_4q_avg": 42.03,
            "net_income": -49647,
            "revenue": 33814,
            "common_shares": 1986189,
            "book_valuer_per_share": 9.61,
            "book_valuer_per_share_4q_avg": 9.68,
            "equity": 2277453,
            "current_ratio": 2524.98,
            "debt_ratio": 3.69,
            "inventory_turnover_ratio": 0.13,
            "account_receivable_turnover_ratio": 1.32,
            "reinvestment_rate": null,
            "research_to_sale_ratio": 130.23,
            "price_fair": 0,
            "eps_avg_yearly": 0,
            "eps_latest_yearly": 0,
            "eps_growth_yearly": 0
        },
        "20231": {
            "year_quarter": 20231,
            "year": 2023,
            "quarter": 1,
            "eps": -0.04,
            "eps_growth_year": null,
            "eps_4q": -0.29,
            "eps_4q_growth_year": null,
            "roe": -0.7,
            "roe_4q": -4.2,
            "gross_profit": 13175,
            "gross_margin": 39.97,
            "gross_margin_4q_avg": 39.98,
            "net_income": -15895,
            "revenue": 32962,
            "common_shares": 1986189,
            "book_valuer_per_share": 9.6,
            "book_valuer_per_share_4q_avg": 9.61,
            "equity": 2269013,
            "current_ratio": 3049.28,
            "debt_ratio": 3.18,
            "inventory_turnover_ratio": 0.12,
            "account_receivable_turnover_ratio": 1.22,
            "reinvestment_rate": null,
            "research_to_sale_ratio": 42.35,
            "price_fair": 0,
            "eps_avg_yearly": 0,
            "eps_latest_yearly": 0,
            "eps_growth_yearly": 0
        },
        "20232": {
            "year_quarter": 20232,
            "year": 2023,
            "quarter": 2,
            "eps": -0.07,
            "eps_growth_year": null,
            "eps_4q": -0.28,
            "eps_4q_growth_year": null,
            "roe": -0.98,
            "roe_4q": -4.069999999999999,
            "gross_profit": 16415,
            "gross_margin": 41.65,
            "gross_margin_4q_avg": 40.86,
            "net_income": -22486,
            "revenue": 39408,
            "common_shares": 1986189,
            "book_valuer_per_share": 9.83,
            "book_valuer_per_share_4q_avg": 9.68,
            "equity": 2308307,
            "current_ratio": 2628.84,
            "debt_ratio": 3.28,
            "inventory_turnover_ratio": 0.14,
            "account_receivable_turnover_ratio": 1.3,
            "reinvestment_rate": null,
            "research_to_sale_ratio": 51.26,
            "price_fair": 0,
            "eps_avg_yearly": 0,
            "eps_latest_yearly": 0,
            "eps_growth_yearly": 0
        }
    },
    "months": {
        "2002-05": {
            "month": "2002-05",
            "price": "45.04",
            "revenue": 0
        },
        "2002-06": {
            "month": "2002-06",
            "price": "40.06",
            "revenue": 0
        },
        "2002-07": {
            "month": "2002-07",
            "price": "32.51",
            "revenue": 5
        },
        "2002-08": {
            "month": "2002-08",
            "price": "32.12",
            "revenue": 5
        },
        "2002-09": {
            "month": "2002-09",
            "price": "30.16",
            "revenue": 5
        },
        "2002-10": {
            "month": "2002-10",
            "price": "27.15",
            "revenue": 5
        },
        "2002-11": {
            "month": "2002-11",
            "price": "27.26",
            "revenue": 5
        },
        "2002-12": {
            "month": "2002-12",
            "price": "27.30",
            "revenue": 194
        },
        "2003-01": {
            "month": "2003-01",
            "price": "26.76",
            "revenue": 5
        },
        "2003-02": {
            "month": "2003-02",
            "price": "28.18",
            "revenue": 20
        },
        "2003-03": {
            "month": "2003-03",
            "price": "21.42",
            "revenue": 20
        },
        "2003-04": {
            "month": "2003-04",
            "price": "22.12",
            "revenue": 5
        },
        "2003-05": {
            "month": "2003-05",
            "price": "21.17",
            "revenue": 5
        },
        "2003-06": {
            "month": "2003-06",
            "price": "21.32",
            "revenue": 5
        },
        "2003-07": {
            "month": "2003-07",
            "price": "20.90",
            "revenue": 5
        },
        "2003-08": {
            "month": "2003-08",
            "price": "20.15",
            "revenue": 47
        },
        "2003-09": {
            "month": "2003-09",
            "price": "19.11",
            "revenue": 5
        },
        "2003-10": {
            "month": "2003-10",
            "price": "22.07",
            "revenue": 10787
        },
        "2003-11": {
            "month": "2003-11",
            "price": "25.10",
            "revenue": 233
        },
        "2003-12": {
            "month": "2003-12",
            "price": "28.05",
            "revenue": 49
        },
        "2004-01": {
            "month": "2004-01",
            "price": "28.77",
            "revenue": 47
        },
        "2004-02": {
            "month": "2004-02",
            "price": "29.66",
            "revenue": 93
        },
        "2004-03": {
            "month": "2004-03",
            "price": "26.77",
            "revenue": 10548
        },
        "2004-04": {
            "month": "2004-04",
            "price": "28.09",
            "revenue": 141
        },
        "2004-05": {
            "month": "2004-05",
            "price": "25.34",
            "revenue": 24
        },
        "2004-06": {
            "month": "2004-06",
            "price": "21.63",
            "revenue": 102
        },
        "2004-07": {
            "month": "2004-07",
            "price": "21.40",
            "revenue": 124
        },
        "2004-08": {
            "month": "2004-08",
            "price": "21.58",
            "revenue": 41
        },
        "2004-09": {
            "month": "2004-09",
            "price": "20.31",
            "revenue": 61
        },
        "2004-10": {
            "month": "2004-10",
            "price": "20.20",
            "revenue": 57
        },
        "2004-11": {
            "month": "2004-11",
            "price": "20.48",
            "revenue": 160
        },
        "2004-12": {
            "month": "2004-12",
            "price": "21.10",
            "revenue": 29043
        },
        "2005-01": {
            "month": "2005-01",
            "price": "28.52",
            "revenue": 74
        },
        "2005-02": {
            "month": "2005-02",
            "price": "41.55",
            "revenue": 72
        },
        "2005-03": {
            "month": "2005-03",
            "price": "33.89",
            "revenue": 31054
        },
        "2005-04": {
            "month": "2005-04",
            "price": "32.67",
            "revenue": 31382
        },
        "2005-05": {
            "month": "2005-05",
            "price": "31.98",
            "revenue": 77
        },
        "2005-06": {
            "month": "2005-06",
            "price": "30.42",
            "revenue": 74
        },
        "2005-07": {
            "month": "2005-07",
            "price": "31.18",
            "revenue": 1087
        },
        "2005-08": {
            "month": "2005-08",
            "price": "31.44",
            "revenue": 32660
        },
        "2005-09": {
            "month": "2005-09",
            "price": "30.03",
            "revenue": -124
        },
        "2005-10": {
            "month": "2005-10",
            "price": "29.67",
            "revenue": 17831
        },
        "2005-11": {
            "month": "2005-11",
            "price": "27.78",
            "revenue": 1012
        },
        "2005-12": {
            "month": "2005-12",
            "price": "25.56",
            "revenue": -354
        },
        "2006-01": {
            "month": "2006-01",
            "price": "23.27",
            "revenue": 450
        },
        "2006-02": {
            "month": "2006-02",
            "price": "22.91",
            "revenue": 297
        },
        "2006-03": {
            "month": "2006-03",
            "price": "21.55",
            "revenue": 1999
        },
        "2006-04": {
            "month": "2006-04",
            "price": "20.64",
            "revenue": 2112
        },
        "2006-05": {
            "month": "2006-05",
            "price": "22.55",
            "revenue": 2137
        },
        "2006-06": {
            "month": "2006-06",
            "price": "22.43",
            "revenue": 67781
        },
        "2006-07": {
            "month": "2006-07",
            "price": "23.09",
            "revenue": 4623
        },
        "2006-08": {
            "month": "2006-08",
            "price": "21.79",
            "revenue": 2109
        },
        "2006-09": {
            "month": "2006-09",
            "price": "21.08",
            "revenue": 67606
        },
        "2006-10": {
            "month": "2006-10",
            "price": "24.00",
            "revenue": 1944
        },
        "2006-11": {
            "month": "2006-11",
            "price": "23.96",
            "revenue": 2583
        },
        "2006-12": {
            "month": "2006-12",
            "price": "25.61",
            "revenue": 2079
        },
        "2007-01": {
            "month": "2007-01",
            "price": "27.25",
            "revenue": 2039
        },
        "2007-02": {
            "month": "2007-02",
            "price": "26.41",
            "revenue": 1971
        },
        "2007-03": {
            "month": "2007-03",
            "price": "26.91",
            "revenue": 1982
        },
        "2007-04": {
            "month": "2007-04",
            "price": "35.60",
            "revenue": 1440
        },
        "2007-05": {
            "month": "2007-05",
            "price": "57.74",
            "revenue": 2531
        },
        "2007-06": {
            "month": "2007-06",
            "price": "59.96",
            "revenue": 2254
        },
        "2007-07": {
            "month": "2007-07",
            "price": "66.11",
            "revenue": 1659
        },
        "2007-08": {
            "month": "2007-08",
            "price": "57.34",
            "revenue": 1760
        },
        "2007-09": {
            "month": "2007-09",
            "price": "55.96",
            "revenue": 1474
        },
        "2007-10": {
            "month": "2007-10",
            "price": "64.15",
            "revenue": 1166
        },
        "2007-11": {
            "month": "2007-11",
            "price": "61.19",
            "revenue": 131069
        },
        "2007-12": {
            "month": "2007-12",
            "price": "57.61",
            "revenue": 2011
        },
        "2008-01": {
            "month": "2008-01",
            "price": "46.50",
            "revenue": 1691
        },
        "2008-02": {
            "month": "2008-02",
            "price": "36.71",
            "revenue": 1798
        },
        "2008-03": {
            "month": "2008-03",
            "price": "42.71",
            "revenue": 1482
        },
        "2008-04": {
            "month": "2008-04",
            "price": "48.71",
            "revenue": 2007
        },
        "2008-05": {
            "month": "2008-05",
            "price": "52.72",
            "revenue": 1411
        },
        "2008-06": {
            "month": "2008-06",
            "price": "41.43",
            "revenue": 1465
        },
        "2008-07": {
            "month": "2008-07",
            "price": "43.61",
            "revenue": 1659
        },
        "2008-08": {
            "month": "2008-08",
            "price": "43.58",
            "revenue": 1709
        },
        "2008-09": {
            "month": "2008-09",
            "price": "33.65",
            "revenue": 1627
        },
        "2008-10": {
            "month": "2008-10",
            "price": "39.01",
            "revenue": 1515
        },
        "2008-11": {
            "month": "2008-11",
            "price": "39.57",
            "revenue": 2002
        },
        "2008-12": {
            "month": "2008-12",
            "price": "40.18",
            "revenue": 2044
        },
        "2009-01": {
            "month": "2009-01",
            "price": "40.33",
            "revenue": 1826
        },
        "2009-02": {
            "month": "2009-02",
            "price": "40.07",
            "revenue": 1520
        },
        "2009-03": {
            "month": "2009-03",
            "price": "44.29",
            "revenue": 1488
        },
        "2009-04": {
            "month": "2009-04",
            "price": "52.12",
            "revenue": 1353
        },
        "2009-05": {
            "month": "2009-05",
            "price": "50.88",
            "revenue": 1529
        },
        "2009-06": {
            "month": "2009-06",
            "price": "44.55",
            "revenue": 1495
        },
        "2009-07": {
            "month": "2009-07",
            "price": "47.50",
            "revenue": 1647
        },
        "2009-08": {
            "month": "2009-08",
            "price": "50.53",
            "revenue": 1373
        },
        "2009-09": {
            "month": "2009-09",
            "price": "50.96",
            "revenue": 1501
        },
        "2009-10": {
            "month": "2009-10",
            "price": "49.02",
            "revenue": 1828
        },
        "2009-11": {
            "month": "2009-11",
            "price": "44.20",
            "revenue": 2095
        },
        "2009-12": {
            "month": "2009-12",
            "price": "43.55",
            "revenue": 1815
        },
        "2010-01": {
            "month": "2010-01",
            "price": "41.40",
            "revenue": 1995
        },
        "2010-02": {
            "month": "2010-02",
            "price": "36.34",
            "revenue": 2187
        },
        "2010-03": {
            "month": "2010-03",
            "price": "40.11",
            "revenue": 1160
        },
        "2010-04": {
            "month": "2010-04",
            "price": "53.38",
            "revenue": 9972
        },
        "2010-05": {
            "month": "2010-05",
            "price": "47.03",
            "revenue": 8689
        },
        "2010-06": {
            "month": "2010-06",
            "price": "45.94",
            "revenue": 7104
        },
        "2010-07": {
            "month": "2010-07",
            "price": "50.39",
            "revenue": 6548
        },
        "2010-08": {
            "month": "2010-08",
            "price": "50.68",
            "revenue": 6935
        },
        "2010-09": {
            "month": "2010-09",
            "price": "50.25",
            "revenue": 13394
        },
        "2010-10": {
            "month": "2010-10",
            "price": "51.24",
            "revenue": 10867
        },
        "2010-11": {
            "month": "2010-11",
            "price": "47.29",
            "revenue": 12800
        },
        "2010-12": {
            "month": "2010-12",
            "price": "47.89",
            "revenue": 25312
        },
        "2011-01": {
            "month": "2011-01",
            "price": "47.65",
            "revenue": 5824
        },
        "2011-02": {
            "month": "2011-02",
            "price": "46.87",
            "revenue": 5796
        },
        "2011-03": {
            "month": "2011-03",
            "price": "50.21",
            "revenue": 13392
        },
        "2011-04": {
            "month": "2011-04",
            "price": "53.70",
            "revenue": 14717
        },
        "2011-05": {
            "month": "2011-05",
            "price": "52.82",
            "revenue": 11611
        },
        "2011-06": {
            "month": "2011-06",
            "price": "49.95",
            "revenue": 11980
        },
        "2011-07": {
            "month": "2011-07",
            "price": "48.82",
            "revenue": 11902
        },
        "2011-08": {
            "month": "2011-08",
            "price": "42.25",
            "revenue": 12092
        },
        "2011-09": {
            "month": "2011-09",
            "price": "37.21",
            "revenue": 14158
        },
        "2011-10": {
            "month": "2011-10",
            "price": "34.46",
            "revenue": 14197
        },
        "2011-11": {
            "month": "2011-11",
            "price": "34.69",
            "revenue": 14619
        },
        "2011-12": {
            "month": "2011-12",
            "price": "30.32",
            "revenue": 26295
        },
        "2012-01": {
            "month": "2012-01",
            "price": "31.76",
            "revenue": 6151
        },
        "2012-02": {
            "month": "2012-02",
            "price": "38.13",
            "revenue": 6248
        },
        "2012-03": {
            "month": "2012-03",
            "price": "39.44",
            "revenue": 14630
        },
        "2012-04": {
            "month": "2012-04",
            "price": "40.44",
            "revenue": 19293
        },
        "2012-05": {
            "month": "2012-05",
            "price": "41.16",
            "revenue": 20308
        },
        "2012-06": {
            "month": "2012-06",
            "price": "39.61",
            "revenue": 14813
        },
        "2012-07": {
            "month": "2012-07",
            "price": "41.61",
            "revenue": 15256
        },
        "2012-08": {
            "month": "2012-08",
            "price": "43.99",
            "revenue": 15537
        },
        "2012-09": {
            "month": "2012-09",
            "price": "51.23",
            "revenue": 15852
        },
        "2012-10": {
            "month": "2012-10",
            "price": "51.83",
            "revenue": 16168
        },
        "2012-11": {
            "month": "2012-11",
            "price": "45.32",
            "revenue": 16191
        },
        "2012-12": {
            "month": "2012-12",
            "price": "49.17",
            "revenue": 16201
        },
        "2013-01": {
            "month": "2013-01",
            "price": "47.92",
            "revenue": 16330
        },
        "2013-02": {
            "month": "2013-02",
            "price": "49.75",
            "revenue": 12577
        },
        "2013-03": {
            "month": "2013-03",
            "price": "50.36",
            "revenue": 15224
        },
        "2013-04": {
            "month": "2013-04",
            "price": "47.94",
            "revenue": 15318
        },
        "2013-05": {
            "month": "2013-05",
            "price": "46.59",
            "revenue": 15682
        },
        "2013-06": {
            "month": "2013-06",
            "price": "43.80",
            "revenue": 15759
        },
        "2013-07": {
            "month": "2013-07",
            "price": "42.11",
            "revenue": 8597
        },
        "2013-08": {
            "month": "2013-08",
            "price": "41.07",
            "revenue": 8697
        },
        "2013-09": {
            "month": "2013-09",
            "price": "41.38",
            "revenue": 8864
        },
        "2013-10": {
            "month": "2013-10",
            "price": "43.26",
            "revenue": 8949
        },
        "2013-11": {
            "month": "2013-11",
            "price": "40.29",
            "revenue": 9024
        },
        "2013-12": {
            "month": "2013-12",
            "price": "38.58",
            "revenue": 9967
        },
        "2014-01": {
            "month": "2014-01",
            "price": "37.82",
            "revenue": 9162
        },
        "2014-02": {
            "month": "2014-02",
            "price": "40.42",
            "revenue": 9192
        },
        "2014-03": {
            "month": "2014-03",
            "price": "39.68",
            "revenue": 9235
        },
        "2014-04": {
            "month": "2014-04",
            "price": "40.15",
            "revenue": 9242
        },
        "2014-05": {
            "month": "2014-05",
            "price": "38.40",
            "revenue": 9253
        },
        "2014-06": {
            "month": "2014-06",
            "price": "40.17",
            "revenue": 9300
        },
        "2014-07": {
            "month": "2014-07",
            "price": "40.43",
            "revenue": 9328
        },
        "2014-08": {
            "month": "2014-08",
            "price": "36.68",
            "revenue": 9379
        },
        "2014-09": {
            "month": "2014-09",
            "price": "36.84",
            "revenue": 9484
        },
        "2014-10": {
            "month": "2014-10",
            "price": "34.22",
            "revenue": 1386
        },
        "2014-11": {
            "month": "2014-11",
            "price": "33.49",
            "revenue": 4319
        },
        "2014-12": {
            "month": "2014-12",
            "price": "33.80",
            "revenue": 1451
        },
        "2015-01": {
            "month": "2015-01",
            "price": "34.28",
            "revenue": 1537
        },
        "2015-02": {
            "month": "2015-02",
            "price": "33.69",
            "revenue": 1592
        },
        "2015-03": {
            "month": "2015-03",
            "price": "33.48",
            "revenue": 1647
        },
        "2015-04": {
            "month": "2015-04",
            "price": "28.80",
            "revenue": 1696
        },
        "2015-05": {
            "month": "2015-05",
            "price": "24.06",
            "revenue": 1747
        },
        "2015-06": {
            "month": "2015-06",
            "price": "20.05",
            "revenue": 1773
        },
        "2015-07": {
            "month": "2015-07",
            "price": "20.02",
            "revenue": 1786
        },
        "2015-08": {
            "month": "2015-08",
            "price": "15.36",
            "revenue": 1794
        },
        "2015-09": {
            "month": "2015-09",
            "price": "21.33",
            "revenue": 1807
        },
        "2015-10": {
            "month": "2015-10",
            "price": "28.20",
            "revenue": 1813
        },
        "2015-11": {
            "month": "2015-11",
            "price": "29.73",
            "revenue": 1818
        },
        "2015-12": {
            "month": "2015-12",
            "price": "28.52",
            "revenue": 1824
        },
        "2016-01": {
            "month": "2016-01",
            "price": "26.47",
            "revenue": 910
        },
        "2016-02": {
            "month": "2016-02",
            "price": "27.92",
            "revenue": 948
        },
        "2016-03": {
            "month": "2016-03",
            "price": "39.11",
            "revenue": 955
        },
        "2016-04": {
            "month": "2016-04",
            "price": "39.14",
            "revenue": 2024
        },
        "2016-05": {
            "month": "2016-05",
            "price": "36.02",
            "revenue": 2059
        },
        "2016-06": {
            "month": "2016-06",
            "price": "36.26",
            "revenue": 2077
        },
        "2016-07": {
            "month": "2016-07",
            "price": "34.46",
            "revenue": 2121
        },
        "2016-08": {
            "month": "2016-08",
            "price": "30.92",
            "revenue": 2400
        },
        "2016-09": {
            "month": "2016-09",
            "price": "31.52",
            "revenue": 2430
        },
        "2016-10": {
            "month": "2016-10",
            "price": "30.47",
            "revenue": 2468
        },
        "2016-11": {
            "month": "2016-11",
            "price": "29.17",
            "revenue": 3310
        },
        "2016-12": {
            "month": "2016-12",
            "price": "30.25",
            "revenue": 3319
        },
        "2017-01": {
            "month": "2017-01",
            "price": "30.02",
            "revenue": 2995
        },
        "2017-02": {
            "month": "2017-02",
            "price": "30.90",
            "revenue": 3058
        },
        "2017-03": {
            "month": "2017-03",
            "price": "30.72",
            "revenue": 1377
        },
        "2017-04": {
            "month": "2017-04",
            "price": "29.25",
            "revenue": 3307
        },
        "2017-05": {
            "month": "2017-05",
            "price": "28.11",
            "revenue": 3828
        },
        "2017-06": {
            "month": "2017-06",
            "price": "28.45",
            "revenue": 4131
        },
        "2017-07": {
            "month": "2017-07",
            "price": "28.04",
            "revenue": 4277
        },
        "2017-08": {
            "month": "2017-08",
            "price": "26.61",
            "revenue": 8278
        },
        "2017-09": {
            "month": "2017-09",
            "price": "26.63",
            "revenue": 6274
        },
        "2017-10": {
            "month": "2017-10",
            "price": "26.21",
            "revenue": 6161
        },
        "2017-11": {
            "month": "2017-11",
            "price": "25.16",
            "revenue": 4249
        },
        "2017-12": {
            "month": "2017-12",
            "price": "23.65",
            "revenue": 6061
        },
        "2018-01": {
            "month": "2018-01",
            "price": "23.60",
            "revenue": 12896
        },
        "2018-02": {
            "month": "2018-02",
            "price": "22.05",
            "revenue": 5696
        },
        "2018-03": {
            "month": "2018-03",
            "price": "23.56",
            "revenue": 10949
        },
        "2018-04": {
            "month": "2018-04",
            "price": "24.49",
            "revenue": 8587
        },
        "2018-05": {
            "month": "2018-05",
            "price": "23.05",
            "revenue": 12820
        },
        "2018-06": {
            "month": "2018-06",
            "price": "23.14",
            "revenue": 7047
        },
        "2018-07": {
            "month": "2018-07",
            "price": "22.75",
            "revenue": 9655
        },
        "2018-08": {
            "month": "2018-08",
            "price": "22.58",
            "revenue": 9039
        },
        "2018-09": {
            "month": "2018-09",
            "price": "22.13",
            "revenue": 6709
        },
        "2018-10": {
            "month": "2018-10",
            "price": "20.03",
            "revenue": 6082
        },
        "2018-11": {
            "month": "2018-11",
            "price": "17.99",
            "revenue": 10149
        },
        "2018-12": {
            "month": "2018-12",
            "price": "18.58",
            "revenue": 7854
        },
        "2019-01": {
            "month": "2019-01",
            "price": "18.37",
            "revenue": 6822
        },
        "2019-02": {
            "month": "2019-02",
            "price": "20.87",
            "revenue": 6984
        },
        "2019-03": {
            "month": "2019-03",
            "price": "21.83",
            "revenue": 17215
        },
        "2019-04": {
            "month": "2019-04",
            "price": "21.17",
            "revenue": 8128
        },
        "2019-05": {
            "month": "2019-05",
            "price": "19.54",
            "revenue": 7276
        },
        "2019-06": {
            "month": "2019-06",
            "price": "18.94",
            "revenue": 17441
        },
        "2019-07": {
            "month": "2019-07",
            "price": "20.13",
            "revenue": 6057
        },
        "2019-08": {
            "month": "2019-08",
            "price": "19.12",
            "revenue": 6703
        },
        "2019-09": {
            "month": "2019-09",
            "price": "19.44",
            "revenue": 4734
        },
        "2019-10": {
            "month": "2019-10",
            "price": "18.98",
            "revenue": 4477
        },
        "2019-11": {
            "month": "2019-11",
            "price": "18.65",
            "revenue": 4447
        },
        "2019-12": {
            "month": "2019-12",
            "price": "18.27",
            "revenue": 5201
        },
        "2020-01": {
            "month": "2020-01",
            "price": "17.62",
            "revenue": 3372
        },
        "2020-02": {
            "month": "2020-02",
            "price": "17.36",
            "revenue": 3298
        },
        "2020-03": {
            "month": "2020-03",
            "price": "14.24",
            "revenue": 6790
        },
        "2020-04": {
            "month": "2020-04",
            "price": "16.22",
            "revenue": 5348
        },
        "2020-05": {
            "month": "2020-05",
            "price": "19.92",
            "revenue": 10347
        },
        "2020-06": {
            "month": "2020-06",
            "price": "23.99",
            "revenue": 7268
        },
        "2020-07": {
            "month": "2020-07",
            "price": "31.82",
            "revenue": 6977
        },
        "2020-08": {
            "month": "2020-08",
            "price": "29.72",
            "revenue": 9481
        },
        "2020-09": {
            "month": "2020-09",
            "price": "27.36",
            "revenue": 7156
        },
        "2020-10": {
            "month": "2020-10",
            "price": "25.58",
            "revenue": 7778
        },
        "2020-11": {
            "month": "2020-11",
            "price": "24.40",
            "revenue": 8157
        },
        "2020-12": {
            "month": "2020-12",
            "price": "24.08",
            "revenue": 15838
        },
        "2021-01": {
            "month": "2021-01",
            "price": "25.97",
            "revenue": 7594
        },
        "2021-02": {
            "month": "2021-02",
            "price": "26.78",
            "revenue": 8232
        },
        "2021-03": {
            "month": "2021-03",
            "price": "28.07",
            "revenue": 9348
        },
        "2021-04": {
            "month": "2021-04",
            "price": "27.59",
            "revenue": 19106
        },
        "2021-05": {
            "month": "2021-05",
            "price": "25.77",
            "revenue": 16292
        },
        "2021-06": {
            "month": "2021-06",
            "price": "24.60",
            "revenue": 19812
        },
        "2021-07": {
            "month": "2021-07",
            "price": "23.02",
            "revenue": 17208
        },
        "2021-08": {
            "month": "2021-08",
            "price": "21.85",
            "revenue": 19215
        },
        "2021-09": {
            "month": "2021-09",
            "price": "22.20",
            "revenue": 11506
        },
        "2021-10": {
            "month": "2021-10",
            "price": "21.96",
            "revenue": 17371
        },
        "2021-11": {
            "month": "2021-11",
            "price": "22.74",
            "revenue": 11569
        },
        "2021-12": {
            "month": "2021-12",
            "price": "23.21",
            "revenue": 11700
        },
        "2022-01": {
            "month": "2022-01",
            "price": "21.86",
            "revenue": 11018
        },
        "2022-02": {
            "month": "2022-02",
            "price": "21.23",
            "revenue": 9591
        },
        "2022-03": {
            "month": "2022-03",
            "price": "20.53",
            "revenue": 14352
        },
        "2022-04": {
            "month": "2022-04",
            "price": "20.82",
            "revenue": 10867
        },
        "2022-05": {
            "month": "2022-05",
            "price": "19.89",
            "revenue": 11031
        },
        "2022-06": {
            "month": "2022-06",
            "price": "19.23",
            "revenue": 10995
        },
        "2022-07": {
            "month": "2022-07",
            "price": "18.29",
            "revenue": 8752
        },
        "2022-08": {
            "month": "2022-08",
            "price": "18.84",
            "revenue": 14316
        },
        "2022-09": {
            "month": "2022-09",
            "price": "19.82",
            "revenue": 10730
        },
        "2022-10": {
            "month": "2022-10",
            "price": "17.64",
            "revenue": 9531
        },
        "2022-11": {
            "month": "2022-11",
            "price": "18.18",
            "revenue": 13567
        },
        "2022-12": {
            "month": "2022-12",
            "price": "19.40",
            "revenue": 10716
        },
        "2023-01": {
            "month": "2023-01",
            "price": "18.91",
            "revenue": 8735
        },
        "2023-02": {
            "month": "2023-02",
            "price": "19.39",
            "revenue": 8713
        },
        "2023-03": {
            "month": "2023-03",
            "price": "18.98",
            "revenue": 15513
        },
        "2023-04": {
            "month": "2023-04",
            "price": "19.46",
            "revenue": 11692
        },
        "2023-05": {
            "month": "2023-05",
            "price": "21.43",
            "revenue": 12307
        },
        "2023-06": {
            "month": "2023-06",
            "price": "22.27",
            "revenue": 15410
        },
        "2023-07": {
            "month": "2023-07",
            "price": "23.22",
            "revenue": 11981
        },
        "2023-08": {
            "month": "2023-08",
            "price": "20.58",
            "revenue": 13798
        }
    }
}
