{
    "summary": {
        "stock_name": "加捷生醫",
        "stock_id": "4109",
        "category": "生技醫療",
        "main_business": "一、甲魚粉、甲魚蛋、甲魚油等甲魚食品加工製造銷售買賣業務。<br>二、甲魚加工買賣業務。",
        "website_url": "https://www.jiajiebio.com",
        "ceo": "曾茗絹",
        "pe_ratio": -51,
        "report_year_from": 2001,
        "report_year_to": 2023,
        "age": 22,
        "eps_negative_percentage": 22,
        "eps_growth_avg": {
            "last_all": -14.42,
            "last_2y": -100,
            "last_4y": -100,
            "last_8y": -50.34,
            "last_12y": -26.21,
            "last_16y": -20.95,
            "last_20y": -14.42,
            "at_2006_last_3y": 3.17,
            "at_2007_last_3y": -15.73,
            "at_2008_last_3y": -22.87,
            "at_2009_last_3y": -7.79,
            "at_2010_last_3y": -40.74,
            "at_2011_last_3y": -0.87,
            "at_2012_last_3y": 26.36,
            "at_2013_last_3y": 9.98,
            "at_2014_last_3y": 24.34,
            "at_2015_last_3y": 19.17,
            "at_2016_last_3y": -9.94,
            "at_2017_last_3y": -25.51,
            "at_2018_last_3y": -29.97,
            "at_2019_last_3y": -89.74,
            "at_2020_last_3y": -100,
            "at_2021_last_3y": -100,
            "at_2022_last_3y": -100,
            "at_2023_last_3y": -100,
            "at_2006_last_all": 19.18,
            "at_2007_last_all": 6.07,
            "at_2008_last_all": -3.61,
            "at_2009_last_all": 0.31,
            "at_2010_last_all": -7.45,
            "at_2011_last_all": 3.29,
            "at_2012_last_all": 7.29,
            "at_2013_last_all": 3.54,
            "at_2014_last_all": 2.33,
            "at_2015_last_all": 7.83,
            "at_2016_last_all": 2.69,
            "at_2017_last_all": -3.73,
            "at_2018_last_all": -3.73,
            "at_2019_last_all": -9.39,
            "at_2020_last_all": -9.39,
            "at_2021_last_all": -9.39,
            "at_2022_last_all": -14.42,
            "at_2023_last_all": -14.42
        },
        "latest_eps": -0.29,
        "latest_price": 14.8,
        "latest_roe": -2.91,
        "latest_gross_margin": 41.32,
        "latest_equity": 915805,
        "latest_revenue": 78260,
        "latest_gross_profit": 32335,
        "latest_net_income": -22557,
        "latest_debt_ratio": 7.9,
        "latest_current_ratio": 409.49,
        "latest_account_receivable_turnover_ratio": 6.75,
        "latest_inventory_turnover_ratio": 1.72,
        "latest_reinvestment_rate": null,
        "latest_research_to_sale_ratio": 2.78
    },
    "eps_dividends": {
        "2000": {
            "cash": 0,
            "stock": 0.08,
            "eps": 0
        },
        "2001": {
            "cash": 0,
            "stock": 0.06,
            "eps": 1.49
        },
        "2002": {
            "cash": 0,
            "stock": 0.1,
            "eps": 2.73
        },
        "2003": {
            "cash": 0,
            "stock": 2.25,
            "eps": 3.17
        },
        "2004": {
            "cash": 0,
            "stock": 1.93,
            "eps": 2.12
        },
        "2005": {
            "cash": 1.04,
            "stock": 0.52,
            "eps": 1.43
        },
        "2006": {
            "cash": 0.93,
            "stock": 0,
            "eps": 2.32
        },
        "2007": {
            "cash": 1.26,
            "stock": 0.36,
            "eps": 0.94
        },
        "2008": {
            "cash": 0.8,
            "stock": 0.3,
            "eps": 0.36
        },
        "2009": {
            "cash": 0.5,
            "stock": 0.2,
            "eps": 0.46
        },
        "2010": {
            "cash": 0.5,
            "stock": 0.3,
            "eps": 0.14
        },
        "2011": {
            "cash": 0,
            "stock": 0.6,
            "eps": 0.36
        },
        "2012": {
            "cash": 0,
            "stock": 0.8,
            "eps": 0.53
        },
        "2013": {
            "cash": 0.4,
            "stock": 0.4,
            "eps": 0.33
        },
        "2014": {
            "cash": 0.3,
            "stock": 0.4,
            "eps": 0.29
        },
        "2015": {
            "cash": 0.2,
            "stock": 0.4,
            "eps": 0.52
        },
        "2016": {
            "cash": 0.2,
            "stock": 0.5,
            "eps": 0.16
        },
        "2017": {
            "cash": 0.08,
            "stock": 0.4,
            "eps": -2.86
        },
        "2018": {
            "cash": 0,
            "stock": 0,
            "eps": 0.03
        },
        "2019": {
            "cash": 0,
            "stock": 0,
            "eps": -0.36
        },
        "2020": {
            "cash": 0,
            "stock": 0,
            "eps": -0.44
        },
        "2021": {
            "cash": 0,
            "stock": 0,
            "eps": 0.07
        },
        "2022": {
            "cash": 0,
            "stock": 0,
            "eps": -0.06
        },
        "2023": {
            "cash": 0,
            "stock": 0,
            "eps": -0.26
        }
    },
    "dividends": {
        "2000-05-04": {
            "cash": 0,
            "stock": 0.08
        },
        "2001-05-10": {
            "cash": 0,
            "stock": 0.06
        },
        "2002-06-13": {
            "cash": 0,
            "stock": 0.1
        },
        "2003-05-08": {
            "cash": 0,
            "stock": 2.25
        },
        "2004-02-19": {
            "cash": 0,
            "stock": 1.93
        },
        "2005-03-07": {
            "cash": 1.04,
            "stock": 0.52
        },
        "2006-03-16": {
            "cash": 0.93,
            "stock": 0
        },
        "2007-03-21": {
            "cash": 1.26,
            "stock": 0.36
        },
        "2008-04-07": {
            "cash": 0.8,
            "stock": 0.3
        },
        "2009-04-01": {
            "cash": 0.5,
            "stock": 0.2
        },
        "2010-03-18": {
            "cash": 0.5,
            "stock": 0.3
        },
        "2011-04-07": {
            "cash": 0,
            "stock": 0.6
        },
        "2012-06-28": {
            "cash": 0,
            "stock": 0.8
        },
        "2013-06-28": {
            "cash": 0.4,
            "stock": 0.4
        },
        "2014-11-06": {
            "cash": 0.3,
            "stock": 0.4
        },
        "2015-11-02": {
            "cash": 0.2,
            "stock": 0.4
        },
        "2016-11-02": {
            "cash": 0.2,
            "stock": 0.5
        },
        "2017-10-06": {
            "cash": 0.08,
            "stock": 0.4
        }
    },
    "prices": {
        "200101": "無",
        "200102": "無",
        "200103": "無",
        "200104": "無",
        "200105": "無",
        "200106": "無",
        "200107": "無",
        "200108": "無",
        "200109": "無",
        "200110": "無",
        "200111": "無",
        "200112": "無",
        "200201": "無",
        "200202": "無",
        "200203": "無",
        "200204": "無",
        "200205": "無",
        "200206": "無",
        "200207": "無",
        "200208": "37.76",
        "200209": "33.84",
        "200210": "31.71",
        "200211": "33.29",
        "200212": "31.62",
        "200301": "30.51",
        "200302": "29.79",
        "200303": "27.17",
        "200304": "28.08",
        "200305": "27.58",
        "200306": "31.52",
        "200307": "34.19",
        "200308": "33.05",
        "200309": "30.92",
        "200310": "29.29",
        "200311": "29.20",
        "200312": "28.62",
        "200401": "28.96",
        "200402": "29.56",
        "200403": "34.95",
        "200404": "37.35",
        "200405": "34.20",
        "200406": "32.91",
        "200407": "30.01",
        "200408": "24.16",
        "200409": "22.67",
        "200410": "22.84",
        "200411": "22.20",
        "200412": "22.10",
        "200501": "23.02",
        "200502": "23.35",
        "200503": "22.65",
        "200504": "21.03",
        "200505": "20.51",
        "200506": "20.53",
        "200507": "21.32",
        "200508": "20.67",
        "200509": "17.88",
        "200510": "18.22",
        "200511": "17.70",
        "200512": "17.04",
        "200601": "16.00",
        "200602": "14.84",
        "200603": "15.53",
        "200604": "15.51",
        "200605": "14.72",
        "200606": "13.69",
        "200607": "13.71",
        "200608": "12.44",
        "200609": "12.03",
        "200610": "12.35",
        "200611": "14.82",
        "200612": "15.93",
        "200701": "16.91",
        "200702": "16.29",
        "200703": "17.05",
        "200704": "22.90",
        "200705": "21.23",
        "200706": "22.18",
        "200707": "34.63",
        "200708": "33.87",
        "200709": "33.36",
        "200710": "29.25",
        "200711": "22.86",
        "200712": "19.98",
        "200801": "17.81",
        "200802": "19.44",
        "200803": "22.76",
        "200804": "23.95",
        "200805": "23.54",
        "200806": "20.44",
        "200807": "16.13",
        "200808": "15.97",
        "200809": "13.34",
        "200810": "12.94",
        "200811": "12.88",
        "200812": "12.40",
        "200901": "12.39",
        "200902": "12.66",
        "200903": "14.41",
        "200904": "20.13",
        "200905": "18.54",
        "200906": "17.01",
        "200907": "20.77",
        "200908": "21.50",
        "200909": "19.89",
        "200910": "21.18",
        "200911": "20.38",
        "200912": "19.38",
        "201001": "19.08",
        "201002": "17.00",
        "201003": "18.01",
        "201004": "23.85",
        "201005": "24.24",
        "201006": "22.69",
        "201007": "23.73",
        "201008": "25.36",
        "201009": "24.96",
        "201010": "25.17",
        "201011": "23.33",
        "201012": "29.90",
        "201101": "30.03",
        "201102": "30.22",
        "201103": "33.02",
        "201104": "33.73",
        "201105": "31.43",
        "201106": "25.69",
        "201107": "22.85",
        "201108": "18.92",
        "201109": "18.35",
        "201110": "19.32",
        "201111": "18.87",
        "201112": "17.76",
        "201201": "16.89",
        "201202": "19.28",
        "201203": "18.96",
        "201204": "17.19",
        "201205": "17.01",
        "201206": "16.65",
        "201207": "17.42",
        "201208": "17.43",
        "201209": "17.70",
        "201210": "17.32",
        "201211": "16.92",
        "201212": "17.95",
        "201301": "18.40",
        "201302": "20.98",
        "201303": "23.70",
        "201304": "21.62",
        "201305": "20.94",
        "201306": "23.07",
        "201307": "23.98",
        "201308": "23.99",
        "201309": "24.45",
        "201310": "26.69",
        "201311": "24.17",
        "201312": "25.69",
        "201401": "25.89",
        "201402": "28.24",
        "201403": "26.78",
        "201404": "25.58",
        "201405": "25.44",
        "201406": "26.46",
        "201407": "29.22",
        "201408": "26.79",
        "201409": "26.31",
        "201410": "22.79",
        "201411": "21.84",
        "201412": "22.81",
        "201501": "23.09",
        "201502": "24.10",
        "201503": "24.96",
        "201504": "25.34",
        "201505": "24.44",
        "201506": "24.96",
        "201507": "24.44",
        "201508": "22.29",
        "201509": "23.57",
        "201510": "25.06",
        "201511": "25.11",
        "201512": "25.20",
        "201601": "23.64",
        "201602": "23.62",
        "201603": "23.76",
        "201604": "23.65",
        "201605": "22.19",
        "201606": "22.09",
        "201607": "22.80",
        "201608": "22.15",
        "201609": "21.16",
        "201610": "20.54",
        "201611": "20.22",
        "201612": "20.60",
        "201701": "20.19",
        "201702": "19.90",
        "201703": "21.16",
        "201704": "22.02",
        "201705": "20.39",
        "201706": "19.11",
        "201707": "19.04",
        "201708": "18.73",
        "201709": "18.40",
        "201710": "17.10",
        "201711": "17.00",
        "201712": "17.68",
        "201801": "17.76",
        "201802": "16.98",
        "201803": "16.82",
        "201804": "14.96",
        "201805": "11.85",
        "201806": "13.16",
        "201807": "13.56",
        "201808": "12.49",
        "201809": "12.33",
        "201810": "11.60",
        "201811": "11.56",
        "201812": "11.79",
        "201901": "11.70",
        "201902": "11.80",
        "201903": "16.93",
        "201904": "23.90",
        "201905": "20.54",
        "201906": "22.93",
        "201907": "22.70",
        "201908": "19.42",
        "201909": "20.18",
        "201910": "19.75",
        "201911": "19.61",
        "201912": "20.51",
        "202001": "19.29",
        "202002": "18.46",
        "202003": "14.70",
        "202004": "12.86",
        "202005": "15.53",
        "202006": "16.56",
        "202007": "16.98",
        "202008": "14.85",
        "202009": "14.57",
        "202010": "16.92",
        "202011": "17.06",
        "202012": "17.33",
        "202101": "17.10",
        "202102": "16.34",
        "202103": "16.10",
        "202104": "16.60",
        "202105": "15.34",
        "202106": "14.20",
        "202107": "13.83",
        "202108": "13.28",
        "202109": "13.10",
        "202110": "12.81",
        "202111": "13.73",
        "202112": "13.49",
        "202201": "13.17",
        "202202": "12.92",
        "202203": "13.43",
        "202204": "14.60",
        "202205": "14.21",
        "202206": "14.14",
        "202207": "14.24",
        "202208": "14.74",
        "202209": "15.17",
        "202210": "14.54",
        "202211": "14.38",
        "202212": "14.64",
        "202301": "14.45",
        "202302": "14.52",
        "202303": "14.75",
        "202304": "15.51",
        "202305": "15.34"
    },
    "quarters": {
        "20011": {
            "year_quarter": 20011,
            "year": 2001,
            "quarter": 1,
            "eps": 0.35,
            "eps_growth_year": null,
            "eps_4q": null,
            "eps_4q_growth_year": null,
            "roe": 3.23,
            "roe_4q": 3.23,
            "gross_profit": 80922,
            "gross_margin": 72.55,
            "gross_margin_4q_avg": 72.55,
            "net_income": 4964,
            "revenue": 111538,
            "common_shares": 140919,
            "book_valuer_per_share": 11.09,
            "book_valuer_per_share_4q_avg": 11.09,
            "equity": 156337,
            "current_ratio": 150.64,
            "debt_ratio": 37.29,
            "inventory_turnover_ratio": 0.93,
            "account_receivable_turnover_ratio": null,
            "reinvestment_rate": null,
            "research_to_sale_ratio": null,
            "price_fair": 0,
            "eps_avg_yearly": 0,
            "eps_latest_yearly": 0,
            "eps_growth_yearly": 0
        },
        "20012": {
            "year_quarter": 20012,
            "year": 2001,
            "quarter": 2,
            "eps": 0.33,
            "eps_growth_year": null,
            "eps_4q": null,
            "eps_4q_growth_year": null,
            "roe": 3.07,
            "roe_4q": 6.3,
            "gross_profit": 83457,
            "gross_margin": 77.62,
            "gross_margin_4q_avg": 75.09,
            "net_income": 4869,
            "revenue": 107515,
            "common_shares": 148670,
            "book_valuer_per_share": 10.82,
            "book_valuer_per_share_4q_avg": 10.96,
            "equity": 160884,
            "current_ratio": 147.82,
            "debt_ratio": 38.46,
            "inventory_turnover_ratio": 0.62,
            "account_receivable_turnover_ratio": null,
            "reinvestment_rate": null,
            "research_to_sale_ratio": null,
            "price_fair": 0,
            "eps_avg_yearly": 0,
            "eps_latest_yearly": 0,
            "eps_growth_yearly": 0
        },
        "20013": {
            "year_quarter": 20013,
            "year": 2001,
            "quarter": 3,
            "eps": 0.33,
            "eps_growth_year": null,
            "eps_4q": null,
            "eps_4q_growth_year": null,
            "roe": 3.01,
            "roe_4q": 9.31,
            "gross_profit": 79022,
            "gross_margin": 75.65,
            "gross_margin_4q_avg": 75.27,
            "net_income": 4911,
            "revenue": 104462,
            "common_shares": 148670,
            "book_valuer_per_share": 11.15,
            "book_valuer_per_share_4q_avg": 11.02,
            "equity": 165795,
            "current_ratio": 153.21,
            "debt_ratio": 37.49,
            "inventory_turnover_ratio": 0.53,
            "account_receivable_turnover_ratio": null,
            "reinvestment_rate": null,
            "research_to_sale_ratio": null,
            "price_fair": 0,
            "eps_avg_yearly": 0,
            "eps_latest_yearly": 0,
            "eps_growth_yearly": 0
        },
        "20014": {
            "year_quarter": 20014,
            "year": 2001,
            "quarter": 4,
            "eps": 0.48,
            "eps_growth_year": null,
            "eps_4q": 1.48,
            "eps_4q_growth_year": null,
            "roe": 3.5,
            "roe_4q": 12.81,
            "gross_profit": 97981,
            "gross_margin": 77.98,
            "gross_margin_4q_avg": 75.95,
            "net_income": 7069,
            "revenue": 125650,
            "common_shares": 148670,
            "book_valuer_per_share": 16.01,
            "book_valuer_per_share_4q_avg": 12.27,
            "equity": 238036,
            "current_ratio": 212.36,
            "debt_ratio": 33.39,
            "inventory_turnover_ratio": 0.54,
            "account_receivable_turnover_ratio": null,
            "reinvestment_rate": null,
            "research_to_sale_ratio": null,
            "price_fair": 0,
            "eps_avg_yearly": 0,
            "eps_latest_yearly": 0,
            "eps_growth_yearly": 0
        },
        "20021": {
            "year_quarter": 20021,
            "year": 2002,
            "quarter": 1,
            "eps": 0.45,
            "eps_growth_year": 28.57,
            "eps_4q": 1.33,
            "eps_4q_growth_year": null,
            "roe": 3.52,
            "roe_4q": 13.1,
            "gross_profit": 101979,
            "gross_margin": 79.34,
            "gross_margin_4q_avg": 77.65,
            "net_income": 8610,
            "revenue": 128530,
            "common_shares": 192395,
            "book_valuer_per_share": 13.07,
            "book_valuer_per_share_4q_avg": 12.76,
            "equity": 251432,
            "current_ratio": 170.93,
            "debt_ratio": 22.21,
            "inventory_turnover_ratio": 0.53,
            "account_receivable_turnover_ratio": null,
            "reinvestment_rate": null,
            "research_to_sale_ratio": null,
            "price_fair": 5.4,
            "eps_avg_yearly": 1.8,
            "eps_latest_yearly": 1.8,
            "eps_growth_yearly": -25
        },
        "20022": {
            "year_quarter": 20022,
            "year": 2002,
            "quarter": 2,
            "eps": 1.06,
            "eps_growth_year": 221.21,
            "eps_4q": 2.03,
            "eps_4q_growth_year": null,
            "roe": 8.56,
            "roe_4q": 18.59,
            "gross_profit": -27100,
            "gross_margin": -23.81,
            "gross_margin_4q_avg": 52.29,
            "net_income": 22462,
            "revenue": 113798,
            "common_shares": 192395,
            "book_valuer_per_share": 14.21,
            "book_valuer_per_share_4q_avg": 13.61,
            "equity": 273312,
            "current_ratio": 245.31,
            "debt_ratio": 15.28,
            "inventory_turnover_ratio": 2.53,
            "account_receivable_turnover_ratio": null,
            "reinvestment_rate": null,
            "research_to_sale_ratio": null,
            "price_fair": 105.7,
            "eps_avg_yearly": 3.02,
            "eps_latest_yearly": 4.24,
            "eps_growth_yearly": 258.61
        },
        "20023": {
            "year_quarter": 20023,
            "year": 2002,
            "quarter": 3,
            "eps": 0.6,
            "eps_growth_year": 81.82,
            "eps_4q": 2.4,
            "eps_4q_growth_year": null,
            "roe": 4.54,
            "roe_4q": 20.12,
            "gross_profit": 38836,
            "gross_margin": 28.64,
            "gross_margin_4q_avg": 40.54,
            "net_income": 12692,
            "revenue": 135602,
            "common_shares": 211256,
            "book_valuer_per_share": 13.54,
            "book_valuer_per_share_4q_avg": 14.21,
            "equity": 286003,
            "current_ratio": 238.27,
            "debt_ratio": 17.18,
            "inventory_turnover_ratio": 1.55,
            "account_receivable_turnover_ratio": null,
            "reinvestment_rate": null,
            "research_to_sale_ratio": null,
            "price_fair": 98.47,
            "eps_avg_yearly": 2.81,
            "eps_latest_yearly": 2.4,
            "eps_growth_yearly": 114.55
        },
        "20024": {
            "year_quarter": 20024,
            "year": 2002,
            "quarter": 4,
            "eps": 0.62,
            "eps_growth_year": 29.17,
            "eps_4q": 2.69,
            "eps_4q_growth_year": 81.81,
            "roe": 4.47,
            "roe_4q": 21.09,
            "gross_profit": 39858,
            "gross_margin": 24.72,
            "gross_margin_4q_avg": 27.22,
            "net_income": 13090,
            "revenue": 161205,
            "common_shares": 211256,
            "book_valuer_per_share": 14.16,
            "book_valuer_per_share_4q_avg": 13.75,
            "equity": 299093,
            "current_ratio": 205.49,
            "debt_ratio": 20.01,
            "inventory_turnover_ratio": 2.02,
            "account_receivable_turnover_ratio": null,
            "reinvestment_rate": null,
            "research_to_sale_ratio": null,
            "price_fair": 95.55,
            "eps_avg_yearly": 2.73,
            "eps_latest_yearly": 2.48,
            "eps_growth_yearly": 89.24
        },
        "20031": {
            "year_quarter": 20031,
            "year": 2003,
            "quarter": 1,
            "eps": 0.36,
            "eps_growth_year": -20,
            "eps_4q": 2.63,
            "eps_4q_growth_year": 97.92,
            "roe": 2.52,
            "roe_4q": 20.090000000000003,
            "gross_profit": 35189,
            "gross_margin": 23.41,
            "gross_margin_4q_avg": 13.24,
            "net_income": 7639,
            "revenue": 150319,
            "common_shares": 211256,
            "book_valuer_per_share": 14.52,
            "book_valuer_per_share_4q_avg": 14.11,
            "equity": 306732,
            "current_ratio": 184.95,
            "debt_ratio": 21.44,
            "inventory_turnover_ratio": 2.1,
            "account_receivable_turnover_ratio": null,
            "reinvestment_rate": null,
            "research_to_sale_ratio": null,
            "price_fair": 86.52,
            "eps_avg_yearly": 2.47,
            "eps_latest_yearly": 1.44,
            "eps_growth_yearly": 37.85
        },
        "20032": {
            "year_quarter": 20032,
            "year": 2003,
            "quarter": 2,
            "eps": 1.59,
            "eps_growth_year": 50,
            "eps_4q": 3.17,
            "eps_4q_growth_year": 56.18,
            "roe": 10.4,
            "roe_4q": 21.93,
            "gross_profit": 74954,
            "gross_margin": 30.33,
            "gross_margin_4q_avg": 26.78,
            "net_income": 33568,
            "revenue": 247158,
            "common_shares": 211256,
            "book_valuer_per_share": 16.04,
            "book_valuer_per_share_4q_avg": 14.57,
            "equity": 338783,
            "current_ratio": 174.21,
            "debt_ratio": 27.84,
            "inventory_turnover_ratio": 3.82,
            "account_receivable_turnover_ratio": null,
            "reinvestment_rate": null,
            "research_to_sale_ratio": null,
            "price_fair": 109.2,
            "eps_avg_yearly": 3.12,
            "eps_latest_yearly": 6.36,
            "eps_growth_yearly": 259.32
        },
        "20033": {
            "year_quarter": 20033,
            "year": 2003,
            "quarter": 3,
            "eps": 0.55,
            "eps_growth_year": -8.33,
            "eps_4q": 2.64,
            "eps_4q_growth_year": 9.8,
            "roe": 4.13,
            "roe_4q": 21.52,
            "gross_profit": 32504,
            "gross_margin": 19.96,
            "gross_margin_4q_avg": 24.61,
            "net_income": 14299,
            "revenue": 162855,
            "common_shares": 260306,
            "book_valuer_per_share": 13.56,
            "book_valuer_per_share_4q_avg": 14.57,
            "equity": 353082,
            "current_ratio": 331.53,
            "debt_ratio": 46.98,
            "inventory_turnover_ratio": 2.97,
            "account_receivable_turnover_ratio": null,
            "reinvestment_rate": null,
            "research_to_sale_ratio": null,
            "price_fair": 104.6,
            "eps_avg_yearly": 2.99,
            "eps_latest_yearly": 2.2,
            "eps_growth_yearly": 184.89
        },
        "20034": {
            "year_quarter": 20034,
            "year": 2003,
            "quarter": 4,
            "eps": 0.67,
            "eps_growth_year": 8.06,
            "eps_4q": 2.81,
            "eps_4q_growth_year": 4.27,
            "roe": 4.35,
            "roe_4q": 21.400000000000002,
            "gross_profit": 59196,
            "gross_margin": 26.43,
            "gross_margin_4q_avg": 25.03,
            "net_income": 17396,
            "revenue": 223970,
            "common_shares": 294827,
            "book_valuer_per_share": 15.18,
            "book_valuer_per_share_4q_avg": 14.83,
            "equity": 447511,
            "current_ratio": 346.84,
            "debt_ratio": 34.36,
            "inventory_turnover_ratio": 3.71,
            "account_receivable_turnover_ratio": null,
            "reinvestment_rate": null,
            "research_to_sale_ratio": null,
            "price_fair": 103.25,
            "eps_avg_yearly": 2.95,
            "eps_latest_yearly": 2.68,
            "eps_growth_yearly": 172.69
        },
        "20041": {
            "year_quarter": 20041,
            "year": 2004,
            "quarter": 1,
            "eps": 0.68,
            "eps_growth_year": 88.89,
            "eps_4q": 2.9,
            "eps_4q_growth_year": 9.96,
            "roe": 4.14,
            "roe_4q": 23.019999999999996,
            "gross_profit": 53936,
            "gross_margin": 24.31,
            "gross_margin_4q_avg": 25.26,
            "net_income": 20028,
            "revenue": 221826,
            "common_shares": 318653,
            "book_valuer_per_share": 16.35,
            "book_valuer_per_share_4q_avg": 15.28,
            "equity": 521092,
            "current_ratio": 289.96,
            "debt_ratio": 28.91,
            "inventory_turnover_ratio": 4.58,
            "account_receivable_turnover_ratio": null,
            "reinvestment_rate": null,
            "research_to_sale_ratio": null,
            "price_fair": 102.36,
            "eps_avg_yearly": 2.92,
            "eps_latest_yearly": 2.72,
            "eps_growth_yearly": 154.17
        },
        "20042": {
            "year_quarter": 20042,
            "year": 2004,
            "quarter": 2,
            "eps": 0.18,
            "eps_growth_year": -88.68,
            "eps_4q": 1.56,
            "eps_4q_growth_year": -50.95,
            "roe": 1.28,
            "roe_4q": 13.899999999999999,
            "gross_profit": 51679,
            "gross_margin": 23.06,
            "gross_margin_4q_avg": 23.44,
            "net_income": 6764,
            "revenue": 224063,
            "common_shares": 323166,
            "book_valuer_per_share": 16.59,
            "book_valuer_per_share_4q_avg": 15.42,
            "equity": 536071,
            "current_ratio": 296.36,
            "debt_ratio": 25.74,
            "inventory_turnover_ratio": 3.88,
            "account_receivable_turnover_ratio": null,
            "reinvestment_rate": null,
            "research_to_sale_ratio": null,
            "price_fair": 94.64,
            "eps_avg_yearly": 2.7,
            "eps_latest_yearly": 0.72,
            "eps_growth_yearly": 109.34
        },
        "20043": {
            "year_quarter": 20043,
            "year": 2004,
            "quarter": 3,
            "eps": 0.59,
            "eps_growth_year": 7.27,
            "eps_4q": 1.77,
            "eps_4q_growth_year": -33.03,
            "roe": 4.03,
            "roe_4q": 13.799999999999999,
            "gross_profit": 49000,
            "gross_margin": 23.78,
            "gross_margin_4q_avg": 24.4,
            "net_income": 22148,
            "revenue": 206078,
            "common_shares": 389892,
            "book_valuer_per_share": 14.44,
            "book_valuer_per_share_4q_avg": 15.64,
            "equity": 562929,
            "current_ratio": 353.93,
            "debt_ratio": 22.32,
            "inventory_turnover_ratio": 2.44,
            "account_receivable_turnover_ratio": null,
            "reinvestment_rate": null,
            "research_to_sale_ratio": null,
            "price_fair": 93.55,
            "eps_avg_yearly": 2.67,
            "eps_latest_yearly": 2.36,
            "eps_growth_yearly": 182.23
        },
        "20044": {
            "year_quarter": 20044,
            "year": 2004,
            "quarter": 4,
            "eps": 0.67,
            "eps_growth_year": 0,
            "eps_4q": 1.96,
            "eps_4q_growth_year": -30.13,
            "roe": 4.45,
            "roe_4q": 13.899999999999999,
            "gross_profit": 77459,
            "gross_margin": 27.51,
            "gross_margin_4q_avg": 24.67,
            "net_income": 25385,
            "revenue": 281542,
            "common_shares": 389946,
            "book_valuer_per_share": 14.82,
            "book_valuer_per_share_4q_avg": 15.55,
            "equity": 577808,
            "current_ratio": 277.53,
            "debt_ratio": 25.54,
            "inventory_turnover_ratio": 3.49,
            "account_receivable_turnover_ratio": null,
            "reinvestment_rate": 68.95,
            "research_to_sale_ratio": null,
            "price_fair": 93.57,
            "eps_avg_yearly": 2.67,
            "eps_latest_yearly": 2.68,
            "eps_growth_yearly": 171.56
        },
        "20051": {
            "year_quarter": 20051,
            "year": 2005,
            "quarter": 1,
            "eps": 0.05,
            "eps_growth_year": -92.65,
            "eps_4q": 1.45,
            "eps_4q_growth_year": -50.07,
            "roe": 0.33,
            "roe_4q": 10.09,
            "gross_profit": 35096,
            "gross_margin": 21.25,
            "gross_margin_4q_avg": 23.9,
            "net_income": 1945,
            "revenue": 165181,
            "common_shares": 388932,
            "book_valuer_per_share": 15.09,
            "book_valuer_per_share_4q_avg": 15.24,
            "equity": 586996,
            "current_ratio": 317.76,
            "debt_ratio": 21.4,
            "inventory_turnover_ratio": 2.35,
            "account_receivable_turnover_ratio": null,
            "reinvestment_rate": 79.43,
            "research_to_sale_ratio": null,
            "price_fair": 86.91,
            "eps_avg_yearly": 2.48,
            "eps_latest_yearly": 0.2,
            "eps_growth_yearly": 129.89
        },
        "20052": {
            "year_quarter": 20052,
            "year": 2005,
            "quarter": 2,
            "eps": 0.53,
            "eps_growth_year": 194.44,
            "eps_4q": 1.75,
            "eps_4q_growth_year": 12.21,
            "roe": 3.78,
            "roe_4q": 12.59,
            "gross_profit": 54400,
            "gross_margin": 24.58,
            "gross_margin_4q_avg": 24.28,
            "net_income": 21558,
            "revenue": 221350,
            "common_shares": 389365,
            "book_valuer_per_share": 14.24,
            "book_valuer_per_share_4q_avg": 14.65,
            "equity": 554277,
            "current_ratio": 213.2,
            "debt_ratio": 26.64,
            "inventory_turnover_ratio": 2.35,
            "account_receivable_turnover_ratio": null,
            "reinvestment_rate": 86.99,
            "research_to_sale_ratio": null,
            "price_fair": 86,
            "eps_avg_yearly": 2.46,
            "eps_latest_yearly": 2.12,
            "eps_growth_yearly": 394.9
        },
        "20053": {
            "year_quarter": 20053,
            "year": 2005,
            "quarter": 3,
            "eps": 0.23,
            "eps_growth_year": -61.02,
            "eps_4q": 1.41,
            "eps_4q_growth_year": -20.45,
            "roe": 1.74,
            "roe_4q": 10.3,
            "gross_profit": 42538,
            "gross_margin": 23.54,
            "gross_margin_4q_avg": 24.22,
            "net_income": 9564,
            "revenue": 180717,
            "common_shares": 395826,
            "book_valuer_per_share": 13.8,
            "book_valuer_per_share_4q_avg": 14.49,
            "equity": 546350,
            "current_ratio": 198.02,
            "debt_ratio": 23.59,
            "inventory_turnover_ratio": 1.79,
            "account_receivable_turnover_ratio": null,
            "reinvestment_rate": 97.02,
            "research_to_sale_ratio": null,
            "price_fair": 82.41,
            "eps_avg_yearly": 2.35,
            "eps_latest_yearly": 0.92,
            "eps_growth_yearly": 353.48
        },
        "20054": {
            "year_quarter": 20054,
            "year": 2005,
            "quarter": 4,
            "eps": 0.62,
            "eps_growth_year": -7.46,
            "eps_4q": 1.44,
            "eps_4q_growth_year": -26.54,
            "roe": 4.3,
            "roe_4q": 10.15,
            "gross_profit": 78942,
            "gross_margin": 29.98,
            "gross_margin_4q_avg": 24.84,
            "net_income": 24972,
            "revenue": 263326,
            "common_shares": 395826,
            "book_valuer_per_share": 14.43,
            "book_valuer_per_share_4q_avg": 14.39,
            "equity": 614491,
            "current_ratio": 197.64,
            "debt_ratio": 23.86,
            "inventory_turnover_ratio": 2.87,
            "account_receivable_turnover_ratio": null,
            "reinvestment_rate": 121.7,
            "research_to_sale_ratio": null,
            "price_fair": 82.69,
            "eps_avg_yearly": 2.36,
            "eps_latest_yearly": 2.48,
            "eps_growth_yearly": 373.78
        },
        "20061": {
            "year_quarter": 20061,
            "year": 2006,
            "quarter": 1,
            "eps": -0.06,
            "eps_growth_year": -220,
            "eps_4q": 1.22,
            "eps_4q_growth_year": -15.37,
            "roe": -0.44,
            "roe_4q": 9.379999999999999,
            "gross_profit": 35007,
            "gross_margin": 24.62,
            "gross_margin_4q_avg": 25.68,
            "net_income": -2622,
            "revenue": 142166,
            "common_shares": 395826,
            "book_valuer_per_share": 14.37,
            "book_valuer_per_share_4q_avg": 14.21,
            "equity": 568640,
            "current_ratio": 215.3,
            "debt_ratio": 18,
            "inventory_turnover_ratio": 1.87,
            "account_receivable_turnover_ratio": null,
            "reinvestment_rate": 109.73,
            "research_to_sale_ratio": null,
            "price_fair": 84,
            "eps_avg_yearly": 2.4,
            "eps_latest_yearly": 2.48,
            "eps_growth_yearly": 400.36
        },
        "20062": {
            "year_quarter": 20062,
            "year": 2006,
            "quarter": 2,
            "eps": 0.62,
            "eps_growth_year": 16.98,
            "eps_4q": 1.43,
            "eps_4q_growth_year": -18.12,
            "roe": 4.37,
            "roe_4q": 9.97,
            "gross_profit": 71093,
            "gross_margin": 33.71,
            "gross_margin_4q_avg": 27.96,
            "net_income": 24427,
            "revenue": 210886,
            "common_shares": 395826,
            "book_valuer_per_share": 13.91,
            "book_valuer_per_share_4q_avg": 14.13,
            "equity": 550464,
            "current_ratio": 155.29,
            "debt_ratio": 24.11,
            "inventory_turnover_ratio": 2.14,
            "account_receivable_turnover_ratio": null,
            "reinvestment_rate": 105.72,
            "research_to_sale_ratio": null,
            "price_fair": 79.4,
            "eps_avg_yearly": 2.27,
            "eps_latest_yearly": 2.48,
            "eps_growth_yearly": 390.23
        },
        "20063": {
            "year_quarter": 20063,
            "year": 2006,
            "quarter": 3,
            "eps": 1.15,
            "eps_growth_year": 400,
            "eps_4q": 2.34,
            "eps_4q_growth_year": 66.21,
            "roe": 7.85,
            "roe_4q": 16.08,
            "gross_profit": 52153,
            "gross_margin": 35.21,
            "gross_margin_4q_avg": 30.88,
            "net_income": 45341,
            "revenue": 148101,
            "common_shares": 401962,
            "book_valuer_per_share": 15.03,
            "book_valuer_per_share_4q_avg": 14.44,
            "equity": 604306,
            "current_ratio": 197.26,
            "debt_ratio": 16.07,
            "inventory_turnover_ratio": 1.47,
            "account_receivable_turnover_ratio": null,
            "reinvestment_rate": 95.44,
            "research_to_sale_ratio": null,
            "price_fair": 84.9,
            "eps_avg_yearly": 2.43,
            "eps_latest_yearly": 4.6,
            "eps_growth_yearly": 427.05
        },
        "20064": {
            "year_quarter": 20064,
            "year": 2006,
            "quarter": 4,
            "eps": 0.61,
            "eps_growth_year": -1.61,
            "eps_4q": 2.29,
            "eps_4q_growth_year": 59.25,
            "roe": 3.84,
            "roe_4q": 15.62,
            "gross_profit": 82628,
            "gross_margin": 36.04,
            "gross_margin_4q_avg": 32.4,
            "net_income": 24311,
            "revenue": 229296,
            "common_shares": 401962,
            "book_valuer_per_share": 15.64,
            "book_valuer_per_share_4q_avg": 14.74,
            "equity": 662557,
            "current_ratio": 157.44,
            "debt_ratio": 21.28,
            "inventory_turnover_ratio": 2.42,
            "account_receivable_turnover_ratio": null,
            "reinvestment_rate": 97.17,
            "research_to_sale_ratio": null,
            "price_fair": 84.8,
            "eps_avg_yearly": 2.42,
            "eps_latest_yearly": 2.44,
            "eps_growth_yearly": 412.68
        },
        "20071": {
            "year_quarter": 20071,
            "year": 2007,
            "quarter": 1,
            "eps": 0,
            "eps_growth_year": null,
            "eps_4q": 2.3,
            "eps_4q_growth_year": 87.9,
            "roe": 0,
            "roe_4q": 16.06,
            "gross_profit": 37203,
            "gross_margin": 29.69,
            "gross_margin_4q_avg": 33.66,
            "net_income": 30,
            "revenue": 125308,
            "common_shares": 409319,
            "book_valuer_per_share": 15.62,
            "book_valuer_per_share_4q_avg": 15.05,
            "equity": 639248,
            "current_ratio": 165.27,
            "debt_ratio": 15.84,
            "inventory_turnover_ratio": 1.54,
            "account_receivable_turnover_ratio": null,
            "reinvestment_rate": 82.36,
            "research_to_sale_ratio": null,
            "price_fair": 87.45,
            "eps_avg_yearly": 2.5,
            "eps_latest_yearly": 2.44,
            "eps_growth_yearly": 457.33
        },
        "20072": {
            "year_quarter": 20072,
            "year": 2007,
            "quarter": 2,
            "eps": 0.52,
            "eps_growth_year": -16.13,
            "eps_4q": 2.16,
            "eps_4q_growth_year": 51.18,
            "roe": 3.49,
            "roe_4q": 15.18,
            "gross_profit": 62093,
            "gross_margin": 35.95,
            "gross_margin_4q_avg": 34.22,
            "net_income": 22068,
            "revenue": 172730,
            "common_shares": 421890,
            "book_valuer_per_share": 14.79,
            "book_valuer_per_share_4q_avg": 15.27,
            "equity": 623969,
            "current_ratio": 134.34,
            "debt_ratio": 22.38,
            "inventory_turnover_ratio": 1.96,
            "account_receivable_turnover_ratio": null,
            "reinvestment_rate": 84.64,
            "research_to_sale_ratio": null,
            "price_fair": 76.18,
            "eps_avg_yearly": 2.18,
            "eps_latest_yearly": 2.44,
            "eps_growth_yearly": 381.55
        },
        "20073": {
            "year_quarter": 20073,
            "year": 2007,
            "quarter": 3,
            "eps": 0.05,
            "eps_growth_year": -95.65,
            "eps_4q": 1.1,
            "eps_4q_growth_year": -53.1,
            "roe": 0.35,
            "roe_4q": 7.68,
            "gross_profit": 42563,
            "gross_margin": 31.86,
            "gross_margin_4q_avg": 33.39,
            "net_income": 2219,
            "revenue": 133611,
            "common_shares": 436901,
            "book_valuer_per_share": 14.36,
            "book_valuer_per_share_4q_avg": 15.1,
            "equity": 627408,
            "current_ratio": 148.54,
            "debt_ratio": 19.76,
            "inventory_turnover_ratio": 1.34,
            "account_receivable_turnover_ratio": null,
            "reinvestment_rate": 86.32,
            "research_to_sale_ratio": null,
            "price_fair": 70.35,
            "eps_avg_yearly": 2.01,
            "eps_latest_yearly": 0.2,
            "eps_growth_yearly": 373.23
        },
        "20074": {
            "year_quarter": 20074,
            "year": 2007,
            "quarter": 4,
            "eps": 0.37,
            "eps_growth_year": -39.34,
            "eps_4q": 0.93,
            "eps_4q_growth_year": -59.49,
            "roe": 2.46,
            "roe_4q": 6.300000000000001,
            "gross_profit": 69597,
            "gross_margin": 35.43,
            "gross_margin_4q_avg": 33.23,
            "net_income": 16075,
            "revenue": 196441,
            "common_shares": 436901,
            "book_valuer_per_share": 14.72,
            "book_valuer_per_share_4q_avg": 14.87,
            "equity": 680619,
            "current_ratio": 219.32,
            "debt_ratio": 16.76,
            "inventory_turnover_ratio": 1.54,
            "account_receivable_turnover_ratio": null,
            "reinvestment_rate": 98.22,
            "research_to_sale_ratio": null,
            "price_fair": 66.85,
            "eps_avg_yearly": 1.91,
            "eps_latest_yearly": 1.48,
            "eps_growth_yearly": 579.29
        },
        "20081": {
            "year_quarter": 20081,
            "year": 2008,
            "quarter": 1,
            "eps": 0,
            "eps_growth_year": null,
            "eps_4q": 0.93,
            "eps_4q_growth_year": -59.68,
            "roe": -0.48,
            "roe_4q": 5.82,
            "gross_profit": 41120,
            "gross_margin": 29.52,
            "gross_margin_4q_avg": 33.19,
            "net_income": -3292,
            "revenue": 139296,
            "common_shares": 436901,
            "book_valuer_per_share": 14.72,
            "book_valuer_per_share_4q_avg": 14.65,
            "equity": 677042,
            "current_ratio": 251.22,
            "debt_ratio": 14.24,
            "inventory_turnover_ratio": 0.98,
            "account_receivable_turnover_ratio": null,
            "reinvestment_rate": 95.61,
            "research_to_sale_ratio": null,
            "price_fair": 64.27,
            "eps_avg_yearly": 1.84,
            "eps_latest_yearly": 1.48,
            "eps_growth_yearly": 631.41
        },
        "20082": {
            "year_quarter": 20082,
            "year": 2008,
            "quarter": 2,
            "eps": 0.01,
            "eps_growth_year": -98.08,
            "eps_4q": 0.44,
            "eps_4q_growth_year": -79.86,
            "roe": -0.42,
            "roe_4q": 1.9100000000000001,
            "gross_profit": 38644,
            "gross_margin": 29.96,
            "gross_margin_4q_avg": 31.69,
            "net_income": -2748,
            "revenue": 128972,
            "common_shares": 436901,
            "book_valuer_per_share": 13.89,
            "book_valuer_per_share_4q_avg": 14.42,
            "equity": 637469,
            "current_ratio": 191.13,
            "debt_ratio": 18.14,
            "inventory_turnover_ratio": 0.76,
            "account_receivable_turnover_ratio": null,
            "reinvestment_rate": 86.85,
            "research_to_sale_ratio": null,
            "price_fair": 68.18,
            "eps_avg_yearly": 1.95,
            "eps_latest_yearly": 1.48,
            "eps_growth_yearly": 723.96
        },
        "20083": {
            "year_quarter": 20083,
            "year": 2008,
            "quarter": 3,
            "eps": 0.12,
            "eps_growth_year": 140,
            "eps_4q": 1.08,
            "eps_4q_growth_year": -1.87,
            "roe": 0.39,
            "roe_4q": 1.95,
            "gross_profit": 42147,
            "gross_margin": 29.72,
            "gross_margin_4q_avg": 31.16,
            "net_income": 2480,
            "revenue": 141818,
            "common_shares": 450008,
            "book_valuer_per_share": 13.51,
            "book_valuer_per_share_4q_avg": 14.21,
            "equity": 634755,
            "current_ratio": 191.11,
            "debt_ratio": 19.54,
            "inventory_turnover_ratio": 0.84,
            "account_receivable_turnover_ratio": null,
            "reinvestment_rate": 83.24,
            "research_to_sale_ratio": null,
            "price_fair": 61.6,
            "eps_avg_yearly": 1.76,
            "eps_latest_yearly": 0.48,
            "eps_growth_yearly": 1072.85
        },
        "20084": {
            "year_quarter": 20084,
            "year": 2008,
            "quarter": 4,
            "eps": 0.23,
            "eps_growth_year": -37.84,
            "eps_4q": 0.57,
            "eps_4q_growth_year": -38.92,
            "roe": 1.05,
            "roe_4q": 0.54,
            "gross_profit": 56813,
            "gross_margin": 30.63,
            "gross_margin_4q_avg": 29.96,
            "net_income": 6692,
            "revenue": 185511,
            "common_shares": 450008,
            "book_valuer_per_share": 13.54,
            "book_valuer_per_share_4q_avg": 13.92,
            "equity": 634113,
            "current_ratio": 220.59,
            "debt_ratio": 18.26,
            "inventory_turnover_ratio": 1.17,
            "account_receivable_turnover_ratio": 19.45,
            "reinvestment_rate": 70.88,
            "research_to_sale_ratio": null,
            "price_fair": 55.44,
            "eps_avg_yearly": 1.58,
            "eps_latest_yearly": 0.92,
            "eps_growth_yearly": 1104.09
        },
        "20091": {
            "year_quarter": 20091,
            "year": 2009,
            "quarter": 1,
            "eps": 0.12,
            "eps_growth_year": null,
            "eps_4q": 1.17,
            "eps_4q_growth_year": 25.83,
            "roe": 0.35,
            "roe_4q": 1.37,
            "gross_profit": 37976,
            "gross_margin": 32.06,
            "gross_margin_4q_avg": 30.59,
            "net_income": 2206,
            "revenue": 118459,
            "common_shares": 443418,
            "book_valuer_per_share": 13.85,
            "book_valuer_per_share_4q_avg": 13.7,
            "equity": 636231,
            "current_ratio": 233.91,
            "debt_ratio": 17.15,
            "inventory_turnover_ratio": 0.79,
            "account_receivable_turnover_ratio": 6.17,
            "reinvestment_rate": 59.96,
            "research_to_sale_ratio": null,
            "price_fair": 56.42,
            "eps_avg_yearly": 1.61,
            "eps_latest_yearly": 0.48,
            "eps_growth_yearly": 1121.98
        },
        "20092": {
            "year_quarter": 20092,
            "year": 2009,
            "quarter": 2,
            "eps": -0.02,
            "eps_growth_year": -300,
            "eps_4q": 0.45,
            "eps_4q_growth_year": 3.46,
            "roe": -0.51,
            "roe_4q": 1.28,
            "gross_profit": 46959,
            "gross_margin": 34.7,
            "gross_margin_4q_avg": 31.78,
            "net_income": -3202,
            "revenue": 135317,
            "common_shares": 439408,
            "book_valuer_per_share": 13.44,
            "book_valuer_per_share_4q_avg": 13.59,
            "equity": 610133,
            "current_ratio": 199.92,
            "debt_ratio": 19.66,
            "inventory_turnover_ratio": 0.84,
            "account_receivable_turnover_ratio": 7.94,
            "reinvestment_rate": 45.52,
            "research_to_sale_ratio": null,
            "price_fair": 54.44,
            "eps_avg_yearly": 1.56,
            "eps_latest_yearly": 0.48,
            "eps_growth_yearly": 819.98
        },
        "20093": {
            "year_quarter": 20093,
            "year": 2009,
            "quarter": 3,
            "eps": 0.29,
            "eps_growth_year": 141.67,
            "eps_4q": 0.83,
            "eps_4q_growth_year": -22.98,
            "roe": 1.56,
            "roe_4q": 2.45,
            "gross_profit": 56127,
            "gross_margin": 30.92,
            "gross_margin_4q_avg": 32.08,
            "net_income": 9578,
            "revenue": 181511,
            "common_shares": 448196,
            "book_valuer_per_share": 13.47,
            "book_valuer_per_share_4q_avg": 13.58,
            "equity": 619929,
            "current_ratio": 194.35,
            "debt_ratio": 24.15,
            "inventory_turnover_ratio": 1.24,
            "account_receivable_turnover_ratio": 8.16,
            "reinvestment_rate": 25,
            "research_to_sale_ratio": null,
            "price_fair": 57.23,
            "eps_avg_yearly": 1.64,
            "eps_latest_yearly": 0.48,
            "eps_growth_yearly": 950.77
        },
        "20094": {
            "year_quarter": 20094,
            "year": 2009,
            "quarter": 4,
            "eps": 0.07,
            "eps_growth_year": -69.57,
            "eps_4q": 0.45,
            "eps_4q_growth_year": -21.59,
            "roe": -0.09,
            "roe_4q": 1.31,
            "gross_profit": 50041,
            "gross_margin": 36.37,
            "gross_margin_4q_avg": 33.51,
            "net_income": -554,
            "revenue": 137607,
            "common_shares": 448196,
            "book_valuer_per_share": 13.49,
            "book_valuer_per_share_4q_avg": 13.56,
            "equity": 628311,
            "current_ratio": 221.45,
            "debt_ratio": 21.84,
            "inventory_turnover_ratio": 0.95,
            "account_receivable_turnover_ratio": 9.87,
            "reinvestment_rate": -21.26,
            "research_to_sale_ratio": null,
            "price_fair": 47.6,
            "eps_avg_yearly": 1.36,
            "eps_latest_yearly": 0.28,
            "eps_growth_yearly": 828.06
        },
        "20101": {
            "year_quarter": 20101,
            "year": 2010,
            "quarter": 1,
            "eps": 0.03,
            "eps_growth_year": -75,
            "eps_4q": 0.42,
            "eps_4q_growth_year": -64.1,
            "roe": 0.16,
            "roe_4q": 1.12,
            "gross_profit": 38900,
            "gross_margin": 29.79,
            "gross_margin_4q_avg": 32.95,
            "net_income": 1019,
            "revenue": 130598,
            "common_shares": 448196,
            "book_valuer_per_share": 13.56,
            "book_valuer_per_share_4q_avg": 13.49,
            "equity": 629110,
            "current_ratio": 225.25,
            "debt_ratio": 20.56,
            "inventory_turnover_ratio": 1.05,
            "account_receivable_turnover_ratio": 5.24,
            "reinvestment_rate": 6.12,
            "research_to_sale_ratio": 0.87,
            "price_fair": 42.78,
            "eps_avg_yearly": 1.22,
            "eps_latest_yearly": 0.12,
            "eps_growth_yearly": 710.66
        },
        "20102": {
            "year_quarter": 20102,
            "year": 2010,
            "quarter": 2,
            "eps": 0.03,
            "eps_growth_year": null,
            "eps_4q": 0.46,
            "eps_4q_growth_year": 2.7,
            "roe": 0.6,
            "roe_4q": 2.23,
            "gross_profit": 48837,
            "gross_margin": 40.62,
            "gross_margin_4q_avg": 34.43,
            "net_income": 3839,
            "revenue": 120224,
            "common_shares": 448196,
            "book_valuer_per_share": 12.91,
            "book_valuer_per_share_4q_avg": 13.36,
            "equity": 640645,
            "current_ratio": 205.8,
            "debt_ratio": 24.3,
            "inventory_turnover_ratio": 0.77,
            "account_receivable_turnover_ratio": 6.37,
            "reinvestment_rate": 37.91,
            "research_to_sale_ratio": 1.6,
            "price_fair": 38.92,
            "eps_avg_yearly": 1.11,
            "eps_latest_yearly": 0.12,
            "eps_growth_yearly": 639.59
        },
        "20103": {
            "year_quarter": 20103,
            "year": 2010,
            "quarter": 3,
            "eps": 0.07,
            "eps_growth_year": -75.13,
            "eps_4q": 0.25,
            "eps_4q_growth_year": -69.36,
            "roe": 0.13,
            "roe_4q": 0.8,
            "gross_profit": 42740,
            "gross_margin": 32.73,
            "gross_margin_4q_avg": 34.88,
            "net_income": 853,
            "revenue": 130574,
            "common_shares": 461642,
            "book_valuer_per_share": 12.6,
            "book_valuer_per_share_4q_avg": 13.14,
            "equity": 641069,
            "current_ratio": 168.05,
            "debt_ratio": 24.58,
            "inventory_turnover_ratio": 0.94,
            "account_receivable_turnover_ratio": 7.93,
            "reinvestment_rate": 92.1,
            "research_to_sale_ratio": 0.95,
            "price_fair": 23.8,
            "eps_avg_yearly": 0.68,
            "eps_latest_yearly": 0.28,
            "eps_growth_yearly": 658.73
        },
        "20104": {
            "year_quarter": 20104,
            "year": 2010,
            "quarter": 4,
            "eps": 0.01,
            "eps_growth_year": -79.51,
            "eps_4q": 0.2,
            "eps_4q_growth_year": -54.31,
            "roe": -0.35,
            "roe_4q": 0.54,
            "gross_profit": 51228,
            "gross_margin": 35.39,
            "gross_margin_4q_avg": 34.63,
            "net_income": -2250,
            "revenue": 144769,
            "common_shares": 461642,
            "book_valuer_per_share": 13.09,
            "book_valuer_per_share_4q_avg": 13.04,
            "equity": 658752,
            "current_ratio": 295.8,
            "debt_ratio": 34.1,
            "inventory_turnover_ratio": 1.12,
            "account_receivable_turnover_ratio": 8.41,
            "reinvestment_rate": 106.64,
            "research_to_sale_ratio": 1.22,
            "price_fair": 15.4,
            "eps_avg_yearly": 0.44,
            "eps_latest_yearly": 0.04,
            "eps_growth_yearly": 643.23
        },
        "20111": {
            "year_quarter": 20111,
            "year": 2011,
            "quarter": 1,
            "eps": 0.08,
            "eps_growth_year": 166.67,
            "eps_4q": 0.19,
            "eps_4q_growth_year": -55.13,
            "roe": 0.38,
            "roe_4q": 0.76,
            "gross_profit": 40204,
            "gross_margin": 28.34,
            "gross_margin_4q_avg": 34.27,
            "net_income": 2640,
            "revenue": 141877,
            "common_shares": 492142,
            "book_valuer_per_share": 13.67,
            "book_valuer_per_share_4q_avg": 13.07,
            "equity": 727251,
            "current_ratio": 283.92,
            "debt_ratio": 28.42,
            "inventory_turnover_ratio": 1.22,
            "account_receivable_turnover_ratio": 7.26,
            "reinvestment_rate": 143.84,
            "research_to_sale_ratio": 1.33,
            "price_fair": 15.02,
            "eps_avg_yearly": 0.43,
            "eps_latest_yearly": 0.32,
            "eps_growth_yearly": 839.3
        },
        "20112": {
            "year_quarter": 20112,
            "year": 2011,
            "quarter": 2,
            "eps": 0.01,
            "eps_growth_year": -71.76,
            "eps_4q": 0.15,
            "eps_4q_growth_year": -66.61,
            "roe": -0.1,
            "roe_4q": 0.06000000000000005,
            "gross_profit": 51242,
            "gross_margin": 35.83,
            "gross_margin_4q_avg": 33.07,
            "net_income": -717,
            "revenue": 143001,
            "common_shares": 502738,
            "book_valuer_per_share": 13.82,
            "book_valuer_per_share_4q_avg": 13.3,
            "equity": 757976,
            "current_ratio": 314.51,
            "debt_ratio": 26.92,
            "inventory_turnover_ratio": 0.99,
            "account_receivable_turnover_ratio": 7.71,
            "reinvestment_rate": 208.75,
            "research_to_sale_ratio": 1.37,
            "price_fair": 13.88,
            "eps_avg_yearly": 0.4,
            "eps_latest_yearly": 0.04,
            "eps_growth_yearly": 740.19
        },
        "20113": {
            "year_quarter": 20113,
            "year": 2011,
            "quarter": 3,
            "eps": 0.27,
            "eps_growth_year": 275.03,
            "eps_4q": 0.36,
            "eps_4q_growth_year": 43.49,
            "roe": 1.65,
            "roe_4q": 1.5799999999999996,
            "gross_profit": 63996,
            "gross_margin": 38.86,
            "gross_margin_4q_avg": 34.61,
            "net_income": 12501,
            "revenue": 164693,
            "common_shares": 502738,
            "book_valuer_per_share": 14.08,
            "book_valuer_per_share_4q_avg": 13.67,
            "equity": 760470,
            "current_ratio": 273.52,
            "debt_ratio": 31.4,
            "inventory_turnover_ratio": 0.97,
            "account_receivable_turnover_ratio": 10.27,
            "reinvestment_rate": 232.88,
            "research_to_sale_ratio": 0.84,
            "price_fair": 16.45,
            "eps_avg_yearly": 0.47,
            "eps_latest_yearly": 1.08,
            "eps_growth_yearly": 1636.98
        },
        "20114": {
            "year_quarter": 20114,
            "year": 2011,
            "quarter": 4,
            "eps": -0,
            "eps_growth_year": -119.5,
            "eps_4q": 0.36,
            "eps_4q_growth_year": 76.49,
            "roe": -0.44,
            "roe_4q": 1.4899999999999998,
            "gross_profit": 52059,
            "gross_margin": 32.99,
            "gross_margin_4q_avg": 34.01,
            "net_income": -3244,
            "revenue": 157785,
            "common_shares": 507790,
            "book_valuer_per_share": 13.12,
            "book_valuer_per_share_4q_avg": 13.67,
            "equity": 728850,
            "current_ratio": 249.54,
            "debt_ratio": 32.32,
            "inventory_turnover_ratio": 1.05,
            "account_receivable_turnover_ratio": 8.12,
            "reinvestment_rate": 225.62,
            "research_to_sale_ratio": 0.79,
            "price_fair": 13.24,
            "eps_avg_yearly": 0.38,
            "eps_latest_yearly": 1.08,
            "eps_growth_yearly": 1553.07
        },
        "20121": {
            "year_quarter": 20121,
            "year": 2012,
            "quarter": 1,
            "eps": 0.14,
            "eps_growth_year": 75,
            "eps_4q": 0.43,
            "eps_4q_growth_year": 126.44,
            "roe": 0.91,
            "roe_4q": 2.02,
            "gross_profit": 56580,
            "gross_margin": 40.14,
            "gross_margin_4q_avg": 36.96,
            "net_income": 6678,
            "revenue": 140946,
            "common_shares": 507790,
            "book_valuer_per_share": 13.24,
            "book_valuer_per_share_4q_avg": 13.57,
            "equity": 733151,
            "current_ratio": 243.26,
            "debt_ratio": 32.46,
            "inventory_turnover_ratio": 0.85,
            "account_receivable_turnover_ratio": 6.7,
            "reinvestment_rate": 185.28,
            "research_to_sale_ratio": 1.11,
            "price_fair": 13.24,
            "eps_avg_yearly": 0.38,
            "eps_latest_yearly": 1.08,
            "eps_growth_yearly": 1553.07
        },
        "20122": {
            "year_quarter": 20122,
            "year": 2012,
            "quarter": 2,
            "eps": 0,
            "eps_growth_year": -48.42,
            "eps_4q": 0.39,
            "eps_4q_growth_year": 152.35,
            "roe": -0.13,
            "roe_4q": 1.99,
            "gross_profit": 48484,
            "gross_margin": 33.6,
            "gross_margin_4q_avg": 36.4,
            "net_income": -981,
            "revenue": 144276,
            "common_shares": 507790,
            "book_valuer_per_share": 13.24,
            "book_valuer_per_share_4q_avg": 13.42,
            "equity": 733206,
            "current_ratio": 272.41,
            "debt_ratio": 32.12,
            "inventory_turnover_ratio": 0.92,
            "account_receivable_turnover_ratio": 6.75,
            "reinvestment_rate": 186.83,
            "research_to_sale_ratio": 1.31,
            "price_fair": 13.24,
            "eps_avg_yearly": 0.38,
            "eps_latest_yearly": 1.08,
            "eps_growth_yearly": 1553.07
        },
        "20123": {
            "year_quarter": 20123,
            "year": 2012,
            "quarter": 3,
            "eps": 0.12,
            "eps_growth_year": -55.28,
            "eps_4q": 0.25,
            "eps_4q_growth_year": -30.54,
            "roe": 0.69,
            "roe_4q": 1.03,
            "gross_profit": 52818,
            "gross_margin": 34.36,
            "gross_margin_4q_avg": 35.27,
            "net_income": 5089,
            "revenue": 153725,
            "common_shares": 548413,
            "book_valuer_per_share": 12.37,
            "book_valuer_per_share_4q_avg": 12.99,
            "equity": 735534,
            "current_ratio": 223.52,
            "debt_ratio": 35.36,
            "inventory_turnover_ratio": 0.97,
            "account_receivable_turnover_ratio": 5.47,
            "reinvestment_rate": 178.84,
            "research_to_sale_ratio": 0.87,
            "price_fair": 12.88,
            "eps_avg_yearly": 0.37,
            "eps_latest_yearly": 1.08,
            "eps_growth_yearly": 1268.38
        },
        "20124": {
            "year_quarter": 20124,
            "year": 2012,
            "quarter": 4,
            "eps": 0.27,
            "eps_growth_year": null,
            "eps_4q": 0.53,
            "eps_4q_growth_year": 47.08,
            "roe": 0.49,
            "roe_4q": 1.96,
            "gross_profit": 68469,
            "gross_margin": 30.77,
            "gross_margin_4q_avg": 34.72,
            "net_income": 3632,
            "revenue": 222502,
            "common_shares": 548413,
            "book_valuer_per_share": 12.65,
            "book_valuer_per_share_4q_avg": 12.88,
            "equity": 739460,
            "current_ratio": 207.24,
            "debt_ratio": 30.58,
            "inventory_turnover_ratio": 1.61,
            "account_receivable_turnover_ratio": 7.82,
            "reinvestment_rate": 198.07,
            "research_to_sale_ratio": 2.03,
            "price_fair": 13.44,
            "eps_avg_yearly": 0.38,
            "eps_latest_yearly": 1.08,
            "eps_growth_yearly": 1281.72
        },
        "20131": {
            "year_quarter": 20131,
            "year": 2013,
            "quarter": 1,
            "eps": 0.03,
            "eps_growth_year": -78.57,
            "eps_4q": 0.43,
            "eps_4q_growth_year": 0.49,
            "roe": -0.04,
            "roe_4q": 1.0099999999999998,
            "gross_profit": 40109,
            "gross_margin": 28.3,
            "gross_margin_4q_avg": 31.76,
            "net_income": -298,
            "revenue": 141747,
            "common_shares": 548413,
            "book_valuer_per_share": 12.58,
            "book_valuer_per_share_4q_avg": 12.71,
            "equity": 735027,
            "current_ratio": 150.8,
            "debt_ratio": 30.13,
            "inventory_turnover_ratio": 1.15,
            "account_receivable_turnover_ratio": 7.36,
            "reinvestment_rate": 198.82,
            "research_to_sale_ratio": 0.76,
            "price_fair": 12.18,
            "eps_avg_yearly": 0.35,
            "eps_latest_yearly": 0.12,
            "eps_growth_yearly": 1265.29
        },
        "20132": {
            "year_quarter": 20132,
            "year": 2013,
            "quarter": 2,
            "eps": -0.08,
            "eps_growth_year": -1768.06,
            "eps_4q": 0.33,
            "eps_4q_growth_year": -15.24,
            "roe": -0.77,
            "roe_4q": 0.3699999999999999,
            "gross_profit": 40169,
            "gross_margin": 33,
            "gross_margin_4q_avg": 31.61,
            "net_income": -5570,
            "revenue": 121709,
            "common_shares": 548413,
            "book_valuer_per_share": 12.12,
            "book_valuer_per_share_4q_avg": 12.43,
            "equity": 708519,
            "current_ratio": 139.39,
            "debt_ratio": 31.96,
            "inventory_turnover_ratio": 0.81,
            "account_receivable_turnover_ratio": 6.8,
            "reinvestment_rate": 211.47,
            "research_to_sale_ratio": 0.82,
            "price_fair": 12.18,
            "eps_avg_yearly": 0.35,
            "eps_latest_yearly": 0.12,
            "eps_growth_yearly": 1265.29
        },
        "20133": {
            "year_quarter": 20133,
            "year": 2013,
            "quarter": 3,
            "eps": 0.11,
            "eps_growth_year": -9.05,
            "eps_4q": 0.34,
            "eps_4q_growth_year": 35.48,
            "roe": 0.89,
            "roe_4q": 0.57,
            "gross_profit": 52645,
            "gross_margin": 35.97,
            "gross_margin_4q_avg": 32.01,
            "net_income": 6404,
            "revenue": 146344,
            "common_shares": 573715,
            "book_valuer_per_share": 11.82,
            "book_valuer_per_share_4q_avg": 12.29,
            "equity": 729380,
            "current_ratio": 132.38,
            "debt_ratio": 30.14,
            "inventory_turnover_ratio": 0.85,
            "account_receivable_turnover_ratio": 7.25,
            "reinvestment_rate": 210.64,
            "research_to_sale_ratio": 0.66,
            "price_fair": 12.18,
            "eps_avg_yearly": 0.35,
            "eps_latest_yearly": 0.12,
            "eps_growth_yearly": 1265.29
        },
        "20134": {
            "year_quarter": 20134,
            "year": 2013,
            "quarter": 4,
            "eps": 0.27,
            "eps_growth_year": -2.25,
            "eps_4q": 0.34,
            "eps_4q_growth_year": -35.87,
            "roe": 1.86,
            "roe_4q": 1.94,
            "gross_profit": 62061,
            "gross_margin": 32.94,
            "gross_margin_4q_avg": 32.55,
            "net_income": 15047,
            "revenue": 188395,
            "common_shares": 651734,
            "book_valuer_per_share": 12.93,
            "book_valuer_per_share_4q_avg": 12.36,
            "equity": 892557,
            "current_ratio": 216.94,
            "debt_ratio": 21.61,
            "inventory_turnover_ratio": 1.14,
            "account_receivable_turnover_ratio": 8.36,
            "reinvestment_rate": 163.22,
            "research_to_sale_ratio": 4.59,
            "price_fair": 14.98,
            "eps_avg_yearly": 0.43,
            "eps_latest_yearly": 1.08,
            "eps_growth_yearly": 1353.82
        },
        "20141": {
            "year_quarter": 20141,
            "year": 2014,
            "quarter": 1,
            "eps": 0.06,
            "eps_growth_year": 100,
            "eps_4q": 0.37,
            "eps_4q_growth_year": -13.14,
            "roe": 0.33,
            "roe_4q": 2.31,
            "gross_profit": 51951,
            "gross_margin": 37.4,
            "gross_margin_4q_avg": 34.83,
            "net_income": 2980,
            "revenue": 138904,
            "common_shares": 661980,
            "book_valuer_per_share": 13.09,
            "book_valuer_per_share_4q_avg": 12.49,
            "equity": 914620,
            "current_ratio": 251.3,
            "debt_ratio": 18.99,
            "inventory_turnover_ratio": 0.72,
            "account_receivable_turnover_ratio": 6.03,
            "reinvestment_rate": 146.38,
            "research_to_sale_ratio": 3.54,
            "price_fair": 15.4,
            "eps_avg_yearly": 0.44,
            "eps_latest_yearly": 0.24,
            "eps_growth_yearly": 1345.56
        },
        "20142": {
            "year_quarter": 20142,
            "year": 2014,
            "quarter": 2,
            "eps": 0.04,
            "eps_growth_year": null,
            "eps_4q": 0.45,
            "eps_4q_growth_year": 36.49,
            "roe": 0.27,
            "roe_4q": 3.35,
            "gross_profit": 45485,
            "gross_margin": 35.23,
            "gross_margin_4q_avg": 35.39,
            "net_income": 2500,
            "revenue": 129113,
            "common_shares": 679980,
            "book_valuer_per_share": 13.04,
            "book_valuer_per_share_4q_avg": 12.72,
            "equity": 930065,
            "current_ratio": 264.43,
            "debt_ratio": 18.49,
            "inventory_turnover_ratio": 0.69,
            "account_receivable_turnover_ratio": 5.42,
            "reinvestment_rate": 95,
            "research_to_sale_ratio": 3.53,
            "price_fair": 15.54,
            "eps_avg_yearly": 0.44,
            "eps_latest_yearly": 0.16,
            "eps_growth_yearly": 1332.23
        },
        "20143": {
            "year_quarter": 20143,
            "year": 2014,
            "quarter": 3,
            "eps": 0.09,
            "eps_growth_year": -18.18,
            "eps_4q": 0.43,
            "eps_4q_growth_year": 26.09,
            "roe": 0.12,
            "roe_4q": 2.58,
            "gross_profit": 45433,
            "gross_margin": 28.44,
            "gross_margin_4q_avg": 33.5,
            "net_income": 1139,
            "revenue": 159728,
            "common_shares": 713700,
            "book_valuer_per_share": 12.73,
            "book_valuer_per_share_4q_avg": 12.95,
            "equity": 947064,
            "current_ratio": 272.24,
            "debt_ratio": 18.36,
            "inventory_turnover_ratio": 1.13,
            "account_receivable_turnover_ratio": 4.31,
            "reinvestment_rate": 38.32,
            "research_to_sale_ratio": 3.69,
            "price_fair": 15.82,
            "eps_avg_yearly": 0.45,
            "eps_latest_yearly": 0.36,
            "eps_growth_yearly": 1328.9
        },
        "20144": {
            "year_quarter": 20144,
            "year": 2014,
            "quarter": 4,
            "eps": 0.1,
            "eps_growth_year": -63.36,
            "eps_4q": 0.29,
            "eps_4q_growth_year": -15.69,
            "roe": 0.08,
            "roe_4q": 0.8,
            "gross_profit": 46968,
            "gross_margin": 29.16,
            "gross_margin_4q_avg": 32.56,
            "net_income": 747,
            "revenue": 161072,
            "common_shares": 716572,
            "book_valuer_per_share": 12.9,
            "book_valuer_per_share_4q_avg": 12.94,
            "equity": 957388,
            "current_ratio": 152.2,
            "debt_ratio": 27.2,
            "inventory_turnover_ratio": 1.32,
            "account_receivable_turnover_ratio": 3.34,
            "reinvestment_rate": 242.08,
            "research_to_sale_ratio": 3.7,
            "price_fair": 17.08,
            "eps_avg_yearly": 0.49,
            "eps_latest_yearly": 0.4,
            "eps_growth_yearly": 1367.63
        },
        "20151": {
            "year_quarter": 20151,
            "year": 2015,
            "quarter": 1,
            "eps": 0.15,
            "eps_growth_year": 150,
            "eps_4q": 0.38,
            "eps_4q_growth_year": 2.07,
            "roe": 1.02,
            "roe_4q": 1.4900000000000002,
            "gross_profit": 63579,
            "gross_margin": 32.43,
            "gross_margin_4q_avg": 31.32,
            "net_income": 9873,
            "revenue": 196060,
            "common_shares": 716572,
            "book_valuer_per_share": 13.2,
            "book_valuer_per_share_4q_avg": 12.97,
            "equity": 977612,
            "current_ratio": 139.15,
            "debt_ratio": 39.24,
            "inventory_turnover_ratio": 1.7,
            "account_receivable_turnover_ratio": 3.3,
            "reinvestment_rate": 383.62,
            "research_to_sale_ratio": 3.94,
            "price_fair": 18.06,
            "eps_avg_yearly": 0.52,
            "eps_latest_yearly": 0.6,
            "eps_growth_yearly": 1107.63
        },
        "20152": {
            "year_quarter": 20152,
            "year": 2015,
            "quarter": 2,
            "eps": 0.06,
            "eps_growth_year": 50,
            "eps_4q": 0.39,
            "eps_4q_growth_year": -14.44,
            "roe": 0.45,
            "roe_4q": 1.67,
            "gross_profit": 60515,
            "gross_margin": 36.79,
            "gross_margin_4q_avg": 31.71,
            "net_income": 4339,
            "revenue": 164466,
            "common_shares": 716572,
            "book_valuer_per_share": 12.94,
            "book_valuer_per_share_4q_avg": 12.94,
            "equity": 948723,
            "current_ratio": 134.9,
            "debt_ratio": 38.36,
            "inventory_turnover_ratio": 1.46,
            "account_receivable_turnover_ratio": 2.37,
            "reinvestment_rate": 477.9,
            "research_to_sale_ratio": 4.65,
            "price_fair": 18.76,
            "eps_avg_yearly": 0.54,
            "eps_latest_yearly": 0.24,
            "eps_growth_yearly": 1118.63
        },
        "20153": {
            "year_quarter": 20153,
            "year": 2015,
            "quarter": 3,
            "eps": 0.1,
            "eps_growth_year": 11.11,
            "eps_4q": 0.39,
            "eps_4q_growth_year": -8.7,
            "roe": 1.01,
            "roe_4q": 2.56,
            "gross_profit": 75784,
            "gross_margin": 39.79,
            "gross_margin_4q_avg": 34.54,
            "net_income": 9647,
            "revenue": 190463,
            "common_shares": 745235,
            "book_valuer_per_share": 12.6,
            "book_valuer_per_share_4q_avg": 12.91,
            "equity": 963321,
            "current_ratio": 125.02,
            "debt_ratio": 38.52,
            "inventory_turnover_ratio": 1.33,
            "account_receivable_turnover_ratio": 2.63,
            "reinvestment_rate": 468.57,
            "research_to_sale_ratio": 4.09,
            "price_fair": 16.38,
            "eps_avg_yearly": 0.47,
            "eps_latest_yearly": 0.4,
            "eps_growth_yearly": 105.29
        },
        "20154": {
            "year_quarter": 20154,
            "year": 2015,
            "quarter": 4,
            "eps": 0.21,
            "eps_growth_year": 115.43,
            "eps_4q": 0.51,
            "eps_4q_growth_year": 78.2,
            "roe": 1.82,
            "roe_4q": 4.300000000000001,
            "gross_profit": 97465,
            "gross_margin": 39.54,
            "gross_margin_4q_avg": 37.14,
            "net_income": 17704,
            "revenue": 246498,
            "common_shares": 750347,
            "book_valuer_per_share": 12.79,
            "book_valuer_per_share_4q_avg": 12.88,
            "equity": 983234,
            "current_ratio": 130.63,
            "debt_ratio": 37.73,
            "inventory_turnover_ratio": 1.39,
            "account_receivable_turnover_ratio": 3.22,
            "reinvestment_rate": 395.08,
            "research_to_sale_ratio": 3.17,
            "price_fair": 17.56,
            "eps_avg_yearly": 0.5,
            "eps_latest_yearly": 0.84,
            "eps_growth_yearly": 135.72
        },
        "20161": {
            "year_quarter": 20161,
            "year": 2016,
            "quarter": 1,
            "eps": 0.13,
            "eps_growth_year": -13.33,
            "eps_4q": 0.5,
            "eps_4q_growth_year": 30.81,
            "roe": 1.26,
            "roe_4q": 4.54,
            "gross_profit": 73110,
            "gross_margin": 37.86,
            "gross_margin_4q_avg": 38.5,
            "net_income": 12398,
            "revenue": 193126,
            "common_shares": 750347,
            "book_valuer_per_share": 12.9,
            "book_valuer_per_share_4q_avg": 12.81,
            "equity": 990546,
            "current_ratio": 136.34,
            "debt_ratio": 36.41,
            "inventory_turnover_ratio": 0.98,
            "account_receivable_turnover_ratio": 2.87,
            "reinvestment_rate": 381.32,
            "research_to_sale_ratio": 2.5,
            "price_fair": 17.62,
            "eps_avg_yearly": 0.5,
            "eps_latest_yearly": 0.52,
            "eps_growth_yearly": 111.71
        },
        "20162": {
            "year_quarter": 20162,
            "year": 2016,
            "quarter": 2,
            "eps": 0.02,
            "eps_growth_year": -66.67,
            "eps_4q": 0.43,
            "eps_4q_growth_year": 12.32,
            "roe": 0.02,
            "roe_4q": 4.11,
            "gross_profit": 60423,
            "gross_margin": 35.21,
            "gross_margin_4q_avg": 38.1,
            "net_income": 199,
            "revenue": 171623,
            "common_shares": 750347,
            "book_valuer_per_share": 12.66,
            "book_valuer_per_share_4q_avg": 12.74,
            "equity": 966378,
            "current_ratio": 136.78,
            "debt_ratio": 38.9,
            "inventory_turnover_ratio": 0.83,
            "account_receivable_turnover_ratio": 2.76,
            "reinvestment_rate": 366.67,
            "research_to_sale_ratio": 2.72,
            "price_fair": 16.48,
            "eps_avg_yearly": 0.47,
            "eps_latest_yearly": 0.08,
            "eps_growth_yearly": 77.08
        },
        "20163": {
            "year_quarter": 20163,
            "year": 2016,
            "quarter": 3,
            "eps": -0.07,
            "eps_growth_year": -170,
            "eps_4q": 0.27,
            "eps_4q_growth_year": -30.72,
            "roe": -0.55,
            "roe_4q": 2.55,
            "gross_profit": 44126,
            "gross_margin": 37.72,
            "gross_margin_4q_avg": 37.58,
            "net_income": -5242,
            "revenue": 116993,
            "common_shares": 787535,
            "book_valuer_per_share": 11.91,
            "book_valuer_per_share_4q_avg": 12.57,
            "equity": 954193,
            "current_ratio": 128.28,
            "debt_ratio": 40.2,
            "inventory_turnover_ratio": 0.52,
            "account_receivable_turnover_ratio": 2.16,
            "reinvestment_rate": 449.38,
            "research_to_sale_ratio": 0.81,
            "price_fair": 16.48,
            "eps_avg_yearly": 0.47,
            "eps_latest_yearly": 0.08,
            "eps_growth_yearly": 77.08
        },
        "20164": {
            "year_quarter": 20164,
            "year": 2016,
            "quarter": 4,
            "eps": 0.08,
            "eps_growth_year": -63.88,
            "eps_4q": 0.15,
            "eps_4q_growth_year": -70.74,
            "roe": 1.11,
            "roe_4q": 1.84,
            "gross_profit": 45324,
            "gross_margin": 31.41,
            "gross_margin_4q_avg": 35.55,
            "net_income": 10649,
            "revenue": 144314,
            "common_shares": 787535,
            "book_valuer_per_share": 11.97,
            "book_valuer_per_share_4q_avg": 12.36,
            "equity": 962541,
            "current_ratio": 123.1,
            "debt_ratio": 41.57,
            "inventory_turnover_ratio": 0.64,
            "account_receivable_turnover_ratio": 3.72,
            "reinvestment_rate": 464.55,
            "research_to_sale_ratio": 0.74,
            "price_fair": 14.7,
            "eps_avg_yearly": 0.42,
            "eps_latest_yearly": 0.08,
            "eps_growth_yearly": 41.84
        },
        "20171": {
            "year_quarter": 20171,
            "year": 2017,
            "quarter": 1,
            "eps": 0.04,
            "eps_growth_year": -69.23,
            "eps_4q": 0.07,
            "eps_4q_growth_year": -86.81,
            "roe": 0.36,
            "roe_4q": 0.9400000000000002,
            "gross_profit": 52060,
            "gross_margin": 36.13,
            "gross_margin_4q_avg": 35.12,
            "net_income": 3412,
            "revenue": 144074,
            "common_shares": 787535,
            "book_valuer_per_share": 11.85,
            "book_valuer_per_share_4q_avg": 12.1,
            "equity": 952045,
            "current_ratio": 73.59,
            "debt_ratio": 41.08,
            "inventory_turnover_ratio": 0.57,
            "account_receivable_turnover_ratio": 3.69,
            "reinvestment_rate": 460.63,
            "research_to_sale_ratio": 0.67,
            "price_fair": 14.82,
            "eps_avg_yearly": 0.42,
            "eps_latest_yearly": 0.16,
            "eps_growth_yearly": 54.8
        },
        "20172": {
            "year_quarter": 20172,
            "year": 2017,
            "quarter": 2,
            "eps": -0.13,
            "eps_growth_year": -750,
            "eps_4q": -0.08,
            "eps_4q_growth_year": -117.96,
            "roe": -1.04,
            "roe_4q": -0.12,
            "gross_profit": 39813,
            "gross_margin": 32.18,
            "gross_margin_4q_avg": 34.36,
            "net_income": -9784,
            "revenue": 123735,
            "common_shares": 787535,
            "book_valuer_per_share": 11.7,
            "book_valuer_per_share_4q_avg": 11.86,
            "equity": 937059,
            "current_ratio": 75.49,
            "debt_ratio": 40.69,
            "inventory_turnover_ratio": 0.51,
            "account_receivable_turnover_ratio": 2.7,
            "reinvestment_rate": 485,
            "research_to_sale_ratio": 0.54,
            "price_fair": 14.82,
            "eps_avg_yearly": 0.42,
            "eps_latest_yearly": 0.16,
            "eps_growth_yearly": 54.8
        },
        "20173": {
            "year_quarter": 20173,
            "year": 2017,
            "quarter": 3,
            "eps": -0.23,
            "eps_growth_year": null,
            "eps_4q": -0.24,
            "eps_4q_growth_year": -188.5,
            "roe": -2,
            "roe_4q": -1.57,
            "gross_profit": 37816,
            "gross_margin": 34.06,
            "gross_margin_4q_avg": 33.45,
            "net_income": -18547,
            "revenue": 111022,
            "common_shares": 818773,
            "book_valuer_per_share": 11.06,
            "book_valuer_per_share_4q_avg": 11.65,
            "equity": 921877,
            "current_ratio": 77.13,
            "debt_ratio": 38.94,
            "inventory_turnover_ratio": 0.45,
            "account_receivable_turnover_ratio": 2.35,
            "reinvestment_rate": 663.02,
            "research_to_sale_ratio": 0.68,
            "price_fair": 14.82,
            "eps_avg_yearly": 0.42,
            "eps_latest_yearly": 0.16,
            "eps_growth_yearly": 54.8
        },
        "20174": {
            "year_quarter": 20174,
            "year": 2017,
            "quarter": 4,
            "eps": -2.54,
            "eps_growth_year": -3447.57,
            "eps_4q": -2.86,
            "eps_4q_growth_year": -2019.34,
            "roe": -27.12,
            "roe_4q": -29.8,
            "gross_profit": 2089,
            "gross_margin": 1.46,
            "gross_margin_4q_avg": 25.96,
            "net_income": -219849,
            "revenue": 142923,
            "common_shares": 818773,
            "book_valuer_per_share": 8.5,
            "book_valuer_per_share_4q_avg": 10.78,
            "equity": 699596,
            "current_ratio": 65.61,
            "debt_ratio": 47.05,
            "inventory_turnover_ratio": 1.13,
            "account_receivable_turnover_ratio": 4.3,
            "reinvestment_rate": null,
            "research_to_sale_ratio": 0.62,
            "price_fair": 6.14,
            "eps_avg_yearly": 0.36,
            "eps_latest_yearly": 0.16,
            "eps_growth_yearly": 6.89
        },
        "20181": {
            "year_quarter": 20181,
            "year": 2018,
            "quarter": 1,
            "eps": -0.13,
            "eps_growth_year": -425,
            "eps_4q": -3.03,
            "eps_4q_growth_year": -4729.38,
            "roe": -1.51,
            "roe_4q": -31.67,
            "gross_profit": 23548,
            "gross_margin": 23.96,
            "gross_margin_4q_avg": 22.92,
            "net_income": -10537,
            "revenue": 98262,
            "common_shares": 818773,
            "book_valuer_per_share": 8.44,
            "book_valuer_per_share_4q_avg": 9.93,
            "equity": 694612,
            "current_ratio": 66.38,
            "debt_ratio": 48.38,
            "inventory_turnover_ratio": 0.66,
            "account_receivable_turnover_ratio": 5.87,
            "reinvestment_rate": null,
            "research_to_sale_ratio": 0.59,
            "price_fair": 13.16,
            "eps_avg_yearly": 0.38,
            "eps_latest_yearly": 0.16,
            "eps_growth_yearly": 38.69
        },
        "20182": {
            "year_quarter": 20182,
            "year": 2018,
            "quarter": 2,
            "eps": -0.34,
            "eps_growth_year": null,
            "eps_4q": -3.24,
            "eps_4q_growth_year": null,
            "roe": -4.13,
            "roe_4q": -34.76,
            "gross_profit": 31181,
            "gross_margin": 29.31,
            "gross_margin_4q_avg": 22.2,
            "net_income": -28173,
            "revenue": 106396,
            "common_shares": 818773,
            "book_valuer_per_share": 8.16,
            "book_valuer_per_share_4q_avg": 9.04,
            "equity": 670999,
            "current_ratio": 66.8,
            "debt_ratio": 48.82,
            "inventory_turnover_ratio": 0.62,
            "account_receivable_turnover_ratio": 8.06,
            "reinvestment_rate": null,
            "research_to_sale_ratio": 0.44,
            "price_fair": 14,
            "eps_avg_yearly": 0.4,
            "eps_latest_yearly": 0.16,
            "eps_growth_yearly": 57.81
        },
        "20183": {
            "year_quarter": 20183,
            "year": 2018,
            "quarter": 3,
            "eps": 0,
            "eps_growth_year": null,
            "eps_4q": -3.01,
            "eps_4q_growth_year": null,
            "roe": -0.11,
            "roe_4q": -32.870000000000005,
            "gross_profit": 31521,
            "gross_margin": 32.1,
            "gross_margin_4q_avg": 21.71,
            "net_income": -717,
            "revenue": 98201,
            "common_shares": 813773,
            "book_valuer_per_share": 8.19,
            "book_valuer_per_share_4q_avg": 8.32,
            "equity": 672287,
            "current_ratio": 100.64,
            "debt_ratio": 47.9,
            "inventory_turnover_ratio": 0.61,
            "account_receivable_turnover_ratio": 6.7,
            "reinvestment_rate": null,
            "research_to_sale_ratio": 0.55,
            "price_fair": 5.08,
            "eps_avg_yearly": 0.41,
            "eps_latest_yearly": 0.16,
            "eps_growth_yearly": 2.53
        },
        "20184": {
            "year_quarter": 20184,
            "year": 2018,
            "quarter": 4,
            "eps": 0.5,
            "eps_growth_year": null,
            "eps_4q": 0.03,
            "eps_4q_growth_year": null,
            "roe": 5.73,
            "roe_4q": -0.019999999999999796,
            "gross_profit": 23576,
            "gross_margin": 23.77,
            "gross_margin_4q_avg": 27.29,
            "net_income": 39752,
            "revenue": 99171,
            "common_shares": 812183,
            "book_valuer_per_share": 8.71,
            "book_valuer_per_share_4q_avg": 8.38,
            "equity": 714186,
            "current_ratio": 109.14,
            "debt_ratio": 36.15,
            "inventory_turnover_ratio": 0.78,
            "account_receivable_turnover_ratio": 6.37,
            "reinvestment_rate": null,
            "research_to_sale_ratio": 0.55,
            "price_fair": 1.22,
            "eps_avg_yearly": 0.41,
            "eps_latest_yearly": 0.16,
            "eps_growth_yearly": -3.45
        },
        "20191": {
            "year_quarter": 20191,
            "year": 2019,
            "quarter": 1,
            "eps": -0.15,
            "eps_growth_year": null,
            "eps_4q": 0.04,
            "eps_4q_growth_year": null,
            "roe": -1.54,
            "roe_4q": -0.04999999999999982,
            "gross_profit": 23590,
            "gross_margin": 26.04,
            "gross_margin_4q_avg": 27.81,
            "net_income": -10913,
            "revenue": 90593,
            "common_shares": 689367,
            "book_valuer_per_share": 10.14,
            "book_valuer_per_share_4q_avg": 8.8,
            "equity": 700668,
            "current_ratio": 183.98,
            "debt_ratio": 27.56,
            "inventory_turnover_ratio": 0.74,
            "account_receivable_turnover_ratio": 5.53,
            "reinvestment_rate": null,
            "research_to_sale_ratio": 0.65,
            "price_fair": 1.12,
            "eps_avg_yearly": 0.37,
            "eps_latest_yearly": 0.16,
            "eps_growth_yearly": -37.36
        },
        "20192": {
            "year_quarter": 20192,
            "year": 2019,
            "quarter": 2,
            "eps": 0.02,
            "eps_growth_year": null,
            "eps_4q": 0.46,
            "eps_4q_growth_year": null,
            "roe": 0.28,
            "roe_4q": 4.36,
            "gross_profit": 28651,
            "gross_margin": 29.69,
            "gross_margin_4q_avg": 27.9,
            "net_income": 2002,
            "revenue": 96498,
            "common_shares": 689367,
            "book_valuer_per_share": 10.37,
            "book_valuer_per_share_4q_avg": 9.35,
            "equity": 716157,
            "current_ratio": 133.58,
            "debt_ratio": 21.65,
            "inventory_turnover_ratio": 0.76,
            "account_receivable_turnover_ratio": 4.93,
            "reinvestment_rate": null,
            "research_to_sale_ratio": 0.55,
            "price_fair": 5.27,
            "eps_avg_yearly": 0.4,
            "eps_latest_yearly": 0.16,
            "eps_growth_yearly": 3.16
        },
        "20193": {
            "year_quarter": 20193,
            "year": 2019,
            "quarter": 3,
            "eps": -0.02,
            "eps_growth_year": null,
            "eps_4q": 0.44,
            "eps_4q_growth_year": null,
            "roe": -0.14,
            "roe_4q": 4.33,
            "gross_profit": 23527,
            "gross_margin": 33.77,
            "gross_margin_4q_avg": 28.32,
            "net_income": -1026,
            "revenue": 69662,
            "common_shares": 689367,
            "book_valuer_per_share": 10.28,
            "book_valuer_per_share_4q_avg": 9.88,
            "equity": 709402,
            "current_ratio": 137.3,
            "debt_ratio": 20.65,
            "inventory_turnover_ratio": 0.53,
            "account_receivable_turnover_ratio": 3.01,
            "reinvestment_rate": null,
            "research_to_sale_ratio": 0.86,
            "price_fair": 1.2,
            "eps_avg_yearly": 0.4,
            "eps_latest_yearly": 0.16,
            "eps_growth_yearly": -62.71
        },
        "20194": {
            "year_quarter": 20194,
            "year": 2019,
            "quarter": 4,
            "eps": -0.21,
            "eps_growth_year": -141.44,
            "eps_4q": -0.36,
            "eps_4q_growth_year": -1265.83,
            "roe": -2.06,
            "roe_4q": -3.46,
            "gross_profit": 12198,
            "gross_margin": 14.13,
            "gross_margin_4q_avg": 25.91,
            "net_income": -14480,
            "revenue": 86309,
            "common_shares": 689367,
            "book_valuer_per_share": 10.09,
            "book_valuer_per_share_4q_avg": 10.22,
            "equity": 694883,
            "current_ratio": 134.24,
            "debt_ratio": 18.8,
            "inventory_turnover_ratio": 1.08,
            "account_receivable_turnover_ratio": 5.07,
            "reinvestment_rate": null,
            "research_to_sale_ratio": 0.24,
            "price_fair": 0.76,
            "eps_avg_yearly": 0.25,
            "eps_latest_yearly": 0.16,
            "eps_growth_yearly": -230.28
        },
        "20201": {
            "year_quarter": 20201,
            "year": 2020,
            "quarter": 1,
            "eps": -0.04,
            "eps_growth_year": null,
            "eps_4q": -0.24,
            "eps_4q_growth_year": -740.82,
            "roe": -0.46,
            "roe_4q": -2.38,
            "gross_profit": 18862,
            "gross_margin": 25.34,
            "gross_margin_4q_avg": 25.73,
            "net_income": -3199,
            "revenue": 74434,
            "common_shares": 689367,
            "book_valuer_per_share": 10.1,
            "book_valuer_per_share_4q_avg": 10.21,
            "equity": 695226,
            "current_ratio": 150.24,
            "debt_ratio": 15.66,
            "inventory_turnover_ratio": 1.13,
            "account_receivable_turnover_ratio": 6.82,
            "reinvestment_rate": null,
            "research_to_sale_ratio": 0.01,
            "price_fair": 0.36,
            "eps_avg_yearly": 0.12,
            "eps_latest_yearly": 0.16,
            "eps_growth_yearly": -269.23
        },
        "20202": {
            "year_quarter": 20202,
            "year": 2020,
            "quarter": 2,
            "eps": -0.36,
            "eps_growth_year": -1900,
            "eps_4q": -0.62,
            "eps_4q_growth_year": -234.88,
            "roe": -3.63,
            "roe_4q": -6.29,
            "gross_profit": -8912,
            "gross_margin": -13.93,
            "gross_margin_4q_avg": 14.83,
            "net_income": -24564,
            "revenue": 63993,
            "common_shares": 689367,
            "book_valuer_per_share": 9.54,
            "book_valuer_per_share_4q_avg": 10,
            "equity": 656548,
            "current_ratio": 127.65,
            "debt_ratio": 16.4,
            "inventory_turnover_ratio": 2.32,
            "account_receivable_turnover_ratio": 6.27,
            "reinvestment_rate": null,
            "research_to_sale_ratio": 0.08,
            "price_fair": 0.48,
            "eps_avg_yearly": 0.16,
            "eps_latest_yearly": 0.16,
            "eps_growth_yearly": -200
        },
        "20203": {
            "year_quarter": 20203,
            "year": 2020,
            "quarter": 3,
            "eps": 0.07,
            "eps_growth_year": null,
            "eps_4q": -0.53,
            "eps_4q_growth_year": -219.47,
            "roe": 0.77,
            "roe_4q": -5.38,
            "gross_profit": 19028,
            "gross_margin": 35.01,
            "gross_margin_4q_avg": 15.14,
            "net_income": 5024,
            "revenue": 54351,
            "common_shares": 689367,
            "book_valuer_per_share": 9.41,
            "book_valuer_per_share_4q_avg": 9.79,
            "equity": 647725,
            "current_ratio": 136.72,
            "debt_ratio": 13.26,
            "inventory_turnover_ratio": 1.87,
            "account_receivable_turnover_ratio": 6.38,
            "reinvestment_rate": null,
            "research_to_sale_ratio": 0.11,
            "price_fair": 0.48,
            "eps_avg_yearly": 0.16,
            "eps_latest_yearly": 0.16,
            "eps_growth_yearly": -200
        },
        "20204": {
            "year_quarter": 20204,
            "year": 2020,
            "quarter": 4,
            "eps": -0.11,
            "eps_growth_year": null,
            "eps_4q": -0.36,
            "eps_4q_growth_year": null,
            "roe": -1.28,
            "roe_4q": -4.6,
            "gross_profit": 12736,
            "gross_margin": 16.43,
            "gross_margin_4q_avg": 15.71,
            "net_income": -9958,
            "revenue": 77512,
            "common_shares": 889367,
            "book_valuer_per_share": 10.22,
            "book_valuer_per_share_4q_avg": 9.82,
            "equity": 907971,
            "current_ratio": 478.78,
            "debt_ratio": 8.23,
            "inventory_turnover_ratio": 3.79,
            "account_receivable_turnover_ratio": 9.62,
            "reinvestment_rate": null,
            "research_to_sale_ratio": 0.05,
            "price_fair": 0.48,
            "eps_avg_yearly": 0.16,
            "eps_latest_yearly": 0.16,
            "eps_growth_yearly": -200
        },
        "20211": {
            "year_quarter": 20211,
            "year": 2021,
            "quarter": 1,
            "eps": -0.03,
            "eps_growth_year": null,
            "eps_4q": -0.36,
            "eps_4q_growth_year": null,
            "roe": -0.34,
            "roe_4q": -4.48,
            "gross_profit": 16710,
            "gross_margin": 30.93,
            "gross_margin_4q_avg": 17.11,
            "net_income": -3044,
            "revenue": 54019,
            "common_shares": 889367,
            "book_valuer_per_share": 10.12,
            "book_valuer_per_share_4q_avg": 9.82,
            "equity": 898744,
            "current_ratio": 595,
            "debt_ratio": 6.44,
            "inventory_turnover_ratio": 2.37,
            "account_receivable_turnover_ratio": 7.49,
            "reinvestment_rate": null,
            "research_to_sale_ratio": 0.07,
            "price_fair": 0,
            "eps_avg_yearly": 0,
            "eps_latest_yearly": 0,
            "eps_growth_yearly": 0
        },
        "20212": {
            "year_quarter": 20212,
            "year": 2021,
            "quarter": 2,
            "eps": 0,
            "eps_growth_year": null,
            "eps_4q": -0.09,
            "eps_4q_growth_year": null,
            "roe": -0.05,
            "roe_4q": -0.8999999999999999,
            "gross_profit": 18854,
            "gross_margin": 36.83,
            "gross_margin_4q_avg": 29.8,
            "net_income": -440,
            "revenue": 51191,
            "common_shares": 889367,
            "book_valuer_per_share": 10.12,
            "book_valuer_per_share_4q_avg": 9.97,
            "equity": 898661,
            "current_ratio": 586.58,
            "debt_ratio": 6.6,
            "inventory_turnover_ratio": 1.7,
            "account_receivable_turnover_ratio": 9.78,
            "reinvestment_rate": null,
            "research_to_sale_ratio": 0.79,
            "price_fair": 0,
            "eps_avg_yearly": 0,
            "eps_latest_yearly": 0,
            "eps_growth_yearly": 0
        },
        "20213": {
            "year_quarter": 20213,
            "year": 2021,
            "quarter": 3,
            "eps": 0.01,
            "eps_growth_year": -85.71,
            "eps_4q": -0.14,
            "eps_4q_growth_year": null,
            "roe": 0.05,
            "roe_4q": -1.62,
            "gross_profit": 18095,
            "gross_margin": 32.6,
            "gross_margin_4q_avg": 29.2,
            "net_income": 489,
            "revenue": 55507,
            "common_shares": 889367,
            "book_valuer_per_share": 10.07,
            "book_valuer_per_share_4q_avg": 10.13,
            "equity": 894592,
            "current_ratio": 557.06,
            "debt_ratio": 6.36,
            "inventory_turnover_ratio": 1.92,
            "account_receivable_turnover_ratio": 11.46,
            "reinvestment_rate": null,
            "research_to_sale_ratio": 2.73,
            "price_fair": 0,
            "eps_avg_yearly": 0,
            "eps_latest_yearly": 0,
            "eps_growth_yearly": 0
        },
        "20214": {
            "year_quarter": 20214,
            "year": 2021,
            "quarter": 4,
            "eps": 0.09,
            "eps_growth_year": null,
            "eps_4q": 0.06,
            "eps_4q_growth_year": null,
            "roe": 0.88,
            "roe_4q": 0.54,
            "gross_profit": 30111,
            "gross_margin": 36.83,
            "gross_margin_4q_avg": 34.3,
            "net_income": 8094,
            "revenue": 81764,
            "common_shares": 889367,
            "book_valuer_per_share": 10.21,
            "book_valuer_per_share_4q_avg": 10.13,
            "equity": 934932,
            "current_ratio": 415.35,
            "debt_ratio": 8.47,
            "inventory_turnover_ratio": 2.71,
            "account_receivable_turnover_ratio": 8.9,
            "reinvestment_rate": null,
            "research_to_sale_ratio": 2.02,
            "price_fair": 12.6,
            "eps_avg_yearly": 0.36,
            "eps_latest_yearly": 0.36,
            "eps_growth_yearly": 3200
        },
        "20221": {
            "year_quarter": 20221,
            "year": 2022,
            "quarter": 1,
            "eps": -0.02,
            "eps_growth_year": null,
            "eps_4q": 0.07,
            "eps_4q_growth_year": null,
            "roe": -0.2,
            "roe_4q": 0.6799999999999999,
            "gross_profit": 27652,
            "gross_margin": 36.24,
            "gross_margin_4q_avg": 35.63,
            "net_income": -1902,
            "revenue": 76309,
            "common_shares": 889367,
            "book_valuer_per_share": 10.31,
            "book_valuer_per_share_4q_avg": 10.18,
            "equity": 943980,
            "current_ratio": 389.13,
            "debt_ratio": 8.71,
            "inventory_turnover_ratio": 2,
            "account_receivable_turnover_ratio": 5.91,
            "reinvestment_rate": null,
            "research_to_sale_ratio": 2.45,
            "price_fair": 12.6,
            "eps_avg_yearly": 0.36,
            "eps_latest_yearly": 0.36,
            "eps_growth_yearly": 3200
        },
        "20222": {
            "year_quarter": 20222,
            "year": 2022,
            "quarter": 2,
            "eps": -0.02,
            "eps_growth_year": null,
            "eps_4q": 0.06,
            "eps_4q_growth_year": null,
            "roe": -0.43,
            "roe_4q": 0.3,
            "gross_profit": 24965,
            "gross_margin": 36.14,
            "gross_margin_4q_avg": 35.45,
            "net_income": -4007,
            "revenue": 69070,
            "common_shares": 889367,
            "book_valuer_per_share": 10.15,
            "book_valuer_per_share_4q_avg": 10.19,
            "equity": 927271,
            "current_ratio": 384.56,
            "debt_ratio": 8.35,
            "inventory_turnover_ratio": 1.45,
            "account_receivable_turnover_ratio": 6.49,
            "reinvestment_rate": null,
            "research_to_sale_ratio": 3.77,
            "price_fair": 12.6,
            "eps_avg_yearly": 0.36,
            "eps_latest_yearly": 0.36,
            "eps_growth_yearly": 3200
        },
        "20223": {
            "year_quarter": 20223,
            "year": 2022,
            "quarter": 3,
            "eps": 0.03,
            "eps_growth_year": 200,
            "eps_4q": 0.08,
            "eps_4q_growth_year": null,
            "roe": 0.12,
            "roe_4q": 0.37,
            "gross_profit": 31379,
            "gross_margin": 36.89,
            "gross_margin_4q_avg": 36.53,
            "net_income": 1082,
            "revenue": 85067,
            "common_shares": 889367,
            "book_valuer_per_share": 10.08,
            "book_valuer_per_share_4q_avg": 10.19,
            "equity": 919609,
            "current_ratio": 431.98,
            "debt_ratio": 7.78,
            "inventory_turnover_ratio": 1.78,
            "account_receivable_turnover_ratio": 9.21,
            "reinvestment_rate": null,
            "research_to_sale_ratio": 2.17,
            "price_fair": 12.6,
            "eps_avg_yearly": 0.36,
            "eps_latest_yearly": 0.36,
            "eps_growth_yearly": 3200
        },
        "20224": {
            "year_quarter": 20224,
            "year": 2022,
            "quarter": 4,
            "eps": -0.05,
            "eps_growth_year": -153.21,
            "eps_4q": -0.06,
            "eps_4q_growth_year": -202.43,
            "roe": -0.18,
            "roe_4q": -0.69,
            "gross_profit": 32512,
            "gross_margin": 37.25,
            "gross_margin_4q_avg": 36.63,
            "net_income": -1616,
            "revenue": 87270,
            "common_shares": 889367,
            "book_valuer_per_share": 10.1,
            "book_valuer_per_share_4q_avg": 10.16,
            "equity": 923962,
            "current_ratio": 431.48,
            "debt_ratio": 7.97,
            "inventory_turnover_ratio": 2.02,
            "account_receivable_turnover_ratio": 8.65,
            "reinvestment_rate": null,
            "research_to_sale_ratio": 3,
            "price_fair": 12.6,
            "eps_avg_yearly": 0.36,
            "eps_latest_yearly": 0.36,
            "eps_growth_yearly": 3200
        },
        "20231": {
            "year_quarter": 20231,
            "year": 2023,
            "quarter": 1,
            "eps": -0.26,
            "eps_growth_year": null,
            "eps_4q": -0.29,
            "eps_4q_growth_year": -516,
            "roe": -2.45,
            "roe_4q": -2.9400000000000004,
            "gross_profit": 32335,
            "gross_margin": 41.32,
            "gross_margin_4q_avg": 37.9,
            "net_income": -22557,
            "revenue": 78260,
            "common_shares": 889367,
            "book_valuer_per_share": 10,
            "book_valuer_per_share_4q_avg": 10.08,
            "equity": 915805,
            "current_ratio": 409.49,
            "debt_ratio": 7.9,
            "inventory_turnover_ratio": 1.72,
            "account_receivable_turnover_ratio": 6.75,
            "reinvestment_rate": null,
            "research_to_sale_ratio": 2.78,
            "price_fair": 12.6,
            "eps_avg_yearly": 0.36,
            "eps_latest_yearly": 0.36,
            "eps_growth_yearly": 3200
        }
    },
    "months": {
        "2002-08": {
            "month": "2002-08",
            "price": "37.76",
            "revenue": 49328
        },
        "2002-09": {
            "month": "2002-09",
            "price": "33.84",
            "revenue": 46832
        },
        "2002-10": {
            "month": "2002-10",
            "price": "31.71",
            "revenue": 49724
        },
        "2002-11": {
            "month": "2002-11",
            "price": "33.29",
            "revenue": 48744
        },
        "2002-12": {
            "month": "2002-12",
            "price": "31.62",
            "revenue": 62736
        },
        "2003-01": {
            "month": "2003-01",
            "price": "30.51",
            "revenue": 46810
        },
        "2003-02": {
            "month": "2003-02",
            "price": "29.79",
            "revenue": 45607
        },
        "2003-03": {
            "month": "2003-03",
            "price": "27.17",
            "revenue": 57903
        },
        "2003-04": {
            "month": "2003-04",
            "price": "28.08",
            "revenue": 57268
        },
        "2003-05": {
            "month": "2003-05",
            "price": "27.58",
            "revenue": 109650
        },
        "2003-06": {
            "month": "2003-06",
            "price": "31.52",
            "revenue": 78745
        },
        "2003-07": {
            "month": "2003-07",
            "price": "34.19",
            "revenue": 45928
        },
        "2003-08": {
            "month": "2003-08",
            "price": "33.05",
            "revenue": 51041
        },
        "2003-09": {
            "month": "2003-09",
            "price": "30.92",
            "revenue": 65576
        },
        "2003-10": {
            "month": "2003-10",
            "price": "29.29",
            "revenue": 70467
        },
        "2003-11": {
            "month": "2003-11",
            "price": "29.20",
            "revenue": 64347
        },
        "2003-12": {
            "month": "2003-12",
            "price": "28.62",
            "revenue": 89241
        },
        "2004-01": {
            "month": "2004-01",
            "price": "28.96",
            "revenue": 57518
        },
        "2004-02": {
            "month": "2004-02",
            "price": "29.56",
            "revenue": 79042
        },
        "2004-03": {
            "month": "2004-03",
            "price": "34.95",
            "revenue": 85270
        },
        "2004-04": {
            "month": "2004-04",
            "price": "37.35",
            "revenue": 91761
        },
        "2004-05": {
            "month": "2004-05",
            "price": "34.20",
            "revenue": 68687
        },
        "2004-06": {
            "month": "2004-06",
            "price": "32.91",
            "revenue": 62788
        },
        "2004-07": {
            "month": "2004-07",
            "price": "30.01",
            "revenue": 68841
        },
        "2004-08": {
            "month": "2004-08",
            "price": "24.16",
            "revenue": 89235
        },
        "2004-09": {
            "month": "2004-09",
            "price": "22.67",
            "revenue": 48002
        },
        "2004-10": {
            "month": "2004-10",
            "price": "22.84",
            "revenue": 60610
        },
        "2004-11": {
            "month": "2004-11",
            "price": "22.20",
            "revenue": 78847
        },
        "2004-12": {
            "month": "2004-12",
            "price": "22.10",
            "revenue": 142908
        },
        "2005-01": {
            "month": "2005-01",
            "price": "23.02",
            "revenue": 42202
        },
        "2005-02": {
            "month": "2005-02",
            "price": "23.35",
            "revenue": 41907
        },
        "2005-03": {
            "month": "2005-03",
            "price": "22.65",
            "revenue": 76870
        },
        "2005-04": {
            "month": "2005-04",
            "price": "21.03",
            "revenue": 67679
        },
        "2005-05": {
            "month": "2005-05",
            "price": "20.51",
            "revenue": 70880
        },
        "2005-06": {
            "month": "2005-06",
            "price": "20.53",
            "revenue": 83066
        },
        "2005-07": {
            "month": "2005-07",
            "price": "21.32",
            "revenue": 54368
        },
        "2005-08": {
            "month": "2005-08",
            "price": "20.67",
            "revenue": 66441
        },
        "2005-09": {
            "month": "2005-09",
            "price": "17.88",
            "revenue": 60688
        },
        "2005-10": {
            "month": "2005-10",
            "price": "18.22",
            "revenue": 71291
        },
        "2005-11": {
            "month": "2005-11",
            "price": "17.70",
            "revenue": 68609
        },
        "2005-12": {
            "month": "2005-12",
            "price": "17.04",
            "revenue": 124062
        },
        "2006-01": {
            "month": "2006-01",
            "price": "16.00",
            "revenue": 32887
        },
        "2006-02": {
            "month": "2006-02",
            "price": "14.84",
            "revenue": 44402
        },
        "2006-03": {
            "month": "2006-03",
            "price": "15.53",
            "revenue": 65202
        },
        "2006-04": {
            "month": "2006-04",
            "price": "15.51",
            "revenue": 54989
        },
        "2006-05": {
            "month": "2006-05",
            "price": "14.72",
            "revenue": 100189
        },
        "2006-06": {
            "month": "2006-06",
            "price": "13.69",
            "revenue": 55902
        },
        "2006-07": {
            "month": "2006-07",
            "price": "13.71",
            "revenue": 50341
        },
        "2006-08": {
            "month": "2006-08",
            "price": "12.44",
            "revenue": 50708
        },
        "2006-09": {
            "month": "2006-09",
            "price": "12.03",
            "revenue": 46865
        },
        "2006-10": {
            "month": "2006-10",
            "price": "12.35",
            "revenue": 43453
        },
        "2006-11": {
            "month": "2006-11",
            "price": "14.82",
            "revenue": 62028
        },
        "2006-12": {
            "month": "2006-12",
            "price": "15.93",
            "revenue": 124058
        },
        "2007-01": {
            "month": "2007-01",
            "price": "16.91",
            "revenue": 35521
        },
        "2007-02": {
            "month": "2007-02",
            "price": "16.29",
            "revenue": 44923
        },
        "2007-03": {
            "month": "2007-03",
            "price": "17.05",
            "revenue": 44862
        },
        "2007-04": {
            "month": "2007-04",
            "price": "22.90",
            "revenue": 43281
        },
        "2007-05": {
            "month": "2007-05",
            "price": "21.23",
            "revenue": 64082
        },
        "2007-06": {
            "month": "2007-06",
            "price": "22.18",
            "revenue": 65495
        },
        "2007-07": {
            "month": "2007-07",
            "price": "34.63",
            "revenue": 52603
        },
        "2007-08": {
            "month": "2007-08",
            "price": "33.87",
            "revenue": 40999
        },
        "2007-09": {
            "month": "2007-09",
            "price": "33.36",
            "revenue": 39106
        },
        "2007-10": {
            "month": "2007-10",
            "price": "29.25",
            "revenue": 75769
        },
        "2007-11": {
            "month": "2007-11",
            "price": "22.86",
            "revenue": 56333
        },
        "2007-12": {
            "month": "2007-12",
            "price": "19.98",
            "revenue": 63169
        },
        "2008-01": {
            "month": "2008-01",
            "price": "17.81",
            "revenue": 55217
        },
        "2008-02": {
            "month": "2008-02",
            "price": "19.44",
            "revenue": 50189
        },
        "2008-03": {
            "month": "2008-03",
            "price": "22.76",
            "revenue": 32549
        },
        "2008-04": {
            "month": "2008-04",
            "price": "23.95",
            "revenue": 38962
        },
        "2008-05": {
            "month": "2008-05",
            "price": "23.54",
            "revenue": 51530
        },
        "2008-06": {
            "month": "2008-06",
            "price": "20.44",
            "revenue": 37322
        },
        "2008-07": {
            "month": "2008-07",
            "price": "16.13",
            "revenue": 39718
        },
        "2008-08": {
            "month": "2008-08",
            "price": "15.97",
            "revenue": 39899
        },
        "2008-09": {
            "month": "2008-09",
            "price": "13.34",
            "revenue": 59195
        },
        "2008-10": {
            "month": "2008-10",
            "price": "12.94",
            "revenue": 53242
        },
        "2008-11": {
            "month": "2008-11",
            "price": "12.88",
            "revenue": 58845
        },
        "2008-12": {
            "month": "2008-12",
            "price": "12.40",
            "revenue": 69962
        },
        "2009-01": {
            "month": "2009-01",
            "price": "12.39",
            "revenue": 23932
        },
        "2009-02": {
            "month": "2009-02",
            "price": "12.66",
            "revenue": 35382
        },
        "2009-03": {
            "month": "2009-03",
            "price": "14.41",
            "revenue": 55321
        },
        "2009-04": {
            "month": "2009-04",
            "price": "20.13",
            "revenue": 63272
        },
        "2009-05": {
            "month": "2009-05",
            "price": "18.54",
            "revenue": 26144
        },
        "2009-06": {
            "month": "2009-06",
            "price": "17.01",
            "revenue": 42841
        },
        "2009-07": {
            "month": "2009-07",
            "price": "20.77",
            "revenue": 59679
        },
        "2009-08": {
            "month": "2009-08",
            "price": "21.50",
            "revenue": 37901
        },
        "2009-09": {
            "month": "2009-09",
            "price": "19.89",
            "revenue": 81755
        },
        "2009-10": {
            "month": "2009-10",
            "price": "21.18",
            "revenue": 27590
        },
        "2009-11": {
            "month": "2009-11",
            "price": "20.38",
            "revenue": 38297
        },
        "2009-12": {
            "month": "2009-12",
            "price": "19.38",
            "revenue": 70340
        },
        "2010-01": {
            "month": "2010-01",
            "price": "19.08",
            "revenue": 58122
        },
        "2010-02": {
            "month": "2010-02",
            "price": "17.00",
            "revenue": 19713
        },
        "2010-03": {
            "month": "2010-03",
            "price": "18.01",
            "revenue": 50416
        },
        "2010-04": {
            "month": "2010-04",
            "price": "23.85",
            "revenue": 35886
        },
        "2010-05": {
            "month": "2010-05",
            "price": "24.24",
            "revenue": 63661
        },
        "2010-06": {
            "month": "2010-06",
            "price": "22.69",
            "revenue": 19670
        },
        "2010-07": {
            "month": "2010-07",
            "price": "23.73",
            "revenue": 46967
        },
        "2010-08": {
            "month": "2010-08",
            "price": "25.36",
            "revenue": 40863
        },
        "2010-09": {
            "month": "2010-09",
            "price": "24.96",
            "revenue": 40600
        },
        "2010-10": {
            "month": "2010-10",
            "price": "25.17",
            "revenue": 41964
        },
        "2010-11": {
            "month": "2010-11",
            "price": "23.33",
            "revenue": 42621
        },
        "2010-12": {
            "month": "2010-12",
            "price": "29.90",
            "revenue": 55344
        },
        "2011-01": {
            "month": "2011-01",
            "price": "30.03",
            "revenue": 46445
        },
        "2011-02": {
            "month": "2011-02",
            "price": "30.22",
            "revenue": 32567
        },
        "2011-03": {
            "month": "2011-03",
            "price": "33.02",
            "revenue": 56406
        },
        "2011-04": {
            "month": "2011-04",
            "price": "33.73",
            "revenue": 50495
        },
        "2011-05": {
            "month": "2011-05",
            "price": "31.43",
            "revenue": 47811
        },
        "2011-06": {
            "month": "2011-06",
            "price": "25.69",
            "revenue": 39669
        },
        "2011-07": {
            "month": "2011-07",
            "price": "22.85",
            "revenue": 46295
        },
        "2011-08": {
            "month": "2011-08",
            "price": "18.92",
            "revenue": 39309
        },
        "2011-09": {
            "month": "2011-09",
            "price": "18.35",
            "revenue": 75297
        },
        "2011-10": {
            "month": "2011-10",
            "price": "19.32",
            "revenue": 30939
        },
        "2011-11": {
            "month": "2011-11",
            "price": "18.87",
            "revenue": 74752
        },
        "2011-12": {
            "month": "2011-12",
            "price": "17.76",
            "revenue": 46696
        },
        "2012-01": {
            "month": "2012-01",
            "price": "16.89",
            "revenue": 24928
        },
        "2012-02": {
            "month": "2012-02",
            "price": "19.28",
            "revenue": 61117
        },
        "2012-03": {
            "month": "2012-03",
            "price": "18.96",
            "revenue": 48651
        },
        "2012-04": {
            "month": "2012-04",
            "price": "17.19",
            "revenue": 70582
        },
        "2012-05": {
            "month": "2012-05",
            "price": "17.01",
            "revenue": 29412
        },
        "2012-06": {
            "month": "2012-06",
            "price": "16.65",
            "revenue": 34396
        },
        "2012-07": {
            "month": "2012-07",
            "price": "17.42",
            "revenue": 39311
        },
        "2012-08": {
            "month": "2012-08",
            "price": "17.43",
            "revenue": 47109
        },
        "2012-09": {
            "month": "2012-09",
            "price": "17.70",
            "revenue": 59973
        },
        "2012-10": {
            "month": "2012-10",
            "price": "17.32",
            "revenue": 121352
        },
        "2012-11": {
            "month": "2012-11",
            "price": "16.92",
            "revenue": 63839
        },
        "2012-12": {
            "month": "2012-12",
            "price": "17.95",
            "revenue": 33976
        },
        "2013-01": {
            "month": "2013-01",
            "price": "18.40",
            "revenue": 53469
        },
        "2013-02": {
            "month": "2013-02",
            "price": "20.98",
            "revenue": 64194
        },
        "2013-03": {
            "month": "2013-03",
            "price": "23.70",
            "revenue": 32582
        },
        "2013-04": {
            "month": "2013-04",
            "price": "21.62",
            "revenue": 37857
        },
        "2013-05": {
            "month": "2013-05",
            "price": "20.94",
            "revenue": 45464
        },
        "2013-06": {
            "month": "2013-06",
            "price": "23.07",
            "revenue": 45109
        },
        "2013-07": {
            "month": "2013-07",
            "price": "23.98",
            "revenue": 47231
        },
        "2013-08": {
            "month": "2013-08",
            "price": "23.99",
            "revenue": 56069
        },
        "2013-09": {
            "month": "2013-09",
            "price": "24.45",
            "revenue": 54023
        },
        "2013-10": {
            "month": "2013-10",
            "price": "26.69",
            "revenue": 89168
        },
        "2013-11": {
            "month": "2013-11",
            "price": "24.17",
            "revenue": 49212
        },
        "2013-12": {
            "month": "2013-12",
            "price": "25.69",
            "revenue": 59407
        },
        "2014-01": {
            "month": "2014-01",
            "price": "25.89",
            "revenue": 60161
        },
        "2014-02": {
            "month": "2014-02",
            "price": "28.24",
            "revenue": 44306
        },
        "2014-03": {
            "month": "2014-03",
            "price": "26.78",
            "revenue": 45789
        },
        "2014-04": {
            "month": "2014-04",
            "price": "25.58",
            "revenue": 40290
        },
        "2014-05": {
            "month": "2014-05",
            "price": "25.44",
            "revenue": 50262
        },
        "2014-06": {
            "month": "2014-06",
            "price": "26.46",
            "revenue": 42098
        },
        "2014-07": {
            "month": "2014-07",
            "price": "29.22",
            "revenue": 51876
        },
        "2014-08": {
            "month": "2014-08",
            "price": "26.79",
            "revenue": 46645
        },
        "2014-09": {
            "month": "2014-09",
            "price": "26.31",
            "revenue": 59323
        },
        "2014-10": {
            "month": "2014-10",
            "price": "22.79",
            "revenue": 65482
        },
        "2014-11": {
            "month": "2014-11",
            "price": "21.84",
            "revenue": 45353
        },
        "2014-12": {
            "month": "2014-12",
            "price": "22.81",
            "revenue": 51881
        },
        "2015-01": {
            "month": "2015-01",
            "price": "23.09",
            "revenue": 51495
        },
        "2015-02": {
            "month": "2015-02",
            "price": "24.10",
            "revenue": 68608
        },
        "2015-03": {
            "month": "2015-03",
            "price": "24.96",
            "revenue": 77993
        },
        "2015-04": {
            "month": "2015-04",
            "price": "25.34",
            "revenue": 46173
        },
        "2015-05": {
            "month": "2015-05",
            "price": "24.44",
            "revenue": 52984
        },
        "2015-06": {
            "month": "2015-06",
            "price": "24.96",
            "revenue": 67249
        },
        "2015-07": {
            "month": "2015-07",
            "price": "24.44",
            "revenue": 47290
        },
        "2015-08": {
            "month": "2015-08",
            "price": "22.29",
            "revenue": 65153
        },
        "2015-09": {
            "month": "2015-09",
            "price": "23.57",
            "revenue": 71787
        },
        "2015-10": {
            "month": "2015-10",
            "price": "25.06",
            "revenue": 57390
        },
        "2015-11": {
            "month": "2015-11",
            "price": "25.11",
            "revenue": 87080
        },
        "2015-12": {
            "month": "2015-12",
            "price": "25.20",
            "revenue": 111505
        },
        "2016-01": {
            "month": "2016-01",
            "price": "23.64",
            "revenue": 67909
        },
        "2016-02": {
            "month": "2016-02",
            "price": "23.62",
            "revenue": 52499
        },
        "2016-03": {
            "month": "2016-03",
            "price": "23.76",
            "revenue": 72352
        },
        "2016-04": {
            "month": "2016-04",
            "price": "23.65",
            "revenue": 56170
        },
        "2016-05": {
            "month": "2016-05",
            "price": "22.19",
            "revenue": 58041
        },
        "2016-06": {
            "month": "2016-06",
            "price": "22.09",
            "revenue": 52048
        },
        "2016-07": {
            "month": "2016-07",
            "price": "22.80",
            "revenue": 33460
        },
        "2016-08": {
            "month": "2016-08",
            "price": "22.15",
            "revenue": 48736
        },
        "2016-09": {
            "month": "2016-09",
            "price": "21.16",
            "revenue": 45758
        },
        "2016-10": {
            "month": "2016-10",
            "price": "20.54",
            "revenue": 45026
        },
        "2016-11": {
            "month": "2016-11",
            "price": "20.22",
            "revenue": 47325
        },
        "2016-12": {
            "month": "2016-12",
            "price": "20.60",
            "revenue": 48668
        },
        "2017-01": {
            "month": "2017-01",
            "price": "20.19",
            "revenue": 28717
        },
        "2017-02": {
            "month": "2017-02",
            "price": "19.90",
            "revenue": 40200
        },
        "2017-03": {
            "month": "2017-03",
            "price": "21.16",
            "revenue": 83966
        },
        "2017-04": {
            "month": "2017-04",
            "price": "22.02",
            "revenue": 27600
        },
        "2017-05": {
            "month": "2017-05",
            "price": "20.39",
            "revenue": 49523
        },
        "2017-06": {
            "month": "2017-06",
            "price": "19.11",
            "revenue": 46236
        },
        "2017-07": {
            "month": "2017-07",
            "price": "19.04",
            "revenue": 28846
        },
        "2017-08": {
            "month": "2017-08",
            "price": "18.73",
            "revenue": 44214
        },
        "2017-09": {
            "month": "2017-09",
            "price": "18.40",
            "revenue": 37831
        },
        "2017-10": {
            "month": "2017-10",
            "price": "17.10",
            "revenue": 35084
        },
        "2017-11": {
            "month": "2017-11",
            "price": "17.00",
            "revenue": 41757
        },
        "2017-12": {
            "month": "2017-12",
            "price": "17.68",
            "revenue": 63170
        },
        "2018-01": {
            "month": "2018-01",
            "price": "17.76",
            "revenue": 31556
        },
        "2018-02": {
            "month": "2018-02",
            "price": "16.98",
            "revenue": 36927
        },
        "2018-03": {
            "month": "2018-03",
            "price": "16.82",
            "revenue": 29793
        },
        "2018-04": {
            "month": "2018-04",
            "price": "14.96",
            "revenue": 33716
        },
        "2018-05": {
            "month": "2018-05",
            "price": "11.85",
            "revenue": 32588
        },
        "2018-06": {
            "month": "2018-06",
            "price": "13.16",
            "revenue": 35895
        },
        "2018-07": {
            "month": "2018-07",
            "price": "13.56",
            "revenue": 27874
        },
        "2018-08": {
            "month": "2018-08",
            "price": "12.49",
            "revenue": 35876
        },
        "2018-09": {
            "month": "2018-09",
            "price": "12.33",
            "revenue": 36923
        },
        "2018-10": {
            "month": "2018-10",
            "price": "11.60",
            "revenue": 30999
        },
        "2018-11": {
            "month": "2018-11",
            "price": "11.56",
            "revenue": 27295
        },
        "2018-12": {
            "month": "2018-12",
            "price": "11.79",
            "revenue": 42772
        },
        "2019-01": {
            "month": "2019-01",
            "price": "11.70",
            "revenue": 28359
        },
        "2019-02": {
            "month": "2019-02",
            "price": "11.80",
            "revenue": 28269
        },
        "2019-03": {
            "month": "2019-03",
            "price": "16.93",
            "revenue": 32589
        },
        "2019-04": {
            "month": "2019-04",
            "price": "23.90",
            "revenue": 26724
        },
        "2019-05": {
            "month": "2019-05",
            "price": "20.54",
            "revenue": 33823
        },
        "2019-06": {
            "month": "2019-06",
            "price": "22.93",
            "revenue": 36226
        },
        "2019-07": {
            "month": "2019-07",
            "price": "22.70",
            "revenue": 25046
        },
        "2019-08": {
            "month": "2019-08",
            "price": "19.42",
            "revenue": 24378
        },
        "2019-09": {
            "month": "2019-09",
            "price": "20.18",
            "revenue": 20878
        },
        "2019-10": {
            "month": "2019-10",
            "price": "19.75",
            "revenue": 38334
        },
        "2019-11": {
            "month": "2019-11",
            "price": "19.61",
            "revenue": 23093
        },
        "2019-12": {
            "month": "2019-12",
            "price": "20.51",
            "revenue": 25330
        },
        "2020-01": {
            "month": "2020-01",
            "price": "19.29",
            "revenue": 24652
        },
        "2020-02": {
            "month": "2020-02",
            "price": "18.46",
            "revenue": 20018
        },
        "2020-03": {
            "month": "2020-03",
            "price": "14.70",
            "revenue": 29903
        },
        "2020-04": {
            "month": "2020-04",
            "price": "12.86",
            "revenue": 14863
        },
        "2020-05": {
            "month": "2020-05",
            "price": "15.53",
            "revenue": 26191
        },
        "2020-06": {
            "month": "2020-06",
            "price": "16.56",
            "revenue": 22413
        },
        "2020-07": {
            "month": "2020-07",
            "price": "16.98",
            "revenue": 17695
        },
        "2020-08": {
            "month": "2020-08",
            "price": "14.85",
            "revenue": 16038
        },
        "2020-09": {
            "month": "2020-09",
            "price": "14.57",
            "revenue": 20006
        },
        "2020-10": {
            "month": "2020-10",
            "price": "16.92",
            "revenue": 20013
        },
        "2020-11": {
            "month": "2020-11",
            "price": "17.06",
            "revenue": 33505
        },
        "2020-12": {
            "month": "2020-12",
            "price": "17.33",
            "revenue": 24057
        },
        "2021-01": {
            "month": "2021-01",
            "price": "17.10",
            "revenue": 18900
        },
        "2021-02": {
            "month": "2021-02",
            "price": "16.34",
            "revenue": 15843
        },
        "2021-03": {
            "month": "2021-03",
            "price": "16.10",
            "revenue": 19665
        },
        "2021-04": {
            "month": "2021-04",
            "price": "16.60",
            "revenue": 17234
        },
        "2021-05": {
            "month": "2021-05",
            "price": "15.34",
            "revenue": 17674
        },
        "2021-06": {
            "month": "2021-06",
            "price": "14.20",
            "revenue": 16558
        },
        "2021-07": {
            "month": "2021-07",
            "price": "13.83",
            "revenue": 16335
        },
        "2021-08": {
            "month": "2021-08",
            "price": "13.28",
            "revenue": 21724
        },
        "2021-09": {
            "month": "2021-09",
            "price": "13.10",
            "revenue": 17872
        },
        "2021-10": {
            "month": "2021-10",
            "price": "12.81",
            "revenue": 25191
        },
        "2021-11": {
            "month": "2021-11",
            "price": "13.73",
            "revenue": 21326
        },
        "2021-12": {
            "month": "2021-12",
            "price": "13.49",
            "revenue": 22772
        },
        "2022-01": {
            "month": "2022-01",
            "price": "13.17",
            "revenue": 28139
        },
        "2022-02": {
            "month": "2022-02",
            "price": "12.92",
            "revenue": 21826
        },
        "2022-03": {
            "month": "2022-03",
            "price": "13.43",
            "revenue": 26284
        },
        "2022-04": {
            "month": "2022-04",
            "price": "14.60",
            "revenue": 21115
        },
        "2022-05": {
            "month": "2022-05",
            "price": "14.21",
            "revenue": 26920
        },
        "2022-06": {
            "month": "2022-06",
            "price": "14.14",
            "revenue": 21504
        },
        "2022-07": {
            "month": "2022-07",
            "price": "14.24",
            "revenue": 26589
        },
        "2022-08": {
            "month": "2022-08",
            "price": "14.74",
            "revenue": 34087
        },
        "2022-09": {
            "month": "2022-09",
            "price": "15.17",
            "revenue": 23929
        },
        "2022-10": {
            "month": "2022-10",
            "price": "14.54",
            "revenue": 27447
        },
        "2022-11": {
            "month": "2022-11",
            "price": "14.38",
            "revenue": 24171
        },
        "2022-12": {
            "month": "2022-12",
            "price": "14.64",
            "revenue": 32500
        },
        "2023-01": {
            "month": "2023-01",
            "price": "14.45",
            "revenue": 24721
        },
        "2023-02": {
            "month": "2023-02",
            "price": "14.52",
            "revenue": 21339
        },
        "2023-03": {
            "month": "2023-03",
            "price": "14.75",
            "revenue": 31823
        },
        "2023-04": {
            "month": "2023-04",
            "price": "15.51",
            "revenue": 30128
        }
    }
}
