{
    "summary": {
        "stock_name": "濟生",
        "stock_id": "4111",
        "category": "生技醫療",
        "main_business": "一般中西藥品類<br>抗生素藥品類及醫療器材之製造與銷售<br>醫療器材機器整廠設備及飲料輸出買賣業務",
        "website_url": "http://www.cscp.com.tw/index.php",
        "ceo": "蘇東茂",
        "pe_ratio": 11,
        "report_year_from": 2002,
        "report_year_to": 2023,
        "age": 21,
        "eps_negative_percentage": 0,
        "eps_growth_avg": {
            "last_all": 14.34,
            "last_2y": 35.98,
            "last_4y": 26.53,
            "last_8y": 16.83,
            "last_12y": 19.15,
            "last_16y": 13.03,
            "last_20y": 14.34,
            "at_2006_last_3y": -2.57,
            "at_2007_last_3y": -10.21,
            "at_2008_last_3y": -21.1,
            "at_2009_last_3y": -6.87,
            "at_2010_last_3y": 0.66,
            "at_2011_last_3y": 2.48,
            "at_2012_last_3y": 20.85,
            "at_2013_last_3y": 24.4,
            "at_2014_last_3y": 21.23,
            "at_2015_last_3y": 14.17,
            "at_2016_last_3y": 9.52,
            "at_2017_last_3y": 4.69,
            "at_2018_last_3y": -0.78,
            "at_2019_last_3y": 29.69,
            "at_2020_last_3y": 4.64,
            "at_2021_last_3y": 10.63,
            "at_2022_last_3y": 45.23,
            "at_2023_last_3y": 45.23,
            "at_2006_last_all": 7.17,
            "at_2007_last_all": 1.32,
            "at_2008_last_all": 4.92,
            "at_2009_last_all": 6.53,
            "at_2010_last_all": 4.28,
            "at_2011_last_all": 1.79,
            "at_2012_last_all": 10.72,
            "at_2013_last_all": 12.48,
            "at_2014_last_all": 9.5,
            "at_2015_last_all": 5.32,
            "at_2016_last_all": 10.4,
            "at_2017_last_all": 10.54,
            "at_2018_last_all": 7.08,
            "at_2019_last_all": 10.74,
            "at_2020_last_all": 9.19,
            "at_2021_last_all": 10.55,
            "at_2022_last_all": 14.34,
            "at_2023_last_all": 14.34
        },
        "latest_eps": 2.57,
        "latest_price": 28.85,
        "latest_roe": 12.35,
        "latest_gross_margin": 34.15,
        "latest_equity": 1240859,
        "latest_revenue": 263168,
        "latest_gross_profit": 89882,
        "latest_net_income": 18719,
        "latest_debt_ratio": 28.45,
        "latest_current_ratio": 198.73,
        "latest_account_receivable_turnover_ratio": 1.01,
        "latest_inventory_turnover_ratio": 1.73,
        "latest_reinvestment_rate": 2.74,
        "latest_research_to_sale_ratio": 2.01
    },
    "eps_dividends": {
        "1997": {
            "cash": 0,
            "stock": 0.3,
            "eps": 0
        },
        "1999": {
            "cash": 0,
            "stock": 0.24,
            "eps": 0
        },
        "2000": {
            "cash": 0,
            "stock": 0.41,
            "eps": 0
        },
        "2001": {
            "cash": 0,
            "stock": 0.55,
            "eps": 0.78
        },
        "2002": {
            "cash": 0,
            "stock": 0.65,
            "eps": 1.14
        },
        "2003": {
            "cash": 0.3,
            "stock": 0.7,
            "eps": 1.17
        },
        "2004": {
            "cash": 0.5,
            "stock": 0.5,
            "eps": 1.99
        },
        "2005": {
            "cash": 0.7,
            "stock": 0.5,
            "eps": 1.21
        },
        "2006": {
            "cash": 0.75,
            "stock": 0.25,
            "eps": 0.68
        },
        "2007": {
            "cash": 0.7,
            "stock": 0,
            "eps": 0.49
        },
        "2008": {
            "cash": 0.4,
            "stock": 0,
            "eps": 0.62
        },
        "2009": {
            "cash": 0.47,
            "stock": 0.03,
            "eps": 0.73
        },
        "2010": {
            "cash": 0.3,
            "stock": 0.25,
            "eps": 0.63
        },
        "2011": {
            "cash": 0.3,
            "stock": 0.2,
            "eps": 0.5
        },
        "2012": {
            "cash": 0.35,
            "stock": 0,
            "eps": 1.41
        },
        "2013": {
            "cash": 0.4,
            "stock": 0.4,
            "eps": 1.86
        },
        "2014": {
            "cash": 0.5,
            "stock": 0.5,
            "eps": 1.37
        },
        "2015": {
            "cash": 0.4,
            "stock": 0.4,
            "eps": 0.7
        },
        "2016": {
            "cash": 0.6,
            "stock": 0,
            "eps": 1.27
        },
        "2017": {
            "cash": 0.8,
            "stock": 0,
            "eps": 1.43
        },
        "2018": {
            "cash": 0.8,
            "stock": 0,
            "eps": 0.74
        },
        "2019": {
            "cash": 0.6,
            "stock": 0,
            "eps": 1.28
        },
        "2020": {
            "cash": 1,
            "stock": 0,
            "eps": 1.04
        },
        "2021": {
            "cash": 1,
            "stock": 0,
            "eps": 1.42
        },
        "2022": {
            "cash": 1,
            "stock": 0,
            "eps": 2.7
        },
        "2023": {
            "cash": 1.2,
            "stock": 0,
            "eps": 0.33
        }
    },
    "dividends": {
        "1997-06-24": {
            "cash": 0,
            "stock": 0.3
        },
        "1999-06-17": {
            "cash": 0,
            "stock": 0.24
        },
        "2000-05-30": {
            "cash": 0,
            "stock": 0.41
        },
        "2001-06-12": {
            "cash": 0,
            "stock": 0.55
        },
        "2002-05-14": {
            "cash": 0,
            "stock": 0.65
        },
        "2003-06-18": {
            "cash": 0.3,
            "stock": 0.7
        },
        "2004-04-06": {
            "cash": 0.5,
            "stock": 0.5
        },
        "2005-04-06": {
            "cash": 0.7,
            "stock": 0.5
        },
        "2006-04-06": {
            "cash": 0.75,
            "stock": 0.25
        },
        "2007-03-23": {
            "cash": 0.7,
            "stock": 0
        },
        "2008-03-24": {
            "cash": 0.4,
            "stock": 0
        },
        "2009-03-26": {
            "cash": 0.47,
            "stock": 0.03
        },
        "2010-03-16": {
            "cash": 0.3,
            "stock": 0.25
        },
        "2011-03-17": {
            "cash": 0.3,
            "stock": 0.2
        },
        "2012-06-13": {
            "cash": 0.35,
            "stock": 0
        },
        "2013-06-10": {
            "cash": 0.4,
            "stock": 0.4
        },
        "2014-10-09": {
            "cash": 0.5,
            "stock": 0.5
        },
        "2015-10-22": {
            "cash": 0.4,
            "stock": 0.4
        },
        "2016-09-19": {
            "cash": 0.6,
            "stock": 0
        },
        "2017-09-29": {
            "cash": 0.8,
            "stock": 0
        },
        "2018-09-20": {
            "cash": 0.8,
            "stock": 0
        },
        "2019-09-20": {
            "cash": 0.6,
            "stock": 0
        },
        "2020-09-24": {
            "cash": 1,
            "stock": 0
        },
        "2021-09-24": {
            "cash": 1,
            "stock": 0
        },
        "2022-09-23": {
            "cash": 1,
            "stock": 0
        },
        "2023-03-16": {
            "cash": 1.2,
            "stock": 0
        }
    },
    "prices": {
        "200101": "無",
        "200102": "無",
        "200103": "無",
        "200104": "無",
        "200105": "無",
        "200106": "無",
        "200107": "無",
        "200108": "無",
        "200109": "無",
        "200110": "無",
        "200111": "無",
        "200112": "無",
        "200201": "無",
        "200202": "無",
        "200203": "無",
        "200204": "無",
        "200205": "無",
        "200206": "無",
        "200207": "無",
        "200208": "17.52",
        "200209": "16.46",
        "200210": "15.62",
        "200211": "15.66",
        "200212": "15.70",
        "200301": "15.73",
        "200302": "16.32",
        "200303": "16.06",
        "200304": "16.42",
        "200305": "15.84",
        "200306": "15.89",
        "200307": "15.57",
        "200308": "15.97",
        "200309": "15.30",
        "200310": "15.21",
        "200311": "15.85",
        "200312": "15.75",
        "200401": "15.83",
        "200402": "19.11",
        "200403": "19.55",
        "200404": "19.83",
        "200405": "19.66",
        "200406": "18.54",
        "200407": "18.49",
        "200408": "18.72",
        "200409": "16.69",
        "200410": "16.61",
        "200411": "16.61",
        "200412": "16.83",
        "200501": "17.16",
        "200502": "17.81",
        "200503": "17.30",
        "200504": "16.70",
        "200505": "16.55",
        "200506": "16.80",
        "200507": "16.78",
        "200508": "16.84",
        "200509": "16.08",
        "200510": "16.15",
        "200511": "15.64",
        "200512": "15.09",
        "200601": "15.12",
        "200602": "15.03",
        "200603": "15.01",
        "200604": "15.09",
        "200605": "15.31",
        "200606": "14.68",
        "200607": "13.82",
        "200608": "13.49",
        "200609": "13.01",
        "200610": "12.72",
        "200611": "13.96",
        "200612": "14.45",
        "200701": "14.82",
        "200702": "14.37",
        "200703": "14.48",
        "200704": "15.30",
        "200705": "16.26",
        "200706": "18.62",
        "200707": "31.43",
        "200708": "25.19",
        "200709": "25.46",
        "200710": "23.31",
        "200711": "17.75",
        "200712": "16.17",
        "200801": "14.90",
        "200802": "15.79",
        "200803": "15.87",
        "200804": "18.09",
        "200805": "18.68",
        "200806": "15.73",
        "200807": "13.66",
        "200808": "13.51",
        "200809": "12.15",
        "200810": "11.13",
        "200811": "11.02",
        "200812": "10.98",
        "200901": "11.31",
        "200902": "11.66",
        "200903": "13.34",
        "200904": "17.07",
        "200905": "16.86",
        "200906": "15.12",
        "200907": "17.15",
        "200908": "17.93",
        "200909": "17.94",
        "200910": "18.73",
        "200911": "17.85",
        "200912": "19.13",
        "201001": "18.16",
        "201002": "16.72",
        "201003": "17.84",
        "201004": "21.51",
        "201005": "21.35",
        "201006": "21.09",
        "201007": "24.00",
        "201008": "27.82",
        "201009": "27.27",
        "201010": "28.53",
        "201011": "25.32",
        "201012": "30.62",
        "201101": "28.96",
        "201102": "26.40",
        "201103": "25.18",
        "201104": "26.05",
        "201105": "25.61",
        "201106": "23.69",
        "201107": "23.97",
        "201108": "22.20",
        "201109": "18.98",
        "201110": "17.34",
        "201111": "17.14",
        "201112": "14.78",
        "201201": "15.40",
        "201202": "21.92",
        "201203": "23.47",
        "201204": "20.55",
        "201205": "23.54",
        "201206": "25.43",
        "201207": "28.20",
        "201208": "29.55",
        "201209": "29.83",
        "201210": "27.95",
        "201211": "25.62",
        "201212": "27.49",
        "201301": "27.64",
        "201302": "29.76",
        "201303": "31.03",
        "201304": "28.48",
        "201305": "27.61",
        "201306": "28.95",
        "201307": "29.54",
        "201308": "29.30",
        "201309": "29.44",
        "201310": "30.42",
        "201311": "29.27",
        "201312": "29.37",
        "201401": "29.50",
        "201402": "32.53",
        "201403": "40.79",
        "201404": "39.25",
        "201405": "38.67",
        "201406": "39.71",
        "201407": "40.09",
        "201408": "37.95",
        "201409": "37.35",
        "201410": "33.42",
        "201411": "30.76",
        "201412": "32.59",
        "201501": "32.04",
        "201502": "30.99",
        "201503": "31.90",
        "201504": "30.79",
        "201505": "27.98",
        "201506": "25.21",
        "201507": "24.25",
        "201508": "19.61",
        "201509": "20.97",
        "201510": "22.27",
        "201511": "24.69",
        "201512": "26.32",
        "201601": "23.62",
        "201602": "25.32",
        "201603": "25.33",
        "201604": "23.66",
        "201605": "22.85",
        "201606": "22.81",
        "201607": "23.54",
        "201608": "23.10",
        "201609": "23.11",
        "201610": "22.82",
        "201611": "21.55",
        "201612": "21.82",
        "201701": "21.98",
        "201702": "23.31",
        "201703": "23.74",
        "201704": "23.45",
        "201705": "24.13",
        "201706": "24.72",
        "201707": "24.37",
        "201708": "24.75",
        "201709": "24.99",
        "201710": "24.59",
        "201711": "25.23",
        "201712": "24.88",
        "201801": "25.32",
        "201802": "24.36",
        "201803": "24.73",
        "201804": "28.76",
        "201805": "28.41",
        "201806": "26.76",
        "201807": "25.62",
        "201808": "24.88",
        "201809": "24.07",
        "201810": "22.30",
        "201811": "22.72",
        "201812": "23.70",
        "201901": "24.45",
        "201902": "25.95",
        "201903": "26.23",
        "201904": "25.23",
        "201905": "23.92",
        "201906": "24.32",
        "201907": "25.45",
        "201908": "25.12",
        "201909": "24.64",
        "201910": "25.20",
        "201911": "25.22",
        "201912": "25.28",
        "202001": "25.12",
        "202002": "25.67",
        "202003": "24.46",
        "202004": "24.68",
        "202005": "27.74",
        "202006": "28.51",
        "202007": "28.21",
        "202008": "26.32",
        "202009": "24.78",
        "202010": "23.88",
        "202011": "23.94",
        "202012": "23.81",
        "202101": "23.31",
        "202102": "22.78",
        "202103": "22.97",
        "202104": "23.61",
        "202105": "23.08",
        "202106": "23.18",
        "202107": "22.91",
        "202108": "22.48",
        "202109": "22.24",
        "202110": "22.19",
        "202111": "22.41",
        "202112": "22.89",
        "202201": "23.01",
        "202202": "23.31",
        "202203": "23.21",
        "202204": "24.49",
        "202205": "23.44",
        "202206": "23.82",
        "202207": "23.17",
        "202208": "23.74",
        "202209": "25.10",
        "202210": "23.20",
        "202211": "24.33",
        "202212": "26.69",
        "202301": "26.85",
        "202302": "27.41",
        "202303": "27.51",
        "202304": "30.68",
        "202305": "29.92",
        "202306": "29.24"
    },
    "quarters": {
        "20011": {
            "year_quarter": 20011,
            "year": 2001,
            "quarter": 1,
            "eps": 0.18,
            "eps_growth_year": 20,
            "eps_4q": 0.69,
            "eps_4q_growth_year": 12.82,
            "roe": 1.1,
            "roe_4q": 1.1,
            "gross_profit": 26842,
            "gross_margin": 29.74,
            "gross_margin_4q_avg": 29.74,
            "net_income": 5924,
            "revenue": 90247,
            "common_shares": 320560,
            "book_valuer_per_share": 16.95,
            "book_valuer_per_share_4q_avg": 16.95,
            "equity": 543241,
            "current_ratio": 266.97,
            "debt_ratio": 32.7,
            "inventory_turnover_ratio": 1.39,
            "account_receivable_turnover_ratio": null,
            "reinvestment_rate": null,
            "research_to_sale_ratio": null,
            "price_fair": 0,
            "eps_avg_yearly": 0,
            "eps_latest_yearly": 0,
            "eps_growth_yearly": 0
        },
        "20012": {
            "year_quarter": 20012,
            "year": 2001,
            "quarter": 2,
            "eps": 0.19,
            "eps_growth_year": 26.67,
            "eps_4q": 0.73,
            "eps_4q_growth_year": 58.05,
            "roe": 1.15,
            "roe_4q": 2.25,
            "gross_profit": 30081,
            "gross_margin": 31.49,
            "gross_margin_4q_avg": 30.62,
            "net_income": 6295,
            "revenue": 95512,
            "common_shares": 320560,
            "book_valuer_per_share": 17.13,
            "book_valuer_per_share_4q_avg": 17.04,
            "equity": 549151,
            "current_ratio": 272.79,
            "debt_ratio": 32.59,
            "inventory_turnover_ratio": 1.42,
            "account_receivable_turnover_ratio": null,
            "reinvestment_rate": null,
            "research_to_sale_ratio": null,
            "price_fair": 0,
            "eps_avg_yearly": 0,
            "eps_latest_yearly": 0,
            "eps_growth_yearly": 0
        },
        "20013": {
            "year_quarter": 20013,
            "year": 2001,
            "quarter": 3,
            "eps": 0.18,
            "eps_growth_year": -14.29,
            "eps_4q": 0.68,
            "eps_4q_growth_year": 14.49,
            "roe": 1.14,
            "roe_4q": 3.39,
            "gross_profit": 29436,
            "gross_margin": 30.7,
            "gross_margin_4q_avg": 30.64,
            "net_income": 6271,
            "revenue": 95876,
            "common_shares": 339431,
            "book_valuer_per_share": 16.36,
            "book_valuer_per_share_4q_avg": 16.81,
            "equity": 555422,
            "current_ratio": 243.92,
            "debt_ratio": 34.22,
            "inventory_turnover_ratio": 1.44,
            "account_receivable_turnover_ratio": null,
            "reinvestment_rate": null,
            "research_to_sale_ratio": null,
            "price_fair": 0,
            "eps_avg_yearly": 0,
            "eps_latest_yearly": 0,
            "eps_growth_yearly": 0
        },
        "20014": {
            "year_quarter": 20014,
            "year": 2001,
            "quarter": 4,
            "eps": 0.23,
            "eps_growth_year": 35.29,
            "eps_4q": 0.77,
            "eps_4q_growth_year": 13.26,
            "roe": 1.41,
            "roe_4q": 4.8,
            "gross_profit": 27874,
            "gross_margin": 27.95,
            "gross_margin_4q_avg": 29.97,
            "net_income": 7894,
            "revenue": 99722,
            "common_shares": 339431,
            "book_valuer_per_share": 16.6,
            "book_valuer_per_share_4q_avg": 16.76,
            "equity": 563315,
            "current_ratio": 264.64,
            "debt_ratio": 35,
            "inventory_turnover_ratio": 1.49,
            "account_receivable_turnover_ratio": null,
            "reinvestment_rate": null,
            "research_to_sale_ratio": null,
            "price_fair": 0,
            "eps_avg_yearly": 0,
            "eps_latest_yearly": 0,
            "eps_growth_yearly": 0
        },
        "20021": {
            "year_quarter": 20021,
            "year": 2002,
            "quarter": 1,
            "eps": 0.22,
            "eps_growth_year": 22.22,
            "eps_4q": 0.83,
            "eps_4q_growth_year": 21.02,
            "roe": 1.3,
            "roe_4q": 5,
            "gross_profit": 28512,
            "gross_margin": 29.31,
            "gross_margin_4q_avg": 29.86,
            "net_income": 7367,
            "revenue": 97286,
            "common_shares": 339431,
            "book_valuer_per_share": 16.81,
            "book_valuer_per_share_4q_avg": 16.73,
            "equity": 570683,
            "current_ratio": 285.98,
            "debt_ratio": 33.11,
            "inventory_turnover_ratio": 1.39,
            "account_receivable_turnover_ratio": null,
            "reinvestment_rate": null,
            "research_to_sale_ratio": null,
            "price_fair": 2.64,
            "eps_avg_yearly": 0.88,
            "eps_latest_yearly": 0.88,
            "eps_growth_yearly": -17.39
        },
        "20022": {
            "year_quarter": 20022,
            "year": 2002,
            "quarter": 2,
            "eps": 0.29,
            "eps_growth_year": 52.63,
            "eps_4q": 0.89,
            "eps_4q_growth_year": 21.98,
            "roe": 1.8,
            "roe_4q": 5.6499999999999995,
            "gross_profit": 32489,
            "gross_margin": 31.36,
            "gross_margin_4q_avg": 29.83,
            "net_income": 10373,
            "revenue": 103592,
            "common_shares": 339431,
            "book_valuer_per_share": 17.1,
            "book_valuer_per_share_4q_avg": 16.72,
            "equity": 580580,
            "current_ratio": 270.24,
            "debt_ratio": 33.41,
            "inventory_turnover_ratio": 1.3,
            "account_receivable_turnover_ratio": null,
            "reinvestment_rate": null,
            "research_to_sale_ratio": null,
            "price_fair": 35.7,
            "eps_avg_yearly": 1.02,
            "eps_latest_yearly": 1.16,
            "eps_growth_yearly": 54.94
        },
        "20023": {
            "year_quarter": 20023,
            "year": 2002,
            "quarter": 3,
            "eps": 0.27,
            "eps_growth_year": 50,
            "eps_4q": 0.96,
            "eps_4q_growth_year": 40.87,
            "roe": 1.7,
            "roe_4q": 6.21,
            "gross_profit": 29772,
            "gross_margin": 29.72,
            "gross_margin_4q_avg": 29.59,
            "net_income": 9968,
            "revenue": 100165,
            "common_shares": 362701,
            "book_valuer_per_share": 16.28,
            "book_valuer_per_share_4q_avg": 16.7,
            "equity": 590548,
            "current_ratio": 368.02,
            "debt_ratio": 40.07,
            "inventory_turnover_ratio": 1.17,
            "account_receivable_turnover_ratio": null,
            "reinvestment_rate": null,
            "research_to_sale_ratio": null,
            "price_fair": 36.4,
            "eps_avg_yearly": 1.04,
            "eps_latest_yearly": 1.08,
            "eps_growth_yearly": 27.43
        },
        "20024": {
            "year_quarter": 20024,
            "year": 2002,
            "quarter": 4,
            "eps": 0.36,
            "eps_growth_year": 56.52,
            "eps_4q": 1.12,
            "eps_4q_growth_year": 45.51,
            "roe": 2.2,
            "roe_4q": 7,
            "gross_profit": 26653,
            "gross_margin": 26.28,
            "gross_margin_4q_avg": 29.17,
            "net_income": 13150,
            "revenue": 101402,
            "common_shares": 362701,
            "book_valuer_per_share": 16.64,
            "book_valuer_per_share_4q_avg": 16.71,
            "equity": 603698,
            "current_ratio": 372.79,
            "debt_ratio": 39.94,
            "inventory_turnover_ratio": 1.39,
            "account_receivable_turnover_ratio": null,
            "reinvestment_rate": -29.34,
            "research_to_sale_ratio": null,
            "price_fair": 39.9,
            "eps_avg_yearly": 1.14,
            "eps_latest_yearly": 1.44,
            "eps_growth_yearly": 53.91
        },
        "20031": {
            "year_quarter": 20031,
            "year": 2003,
            "quarter": 1,
            "eps": 0.12,
            "eps_growth_year": -45.45,
            "eps_4q": 1.06,
            "eps_4q_growth_year": 28.13,
            "roe": 0.69,
            "roe_4q": 6.39,
            "gross_profit": 26705,
            "gross_margin": 27.18,
            "gross_margin_4q_avg": 28.64,
            "net_income": 4254,
            "revenue": 98261,
            "common_shares": 374535,
            "book_valuer_per_share": 16.77,
            "book_valuer_per_share_4q_avg": 16.7,
            "equity": 628238,
            "current_ratio": 414.43,
            "debt_ratio": 37.2,
            "inventory_turnover_ratio": 1.66,
            "account_receivable_turnover_ratio": null,
            "reinvestment_rate": -21.21,
            "research_to_sale_ratio": null,
            "price_fair": 3.02,
            "eps_avg_yearly": 1.01,
            "eps_latest_yearly": 0.48,
            "eps_growth_yearly": -10.21
        },
        "20032": {
            "year_quarter": 20032,
            "year": 2003,
            "quarter": 2,
            "eps": 0.19,
            "eps_growth_year": -34.48,
            "eps_4q": 0.93,
            "eps_4q_growth_year": 3.97,
            "roe": 1.13,
            "roe_4q": 5.72,
            "gross_profit": 30682,
            "gross_margin": 28.47,
            "gross_margin_4q_avg": 27.91,
            "net_income": 7053,
            "revenue": 107784,
            "common_shares": 402591,
            "book_valuer_per_share": 15.47,
            "book_valuer_per_share_4q_avg": 16.29,
            "equity": 622953,
            "current_ratio": 316.6,
            "debt_ratio": 39.34,
            "inventory_turnover_ratio": 1.99,
            "account_receivable_turnover_ratio": null,
            "reinvestment_rate": -15.57,
            "research_to_sale_ratio": null,
            "price_fair": 33.83,
            "eps_avg_yearly": 0.97,
            "eps_latest_yearly": 0.76,
            "eps_growth_yearly": 30.38
        },
        "20033": {
            "year_quarter": 20033,
            "year": 2003,
            "quarter": 3,
            "eps": 0.6,
            "eps_growth_year": 122.22,
            "eps_4q": 1.21,
            "eps_4q_growth_year": 25.94,
            "roe": 3.77,
            "roe_4q": 7.79,
            "gross_profit": 33465,
            "gross_margin": 30.18,
            "gross_margin_4q_avg": 28.03,
            "net_income": 23880,
            "revenue": 110878,
            "common_shares": 402591,
            "book_valuer_per_share": 16.03,
            "book_valuer_per_share_4q_avg": 16.23,
            "equity": 645393,
            "current_ratio": 346.9,
            "debt_ratio": 37.79,
            "inventory_turnover_ratio": 2.08,
            "account_receivable_turnover_ratio": null,
            "reinvestment_rate": -28.13,
            "research_to_sale_ratio": null,
            "price_fair": 41,
            "eps_avg_yearly": 1.17,
            "eps_latest_yearly": 2.4,
            "eps_growth_yearly": 149.35
        },
        "20034": {
            "year_quarter": 20034,
            "year": 2003,
            "quarter": 4,
            "eps": 0.26,
            "eps_growth_year": -27.78,
            "eps_4q": 1.15,
            "eps_4q_growth_year": 3.02,
            "roe": 1.58,
            "roe_4q": 7.17,
            "gross_profit": 40091,
            "gross_margin": 33.01,
            "gross_margin_4q_avg": 29.71,
            "net_income": 10253,
            "revenue": 121447,
            "common_shares": 402726,
            "book_valuer_per_share": 16.29,
            "book_valuer_per_share_4q_avg": 16.14,
            "equity": 655852,
            "current_ratio": 305.38,
            "debt_ratio": 36.94,
            "inventory_turnover_ratio": 2.3,
            "account_receivable_turnover_ratio": null,
            "reinvestment_rate": 25.99,
            "research_to_sale_ratio": null,
            "price_fair": 40.43,
            "eps_avg_yearly": 1.16,
            "eps_latest_yearly": 1.04,
            "eps_growth_yearly": 102.35
        },
        "20041": {
            "year_quarter": 20041,
            "year": 2004,
            "quarter": 1,
            "eps": 0.86,
            "eps_growth_year": 616.67,
            "eps_4q": 1.88,
            "eps_4q_growth_year": 76.65,
            "roe": 5.08,
            "roe_4q": 11.559999999999999,
            "gross_profit": 37535,
            "gross_margin": 31.54,
            "gross_margin_4q_avg": 30.8,
            "net_income": 34697,
            "revenue": 119025,
            "common_shares": 420294,
            "book_valuer_per_share": 16.87,
            "book_valuer_per_share_4q_avg": 16.17,
            "equity": 709198,
            "current_ratio": 379.49,
            "debt_ratio": 31.85,
            "inventory_turnover_ratio": 2.29,
            "account_receivable_turnover_ratio": null,
            "reinvestment_rate": 23.16,
            "research_to_sale_ratio": null,
            "price_fair": 49.31,
            "eps_avg_yearly": 1.41,
            "eps_latest_yearly": 3.44,
            "eps_growth_yearly": 193.54
        },
        "20042": {
            "year_quarter": 20042,
            "year": 2004,
            "quarter": 2,
            "eps": 0.36,
            "eps_growth_year": 89.47,
            "eps_4q": 2.04,
            "eps_4q_growth_year": 120.14,
            "roe": 2.09,
            "roe_4q": 12.52,
            "gross_profit": 42914,
            "gross_margin": 33.58,
            "gross_margin_4q_avg": 32.08,
            "net_income": 14736,
            "revenue": 127780,
            "common_shares": 420767,
            "book_valuer_per_share": 16.69,
            "book_valuer_per_share_4q_avg": 16.47,
            "equity": 702421,
            "current_ratio": 322.75,
            "debt_ratio": 33.82,
            "inventory_turnover_ratio": 2.29,
            "account_receivable_turnover_ratio": null,
            "reinvestment_rate": 21.87,
            "research_to_sale_ratio": null,
            "price_fair": 49.42,
            "eps_avg_yearly": 1.41,
            "eps_latest_yearly": 1.44,
            "eps_growth_yearly": 150.93
        },
        "20043": {
            "year_quarter": 20043,
            "year": 2004,
            "quarter": 3,
            "eps": 0.35,
            "eps_growth_year": -41.67,
            "eps_4q": 1.71,
            "eps_4q_growth_year": 40.85,
            "roe": 2.16,
            "roe_4q": 10.91,
            "gross_profit": 43642,
            "gross_margin": 32.65,
            "gross_margin_4q_avg": 32.7,
            "net_income": 15353,
            "revenue": 133648,
            "common_shares": 443827,
            "book_valuer_per_share": 16.17,
            "book_valuer_per_share_4q_avg": 16.51,
            "equity": 717774,
            "current_ratio": 244.64,
            "debt_ratio": 33.1,
            "inventory_turnover_ratio": 2.2,
            "account_receivable_turnover_ratio": null,
            "reinvestment_rate": 20.21,
            "research_to_sale_ratio": null,
            "price_fair": 49.38,
            "eps_avg_yearly": 1.41,
            "eps_latest_yearly": 1.4,
            "eps_growth_yearly": 136.2
        },
        "20044": {
            "year_quarter": 20044,
            "year": 2004,
            "quarter": 4,
            "eps": 0.42,
            "eps_growth_year": 61.54,
            "eps_4q": 1.91,
            "eps_4q_growth_year": 65.52,
            "roe": 2.52,
            "roe_4q": 11.85,
            "gross_profit": 49413,
            "gross_margin": 33.24,
            "gross_margin_4q_avg": 32.75,
            "net_income": 18295,
            "revenue": 148676,
            "common_shares": 443827,
            "book_valuer_per_share": 16.58,
            "book_valuer_per_share_4q_avg": 16.58,
            "equity": 736069,
            "current_ratio": 224.89,
            "debt_ratio": 35.11,
            "inventory_turnover_ratio": 2.06,
            "account_receivable_turnover_ratio": null,
            "reinvestment_rate": 16.2,
            "research_to_sale_ratio": null,
            "price_fair": 50.17,
            "eps_avg_yearly": 1.43,
            "eps_latest_yearly": 1.68,
            "eps_growth_yearly": 131.52
        },
        "20051": {
            "year_quarter": 20051,
            "year": 2005,
            "quarter": 1,
            "eps": 0.38,
            "eps_growth_year": -55.81,
            "eps_4q": 1.46,
            "eps_4q_growth_year": -22.42,
            "roe": 2.26,
            "roe_4q": 9.03,
            "gross_profit": 47265,
            "gross_margin": 31.97,
            "gross_margin_4q_avg": 32.86,
            "net_income": 17038,
            "revenue": 147823,
            "common_shares": 458540,
            "book_valuer_per_share": 16.9,
            "book_valuer_per_share_4q_avg": 16.59,
            "equity": 774908,
            "current_ratio": 290.58,
            "debt_ratio": 30.64,
            "inventory_turnover_ratio": 1.91,
            "account_receivable_turnover_ratio": null,
            "reinvestment_rate": 5.5,
            "research_to_sale_ratio": null,
            "price_fair": 50.4,
            "eps_avg_yearly": 1.44,
            "eps_latest_yearly": 1.52,
            "eps_growth_yearly": 118.47
        },
        "20052": {
            "year_quarter": 20052,
            "year": 2005,
            "quarter": 2,
            "eps": 0.4,
            "eps_growth_year": 11.11,
            "eps_4q": 1.52,
            "eps_4q_growth_year": -25.6,
            "roe": 2.36,
            "roe_4q": 9.299999999999999,
            "gross_profit": 46026,
            "gross_margin": 32.07,
            "gross_margin_4q_avg": 32.48,
            "net_income": 18119,
            "revenue": 143534,
            "common_shares": 458755,
            "book_valuer_per_share": 16.54,
            "book_valuer_per_share_4q_avg": 16.55,
            "equity": 759007,
            "current_ratio": 241.74,
            "debt_ratio": 32.68,
            "inventory_turnover_ratio": 1.79,
            "account_receivable_turnover_ratio": null,
            "reinvestment_rate": 9.6,
            "research_to_sale_ratio": null,
            "price_fair": 50.8,
            "eps_avg_yearly": 1.45,
            "eps_latest_yearly": 1.6,
            "eps_growth_yearly": 111.51
        },
        "20053": {
            "year_quarter": 20053,
            "year": 2005,
            "quarter": 3,
            "eps": 0.26,
            "eps_growth_year": -25.71,
            "eps_4q": 1.39,
            "eps_4q_growth_year": -18.81,
            "roe": 1.56,
            "roe_4q": 8.7,
            "gross_profit": 40563,
            "gross_margin": 29.95,
            "gross_margin_4q_avg": 31.81,
            "net_income": 12310,
            "revenue": 135432,
            "common_shares": 485420,
            "book_valuer_per_share": 16.78,
            "book_valuer_per_share_4q_avg": 16.7,
            "equity": 814664,
            "current_ratio": 251.18,
            "debt_ratio": 27.68,
            "inventory_turnover_ratio": 1.78,
            "account_receivable_turnover_ratio": null,
            "reinvestment_rate": 9.64,
            "research_to_sale_ratio": null,
            "price_fair": 49.84,
            "eps_avg_yearly": 1.42,
            "eps_latest_yearly": 1.04,
            "eps_growth_yearly": 94.74
        },
        "20054": {
            "year_quarter": 20054,
            "year": 2005,
            "quarter": 4,
            "eps": 0.17,
            "eps_growth_year": -59.52,
            "eps_4q": 1.17,
            "eps_4q_growth_year": -38.58,
            "roe": 0.98,
            "roe_4q": 7.16,
            "gross_profit": 35116,
            "gross_margin": 28.52,
            "gross_margin_4q_avg": 30.63,
            "net_income": 8057,
            "revenue": 123109,
            "common_shares": 487239,
            "book_valuer_per_share": 16.94,
            "book_valuer_per_share_4q_avg": 16.79,
            "equity": 825315,
            "current_ratio": 299.46,
            "debt_ratio": 24.74,
            "inventory_turnover_ratio": 1.68,
            "account_receivable_turnover_ratio": null,
            "reinvestment_rate": 23.6,
            "research_to_sale_ratio": null,
            "price_fair": 48.21,
            "eps_avg_yearly": 1.38,
            "eps_latest_yearly": 0.68,
            "eps_growth_yearly": 80.17
        },
        "20061": {
            "year_quarter": 20061,
            "year": 2006,
            "quarter": 1,
            "eps": 0.13,
            "eps_growth_year": -65.79,
            "eps_4q": 0.9,
            "eps_4q_growth_year": -38.6,
            "roe": 0.79,
            "roe_4q": 5.6899999999999995,
            "gross_profit": 35485,
            "gross_margin": 28.23,
            "gross_margin_4q_avg": 29.69,
            "net_income": 6533,
            "revenue": 125717,
            "common_shares": 487239,
            "book_valuer_per_share": 17.07,
            "book_valuer_per_share_4q_avg": 16.83,
            "equity": 831848,
            "current_ratio": 321.39,
            "debt_ratio": 23.81,
            "inventory_turnover_ratio": 1.66,
            "account_receivable_turnover_ratio": null,
            "reinvestment_rate": 16.55,
            "research_to_sale_ratio": null,
            "price_fair": 47.43,
            "eps_avg_yearly": 1.36,
            "eps_latest_yearly": 0.52,
            "eps_growth_yearly": 75.37
        },
        "20062": {
            "year_quarter": 20062,
            "year": 2006,
            "quarter": 2,
            "eps": 0.14,
            "eps_growth_year": -65,
            "eps_4q": 0.71,
            "eps_4q_growth_year": -53.54,
            "roe": 0.82,
            "roe_4q": 4.15,
            "gross_profit": 37139,
            "gross_margin": 28.95,
            "gross_margin_4q_avg": 28.91,
            "net_income": 6658,
            "revenue": 128301,
            "common_shares": 487239,
            "book_valuer_per_share": 16.41,
            "book_valuer_per_share_4q_avg": 16.8,
            "equity": 799464,
            "current_ratio": 260.24,
            "debt_ratio": 27.25,
            "inventory_turnover_ratio": 1.66,
            "account_receivable_turnover_ratio": null,
            "reinvestment_rate": 12.5,
            "research_to_sale_ratio": null,
            "price_fair": 46.11,
            "eps_avg_yearly": 1.32,
            "eps_latest_yearly": 0.56,
            "eps_growth_yearly": 69.34
        },
        "20063": {
            "year_quarter": 20063,
            "year": 2006,
            "quarter": 3,
            "eps": 0.16,
            "eps_growth_year": -38.46,
            "eps_4q": 0.58,
            "eps_4q_growth_year": -58.59,
            "roe": 1.02,
            "roe_4q": 3.61,
            "gross_profit": 37649,
            "gross_margin": 27.51,
            "gross_margin_4q_avg": 28.3,
            "net_income": 8188,
            "revenue": 136869,
            "common_shares": 501918,
            "book_valuer_per_share": 16.09,
            "book_valuer_per_share_4q_avg": 16.63,
            "equity": 807829,
            "current_ratio": 293.42,
            "debt_ratio": 25.23,
            "inventory_turnover_ratio": 1.79,
            "account_receivable_turnover_ratio": null,
            "reinvestment_rate": 9.65,
            "research_to_sale_ratio": null,
            "price_fair": 45.15,
            "eps_avg_yearly": 1.29,
            "eps_latest_yearly": 0.64,
            "eps_growth_yearly": 74.64
        },
        "20064": {
            "year_quarter": 20064,
            "year": 2006,
            "quarter": 4,
            "eps": 0.25,
            "eps_growth_year": 47.06,
            "eps_4q": 0.67,
            "eps_4q_growth_year": -42.64,
            "roe": 1.58,
            "roe_4q": 4.21,
            "gross_profit": 35249,
            "gross_margin": 24.87,
            "gross_margin_4q_avg": 27.39,
            "net_income": 12665,
            "revenue": 141761,
            "common_shares": 502309,
            "book_valuer_per_share": 15.84,
            "book_valuer_per_share_4q_avg": 16.35,
            "equity": 795740,
            "current_ratio": 323.91,
            "debt_ratio": 23.83,
            "inventory_turnover_ratio": 2.04,
            "account_receivable_turnover_ratio": null,
            "reinvestment_rate": 8,
            "research_to_sale_ratio": null,
            "price_fair": 44.19,
            "eps_avg_yearly": 1.26,
            "eps_latest_yearly": 1,
            "eps_growth_yearly": 80.37
        },
        "20071": {
            "year_quarter": 20071,
            "year": 2007,
            "quarter": 1,
            "eps": 0.19,
            "eps_growth_year": 46.15,
            "eps_4q": 0.76,
            "eps_4q_growth_year": -15.53,
            "roe": 1.16,
            "roe_4q": 4.58,
            "gross_profit": 37494,
            "gross_margin": 26.36,
            "gross_margin_4q_avg": 26.92,
            "net_income": 9224,
            "revenue": 142265,
            "common_shares": 478481,
            "book_valuer_per_share": 16.61,
            "book_valuer_per_share_4q_avg": 16.24,
            "equity": 794581,
            "current_ratio": 327.24,
            "debt_ratio": 23.92,
            "inventory_turnover_ratio": 2,
            "account_receivable_turnover_ratio": null,
            "reinvestment_rate": 6.79,
            "research_to_sale_ratio": null,
            "price_fair": 44.8,
            "eps_avg_yearly": 1.28,
            "eps_latest_yearly": 0.76,
            "eps_growth_yearly": 91.03
        },
        "20072": {
            "year_quarter": 20072,
            "year": 2007,
            "quarter": 2,
            "eps": 0.1,
            "eps_growth_year": -28.57,
            "eps_4q": 0.75,
            "eps_4q_growth_year": 5.92,
            "roe": 0.6,
            "roe_4q": 4.359999999999999,
            "gross_profit": 37572,
            "gross_margin": 26.02,
            "gross_margin_4q_avg": 26.19,
            "net_income": 4646,
            "revenue": 144373,
            "common_shares": 478481,
            "book_valuer_per_share": 15.94,
            "book_valuer_per_share_4q_avg": 16.12,
            "equity": 762669,
            "current_ratio": 260.43,
            "debt_ratio": 27.77,
            "inventory_turnover_ratio": 1.95,
            "account_receivable_turnover_ratio": null,
            "reinvestment_rate": 3.53,
            "research_to_sale_ratio": null,
            "price_fair": 44.01,
            "eps_avg_yearly": 1.26,
            "eps_latest_yearly": 0.4,
            "eps_growth_yearly": 64.61
        },
        "20073": {
            "year_quarter": 20073,
            "year": 2007,
            "quarter": 3,
            "eps": 0.06,
            "eps_growth_year": -62.5,
            "eps_4q": 0.59,
            "eps_4q_growth_year": 1.93,
            "roe": 0.4,
            "roe_4q": 3.74,
            "gross_profit": 30363,
            "gross_margin": 22.05,
            "gross_margin_4q_avg": 24.83,
            "net_income": 3025,
            "revenue": 137731,
            "common_shares": 478481,
            "book_valuer_per_share": 16,
            "book_valuer_per_share_4q_avg": 16.1,
            "equity": 765694,
            "current_ratio": 297.55,
            "debt_ratio": 25.43,
            "inventory_turnover_ratio": 2.01,
            "account_receivable_turnover_ratio": null,
            "reinvestment_rate": 15.42,
            "research_to_sale_ratio": null,
            "price_fair": 11.23,
            "eps_avg_yearly": 1.12,
            "eps_latest_yearly": 0.24,
            "eps_growth_yearly": 0.66
        },
        "20074": {
            "year_quarter": 20074,
            "year": 2007,
            "quarter": 4,
            "eps": 0.14,
            "eps_growth_year": -44,
            "eps_4q": 0.49,
            "eps_4q_growth_year": -27.08,
            "roe": 0.88,
            "roe_4q": 3.04,
            "gross_profit": 36180,
            "gross_margin": 25.62,
            "gross_margin_4q_avg": 25.01,
            "net_income": 6757,
            "revenue": 141225,
            "common_shares": 478481,
            "book_valuer_per_share": 16.15,
            "book_valuer_per_share_4q_avg": 16.18,
            "equity": 772598,
            "current_ratio": 294.2,
            "debt_ratio": 25.89,
            "inventory_turnover_ratio": 1.96,
            "account_receivable_turnover_ratio": null,
            "reinvestment_rate": 17.11,
            "research_to_sale_ratio": null,
            "price_fair": 38.24,
            "eps_avg_yearly": 1.09,
            "eps_latest_yearly": 0.56,
            "eps_growth_yearly": 48.16
        },
        "20081": {
            "year_quarter": 20081,
            "year": 2008,
            "quarter": 1,
            "eps": 0.11,
            "eps_growth_year": -42.11,
            "eps_4q": 0.4,
            "eps_4q_growth_year": -47.05,
            "roe": 0.7,
            "roe_4q": 2.58,
            "gross_profit": 34676,
            "gross_margin": 25.75,
            "gross_margin_4q_avg": 24.86,
            "net_income": 5460,
            "revenue": 134658,
            "common_shares": 478481,
            "book_valuer_per_share": 16.27,
            "book_valuer_per_share_4q_avg": 16.09,
            "equity": 778684,
            "current_ratio": 333.34,
            "debt_ratio": 24.3,
            "inventory_turnover_ratio": 1.8,
            "account_receivable_turnover_ratio": null,
            "reinvestment_rate": 17.52,
            "research_to_sale_ratio": null,
            "price_fair": 2.72,
            "eps_avg_yearly": 0.91,
            "eps_latest_yearly": 0.44,
            "eps_growth_yearly": -14.89
        },
        "20082": {
            "year_quarter": 20082,
            "year": 2008,
            "quarter": 2,
            "eps": 0.14,
            "eps_growth_year": 40,
            "eps_4q": 0.46,
            "eps_4q_growth_year": -38.79,
            "roe": 0.87,
            "roe_4q": 2.8499999999999996,
            "gross_profit": 35939,
            "gross_margin": 25.46,
            "gross_margin_4q_avg": 24.72,
            "net_income": 6722,
            "revenue": 141173,
            "common_shares": 478481,
            "book_valuer_per_share": 15.98,
            "book_valuer_per_share_4q_avg": 16.1,
            "equity": 764636,
            "current_ratio": 287.74,
            "debt_ratio": 26.66,
            "inventory_turnover_ratio": 1.89,
            "account_receivable_turnover_ratio": null,
            "reinvestment_rate": 20.01,
            "research_to_sale_ratio": null,
            "price_fair": 13.99,
            "eps_avg_yearly": 0.85,
            "eps_latest_yearly": 0.56,
            "eps_growth_yearly": 6.46
        },
        "20083": {
            "year_quarter": 20083,
            "year": 2008,
            "quarter": 3,
            "eps": 0.11,
            "eps_growth_year": 83.33,
            "eps_4q": 0.49,
            "eps_4q_growth_year": -15.68,
            "roe": 0.71,
            "roe_4q": 3.16,
            "gross_profit": 35346,
            "gross_margin": 24.21,
            "gross_margin_4q_avg": 25.26,
            "net_income": 5420,
            "revenue": 146007,
            "common_shares": 478481,
            "book_valuer_per_share": 16.11,
            "book_valuer_per_share_4q_avg": 16.13,
            "equity": 770744,
            "current_ratio": 305.6,
            "debt_ratio": 25.97,
            "inventory_turnover_ratio": 1.96,
            "account_receivable_turnover_ratio": null,
            "reinvestment_rate": 17.93,
            "research_to_sale_ratio": null,
            "price_fair": 9.32,
            "eps_avg_yearly": 0.79,
            "eps_latest_yearly": 0.44,
            "eps_growth_yearly": 1.8
        },
        "20084": {
            "year_quarter": 20084,
            "year": 2008,
            "quarter": 4,
            "eps": 0.26,
            "eps_growth_year": 85.71,
            "eps_4q": 0.63,
            "eps_4q_growth_year": 28.07,
            "roe": 1.6,
            "roe_4q": 3.88,
            "gross_profit": 41733,
            "gross_margin": 27.42,
            "gross_margin_4q_avg": 25.71,
            "net_income": 12450,
            "revenue": 152181,
            "common_shares": 478481,
            "book_valuer_per_share": 16.33,
            "book_valuer_per_share_4q_avg": 16.17,
            "equity": 781276,
            "current_ratio": 307.1,
            "debt_ratio": 26.18,
            "inventory_turnover_ratio": 1.92,
            "account_receivable_turnover_ratio": 1.6,
            "reinvestment_rate": 11.19,
            "research_to_sale_ratio": null,
            "price_fair": 26.25,
            "eps_avg_yearly": 0.75,
            "eps_latest_yearly": 1.04,
            "eps_growth_yearly": 30.89
        },
        "20091": {
            "year_quarter": 20091,
            "year": 2009,
            "quarter": 1,
            "eps": 0.28,
            "eps_growth_year": 154.55,
            "eps_4q": 0.8,
            "eps_4q_growth_year": 99.15,
            "roe": 1.69,
            "roe_4q": 4.87,
            "gross_profit": 48694,
            "gross_margin": 31.04,
            "gross_margin_4q_avg": 27.03,
            "net_income": 13294,
            "revenue": 156884,
            "common_shares": 478481,
            "book_valuer_per_share": 16.61,
            "book_valuer_per_share_4q_avg": 16.26,
            "equity": 794795,
            "current_ratio": 328.02,
            "debt_ratio": 25.55,
            "inventory_turnover_ratio": 1.93,
            "account_receivable_turnover_ratio": 0.8,
            "reinvestment_rate": 9.61,
            "research_to_sale_ratio": null,
            "price_fair": 25.38,
            "eps_avg_yearly": 0.73,
            "eps_latest_yearly": 1.12,
            "eps_growth_yearly": 35.2
        },
        "20092": {
            "year_quarter": 20092,
            "year": 2009,
            "quarter": 2,
            "eps": 0.13,
            "eps_growth_year": -7.14,
            "eps_4q": 0.8,
            "eps_4q_growth_year": 74.73,
            "roe": 0.77,
            "roe_4q": 4.7700000000000005,
            "gross_profit": 39076,
            "gross_margin": 27,
            "gross_margin_4q_avg": 27.42,
            "net_income": 6053,
            "revenue": 144744,
            "common_shares": 478481,
            "book_valuer_per_share": 16.27,
            "book_valuer_per_share_4q_avg": 16.33,
            "equity": 778466,
            "current_ratio": 289.13,
            "debt_ratio": 27.69,
            "inventory_turnover_ratio": 2.08,
            "account_receivable_turnover_ratio": 0.74,
            "reinvestment_rate": 4.24,
            "research_to_sale_ratio": null,
            "price_fair": 20.05,
            "eps_avg_yearly": 0.66,
            "eps_latest_yearly": 0.52,
            "eps_growth_yearly": 20.49
        },
        "20093": {
            "year_quarter": 20093,
            "year": 2009,
            "quarter": 3,
            "eps": 0.06,
            "eps_growth_year": -45.45,
            "eps_4q": 0.7,
            "eps_4q_growth_year": 41.94,
            "roe": 0.38,
            "roe_4q": 4.4399999999999995,
            "gross_profit": 37090,
            "gross_margin": 25.6,
            "gross_margin_4q_avg": 27.77,
            "net_income": 2973,
            "revenue": 144896,
            "common_shares": 479916,
            "book_valuer_per_share": 16.28,
            "book_valuer_per_share_4q_avg": 16.37,
            "equity": 781503,
            "current_ratio": 289.83,
            "debt_ratio": 27.41,
            "inventory_turnover_ratio": 2.06,
            "account_receivable_turnover_ratio": 0.75,
            "reinvestment_rate": 0.31,
            "research_to_sale_ratio": null,
            "price_fair": 15.66,
            "eps_avg_yearly": 0.61,
            "eps_latest_yearly": 0.24,
            "eps_growth_yearly": 15.78
        },
        "20094": {
            "year_quarter": 20094,
            "year": 2009,
            "quarter": 4,
            "eps": 0.26,
            "eps_growth_year": 0,
            "eps_4q": 0.72,
            "eps_4q_growth_year": 14.89,
            "roe": 1.56,
            "roe_4q": 4.4,
            "gross_profit": 45397,
            "gross_margin": 28.57,
            "gross_margin_4q_avg": 28.05,
            "net_income": 12285,
            "revenue": 158884,
            "common_shares": 479916,
            "book_valuer_per_share": 16.45,
            "book_valuer_per_share_4q_avg": 16.4,
            "equity": 789510,
            "current_ratio": 266.33,
            "debt_ratio": 28.95,
            "inventory_turnover_ratio": 1.71,
            "account_receivable_turnover_ratio": 1.49,
            "reinvestment_rate": -5.63,
            "research_to_sale_ratio": null,
            "price_fair": 22.05,
            "eps_avg_yearly": 0.63,
            "eps_latest_yearly": 1.04,
            "eps_growth_yearly": 107.76
        },
        "20101": {
            "year_quarter": 20101,
            "year": 2010,
            "quarter": 1,
            "eps": 0.23,
            "eps_growth_year": -17.86,
            "eps_4q": 0.68,
            "eps_4q_growth_year": -14.95,
            "roe": 1.42,
            "roe_4q": 4.13,
            "gross_profit": 47850,
            "gross_margin": 29.15,
            "gross_margin_4q_avg": 27.58,
            "net_income": 11259,
            "revenue": 164125,
            "common_shares": 479916,
            "book_valuer_per_share": 0,
            "book_valuer_per_share_4q_avg": 12.25,
            "equity": 800807,
            "current_ratio": 227.36,
            "debt_ratio": 30.04,
            "inventory_turnover_ratio": 1.53,
            "account_receivable_turnover_ratio": 0.76,
            "reinvestment_rate": 43.33,
            "research_to_sale_ratio": 2.15,
            "price_fair": 22.93,
            "eps_avg_yearly": 0.66,
            "eps_latest_yearly": 0.92,
            "eps_growth_yearly": 110.76
        },
        "20102": {
            "year_quarter": 20102,
            "year": 2010,
            "quarter": 2,
            "eps": 0.07,
            "eps_growth_year": -45.96,
            "eps_4q": 0.61,
            "eps_4q_growth_year": -23.77,
            "roe": 0.43,
            "roe_4q": 3.79,
            "gross_profit": 37751,
            "gross_margin": 22.74,
            "gross_margin_4q_avg": 26.52,
            "net_income": 3456,
            "revenue": 166029,
            "common_shares": 479916,
            "book_valuer_per_share": 0,
            "book_valuer_per_share_4q_avg": 8.18,
            "equity": 789962,
            "current_ratio": 208.89,
            "debt_ratio": 30.68,
            "inventory_turnover_ratio": 1.81,
            "account_receivable_turnover_ratio": 0.77,
            "reinvestment_rate": 67.48,
            "research_to_sale_ratio": 1.8,
            "price_fair": 22.31,
            "eps_avg_yearly": 0.64,
            "eps_latest_yearly": 0.28,
            "eps_growth_yearly": 91.45
        },
        "20103": {
            "year_quarter": 20103,
            "year": 2010,
            "quarter": 3,
            "eps": 0.13,
            "eps_growth_year": 116.16,
            "eps_4q": 0.68,
            "eps_4q_growth_year": -3.3,
            "roe": 0.8,
            "roe_4q": 4.21,
            "gross_profit": 40378,
            "gross_margin": 24.14,
            "gross_margin_4q_avg": 26.15,
            "net_income": 6380,
            "revenue": 167256,
            "common_shares": 491914,
            "book_valuer_per_share": 0,
            "book_valuer_per_share_4q_avg": 4.11,
            "equity": 796223,
            "current_ratio": 222.38,
            "debt_ratio": 29.06,
            "inventory_turnover_ratio": 1.93,
            "account_receivable_turnover_ratio": 0.76,
            "reinvestment_rate": 77.93,
            "research_to_sale_ratio": 2,
            "price_fair": 22.05,
            "eps_avg_yearly": 0.63,
            "eps_latest_yearly": 0.52,
            "eps_growth_yearly": 109.3
        },
        "20104": {
            "year_quarter": 20104,
            "year": 2010,
            "quarter": 4,
            "eps": 0.2,
            "eps_growth_year": -21.5,
            "eps_4q": 0.63,
            "eps_4q_growth_year": -12.22,
            "roe": 1.25,
            "roe_4q": 3.9,
            "gross_profit": 44915,
            "gross_margin": 26.72,
            "gross_margin_4q_avg": 25.69,
            "net_income": 10040,
            "revenue": 168109,
            "common_shares": 491914,
            "book_valuer_per_share": 16.4,
            "book_valuer_per_share_4q_avg": 4.1,
            "equity": 806975,
            "current_ratio": 212.75,
            "debt_ratio": 29.61,
            "inventory_turnover_ratio": 1.8,
            "account_receivable_turnover_ratio": 0.76,
            "reinvestment_rate": 92.05,
            "research_to_sale_ratio": 1.7,
            "price_fair": 21.61,
            "eps_avg_yearly": 0.62,
            "eps_latest_yearly": 0.8,
            "eps_growth_yearly": 108.7
        },
        "20111": {
            "year_quarter": 20111,
            "year": 2011,
            "quarter": 1,
            "eps": 0.13,
            "eps_growth_year": -43.48,
            "eps_4q": 0.53,
            "eps_4q_growth_year": -21.47,
            "roe": 0.78,
            "roe_4q": 3.2600000000000002,
            "gross_profit": 41999,
            "gross_margin": 25.91,
            "gross_margin_4q_avg": 24.88,
            "net_income": 6341,
            "revenue": 162066,
            "common_shares": 491914,
            "book_valuer_per_share": 16.53,
            "book_valuer_per_share_4q_avg": 8.23,
            "equity": 813296,
            "current_ratio": 224.83,
            "debt_ratio": 27.93,
            "inventory_turnover_ratio": 1.7,
            "account_receivable_turnover_ratio": 0.74,
            "reinvestment_rate": 109.91,
            "research_to_sale_ratio": 1.83,
            "price_fair": 21.09,
            "eps_avg_yearly": 0.6,
            "eps_latest_yearly": 0.52,
            "eps_growth_yearly": 105.95
        },
        "20112": {
            "year_quarter": 20112,
            "year": 2011,
            "quarter": 2,
            "eps": 0.06,
            "eps_growth_year": -8.43,
            "eps_4q": 0.52,
            "eps_4q_growth_year": -14.99,
            "roe": 0.4,
            "roe_4q": 3.2300000000000004,
            "gross_profit": 42044,
            "gross_margin": 25.3,
            "gross_margin_4q_avg": 25.52,
            "net_income": 3228,
            "revenue": 166176,
            "common_shares": 491914,
            "book_valuer_per_share": 16.3,
            "book_valuer_per_share_4q_avg": 12.31,
            "equity": 801730,
            "current_ratio": 226.25,
            "debt_ratio": 27.92,
            "inventory_turnover_ratio": 1.82,
            "account_receivable_turnover_ratio": 0.78,
            "reinvestment_rate": 108.55,
            "research_to_sale_ratio": 1.87,
            "price_fair": 20.74,
            "eps_avg_yearly": 0.59,
            "eps_latest_yearly": 0.24,
            "eps_growth_yearly": 104.33
        },
        "20113": {
            "year_quarter": 20113,
            "year": 2011,
            "quarter": 3,
            "eps": 0.1,
            "eps_growth_year": -25.33,
            "eps_4q": 0.49,
            "eps_4q_growth_year": -28.14,
            "roe": 0.6,
            "roe_4q": 3.0300000000000002,
            "gross_profit": 42261,
            "gross_margin": 25.24,
            "gross_margin_4q_avg": 25.79,
            "net_income": 4859,
            "revenue": 167422,
            "common_shares": 501752,
            "book_valuer_per_share": 16.08,
            "book_valuer_per_share_4q_avg": 16.33,
            "equity": 806687,
            "current_ratio": 250.31,
            "debt_ratio": 26.66,
            "inventory_turnover_ratio": 1.96,
            "account_receivable_turnover_ratio": 0.75,
            "reinvestment_rate": 102.29,
            "research_to_sale_ratio": 1.85,
            "price_fair": 21.09,
            "eps_avg_yearly": 0.6,
            "eps_latest_yearly": 0.4,
            "eps_growth_yearly": 131
        },
        "20114": {
            "year_quarter": 20114,
            "year": 2011,
            "quarter": 4,
            "eps": 0.21,
            "eps_growth_year": 0.84,
            "eps_4q": 0.49,
            "eps_4q_growth_year": -22.05,
            "roe": 1.27,
            "roe_4q": 3.05,
            "gross_profit": 49444,
            "gross_margin": 29.05,
            "gross_margin_4q_avg": 26.38,
            "net_income": 10327,
            "revenue": 170192,
            "common_shares": 501752,
            "book_valuer_per_share": 16.22,
            "book_valuer_per_share_4q_avg": 16.28,
            "equity": 814052,
            "current_ratio": 252.54,
            "debt_ratio": 27.32,
            "inventory_turnover_ratio": 1.75,
            "account_receivable_turnover_ratio": 0.72,
            "reinvestment_rate": 94.34,
            "research_to_sale_ratio": 2.06,
            "price_fair": 21.7,
            "eps_avg_yearly": 0.62,
            "eps_latest_yearly": 0.84,
            "eps_growth_yearly": 125.17
        },
        "20121": {
            "year_quarter": 20121,
            "year": 2012,
            "quarter": 1,
            "eps": 0.46,
            "eps_growth_year": 253.85,
            "eps_4q": 0.83,
            "eps_4q_growth_year": 55.37,
            "roe": 2.8,
            "roe_4q": 5.07,
            "gross_profit": 69867,
            "gross_margin": 31.68,
            "gross_margin_4q_avg": 27.82,
            "net_income": 23133,
            "revenue": 220525,
            "common_shares": 501752,
            "book_valuer_per_share": 16.68,
            "book_valuer_per_share_4q_avg": 16.32,
            "equity": 837093,
            "current_ratio": 242.05,
            "debt_ratio": 28.78,
            "inventory_turnover_ratio": 2.05,
            "account_receivable_turnover_ratio": 0.84,
            "reinvestment_rate": 82.9,
            "research_to_sale_ratio": 1.87,
            "price_fair": 24.76,
            "eps_avg_yearly": 0.71,
            "eps_latest_yearly": 1.84,
            "eps_growth_yearly": 160.29
        },
        "20122": {
            "year_quarter": 20122,
            "year": 2012,
            "quarter": 2,
            "eps": 0.37,
            "eps_growth_year": 481.41,
            "eps_4q": 1.14,
            "eps_4q_growth_year": 119.66,
            "roe": 2.24,
            "roe_4q": 6.91,
            "gross_profit": 69004,
            "gross_margin": 31,
            "gross_margin_4q_avg": 29.24,
            "net_income": 18768,
            "revenue": 222566,
            "common_shares": 501752,
            "book_valuer_per_share": 16.72,
            "book_valuer_per_share_4q_avg": 16.43,
            "equity": 838738,
            "current_ratio": 205.16,
            "debt_ratio": 31.79,
            "inventory_turnover_ratio": 2.13,
            "account_receivable_turnover_ratio": 0.76,
            "reinvestment_rate": 105.38,
            "research_to_sale_ratio": 1.84,
            "price_fair": 26.78,
            "eps_avg_yearly": 0.77,
            "eps_latest_yearly": 1.48,
            "eps_growth_yearly": 148.58
        },
        "20123": {
            "year_quarter": 20123,
            "year": 2012,
            "quarter": 3,
            "eps": 0.33,
            "eps_growth_year": 238.38,
            "eps_4q": 1.37,
            "eps_4q_growth_year": 180.65,
            "roe": 1.94,
            "roe_4q": 8.25,
            "gross_profit": 64732,
            "gross_margin": 30.95,
            "gross_margin_4q_avg": 30.67,
            "net_income": 16442,
            "revenue": 209153,
            "common_shares": 501752,
            "book_valuer_per_share": 17.05,
            "book_valuer_per_share_4q_avg": 16.67,
            "equity": 855665,
            "current_ratio": 215.66,
            "debt_ratio": 31.15,
            "inventory_turnover_ratio": 1.98,
            "account_receivable_turnover_ratio": 0.73,
            "reinvestment_rate": 114.09,
            "research_to_sale_ratio": 2.23,
            "price_fair": 28.7,
            "eps_avg_yearly": 0.82,
            "eps_latest_yearly": 1.32,
            "eps_growth_yearly": 151.23
        },
        "20124": {
            "year_quarter": 20124,
            "year": 2012,
            "quarter": 4,
            "eps": 0.25,
            "eps_growth_year": 20.86,
            "eps_4q": 1.41,
            "eps_4q_growth_year": 186.1,
            "roe": 1.45,
            "roe_4q": 8.43,
            "gross_profit": 64414,
            "gross_margin": 30.07,
            "gross_margin_4q_avg": 30.93,
            "net_income": 12481,
            "revenue": 214246,
            "common_shares": 501752,
            "book_valuer_per_share": 17.25,
            "book_valuer_per_share_4q_avg": 16.93,
            "equity": 865498,
            "current_ratio": 191.18,
            "debt_ratio": 32.7,
            "inventory_turnover_ratio": 2.1,
            "account_receivable_turnover_ratio": 0.77,
            "reinvestment_rate": 129.26,
            "research_to_sale_ratio": 2.11,
            "price_fair": 28.61,
            "eps_avg_yearly": 0.82,
            "eps_latest_yearly": 1,
            "eps_growth_yearly": 111.08
        },
        "20131": {
            "year_quarter": 20131,
            "year": 2013,
            "quarter": 1,
            "eps": 0.21,
            "eps_growth_year": -54.35,
            "eps_4q": 1.16,
            "eps_4q_growth_year": 39.62,
            "roe": 1.19,
            "roe_4q": 6.82,
            "gross_profit": 57813,
            "gross_margin": 29.21,
            "gross_margin_4q_avg": 30.31,
            "net_income": 10316,
            "revenue": 197944,
            "common_shares": 501752,
            "book_valuer_per_share": 17.28,
            "book_valuer_per_share_4q_avg": 17.08,
            "equity": 867128,
            "current_ratio": 174.37,
            "debt_ratio": 34.11,
            "inventory_turnover_ratio": 1.86,
            "account_receivable_turnover_ratio": 0.7,
            "reinvestment_rate": 144.7,
            "research_to_sale_ratio": 2.13,
            "price_fair": 28,
            "eps_avg_yearly": 0.8,
            "eps_latest_yearly": 0.84,
            "eps_growth_yearly": 105.16
        },
        "20132": {
            "year_quarter": 20132,
            "year": 2013,
            "quarter": 2,
            "eps": 0.44,
            "eps_growth_year": 17.63,
            "eps_4q": 1.18,
            "eps_4q_growth_year": 3.37,
            "roe": 2.55,
            "roe_4q": 7.129999999999999,
            "gross_profit": 71232,
            "gross_margin": 31.31,
            "gross_margin_4q_avg": 30.39,
            "net_income": 22130,
            "revenue": 227492,
            "common_shares": 501752,
            "book_valuer_per_share": 17.36,
            "book_valuer_per_share_4q_avg": 17.24,
            "equity": 870870,
            "current_ratio": 143.98,
            "debt_ratio": 38.51,
            "inventory_turnover_ratio": 1.94,
            "account_receivable_turnover_ratio": 0.79,
            "reinvestment_rate": 159.88,
            "research_to_sale_ratio": 1.9,
            "price_fair": 30.71,
            "eps_avg_yearly": 0.88,
            "eps_latest_yearly": 1.76,
            "eps_growth_yearly": 145.93
        },
        "20133": {
            "year_quarter": 20133,
            "year": 2013,
            "quarter": 3,
            "eps": 0.56,
            "eps_growth_year": 70.89,
            "eps_4q": 1.42,
            "eps_4q_growth_year": 3.49,
            "roe": 3.28,
            "roe_4q": 8.469999999999999,
            "gross_profit": 85518,
            "gross_margin": 34.16,
            "gross_margin_4q_avg": 31.19,
            "net_income": 28982,
            "revenue": 250345,
            "common_shares": 521822,
            "book_valuer_per_share": 17.22,
            "book_valuer_per_share_4q_avg": 17.28,
            "equity": 898546,
            "current_ratio": 143.1,
            "debt_ratio": 39.13,
            "inventory_turnover_ratio": 2.11,
            "account_receivable_turnover_ratio": 0.87,
            "reinvestment_rate": 143.32,
            "research_to_sale_ratio": 1.39,
            "price_fair": 35.09,
            "eps_avg_yearly": 1,
            "eps_latest_yearly": 2.24,
            "eps_growth_yearly": 166.21
        },
        "20134": {
            "year_quarter": 20134,
            "year": 2013,
            "quarter": 4,
            "eps": 0.65,
            "eps_growth_year": 162.66,
            "eps_4q": 1.83,
            "eps_4q_growth_year": 29.68,
            "roe": 3.72,
            "roe_4q": 10.74,
            "gross_profit": 85124,
            "gross_margin": 34.78,
            "gross_margin_4q_avg": 32.37,
            "net_income": 34094,
            "revenue": 244733,
            "common_shares": 521822,
            "book_valuer_per_share": 17.94,
            "book_valuer_per_share_4q_avg": 17.45,
            "equity": 936093,
            "current_ratio": 149.44,
            "debt_ratio": 36.52,
            "inventory_turnover_ratio": 1.98,
            "account_receivable_turnover_ratio": 0.88,
            "reinvestment_rate": 130.14,
            "research_to_sale_ratio": 1.83,
            "price_fair": 38.5,
            "eps_avg_yearly": 1.1,
            "eps_latest_yearly": 2.6,
            "eps_growth_yearly": 86.89
        },
        "20141": {
            "year_quarter": 20141,
            "year": 2014,
            "quarter": 1,
            "eps": 0.4,
            "eps_growth_year": 90.48,
            "eps_4q": 2.03,
            "eps_4q_growth_year": 75.5,
            "roe": 2.18,
            "roe_4q": 11.73,
            "gross_profit": 75642,
            "gross_margin": 31.81,
            "gross_margin_4q_avg": 33.02,
            "net_income": 20670,
            "revenue": 237786,
            "common_shares": 521822,
            "book_valuer_per_share": 18.32,
            "book_valuer_per_share_4q_avg": 17.71,
            "equity": 956073,
            "current_ratio": 154.97,
            "debt_ratio": 33.84,
            "inventory_turnover_ratio": 1.91,
            "account_receivable_turnover_ratio": 0.9,
            "reinvestment_rate": 114.81,
            "research_to_sale_ratio": 1.67,
            "price_fair": 39.99,
            "eps_avg_yearly": 1.14,
            "eps_latest_yearly": 1.6,
            "eps_growth_yearly": 80.16
        },
        "20142": {
            "year_quarter": 20142,
            "year": 2014,
            "quarter": 2,
            "eps": 0.41,
            "eps_growth_year": -6.82,
            "eps_4q": 1.92,
            "eps_4q_growth_year": 63.07,
            "roe": 2.24,
            "roe_4q": 11.42,
            "gross_profit": 75496,
            "gross_margin": 31.35,
            "gross_margin_4q_avg": 33.03,
            "net_income": 21335,
            "revenue": 240845,
            "common_shares": 521822,
            "book_valuer_per_share": 18.18,
            "book_valuer_per_share_4q_avg": 17.92,
            "equity": 948810,
            "current_ratio": 148.67,
            "debt_ratio": 34.59,
            "inventory_turnover_ratio": 1.99,
            "account_receivable_turnover_ratio": 0.89,
            "reinvestment_rate": 99.23,
            "research_to_sale_ratio": 2.12,
            "price_fair": 42.96,
            "eps_avg_yearly": 1.23,
            "eps_latest_yearly": 1.64,
            "eps_growth_yearly": 98.18
        },
        "20143": {
            "year_quarter": 20143,
            "year": 2014,
            "quarter": 3,
            "eps": 0.51,
            "eps_growth_year": -8.93,
            "eps_4q": 1.9,
            "eps_4q_growth_year": 34.23,
            "roe": 2.91,
            "roe_4q": 11.05,
            "gross_profit": 82351,
            "gross_margin": 32.17,
            "gross_margin_4q_avg": 32.53,
            "net_income": 28072,
            "revenue": 256011,
            "common_shares": 547913,
            "book_valuer_per_share": 17.92,
            "book_valuer_per_share_4q_avg": 18.09,
            "equity": 981645,
            "current_ratio": 162.22,
            "debt_ratio": 32.68,
            "inventory_turnover_ratio": 2.17,
            "account_receivable_turnover_ratio": 0.92,
            "reinvestment_rate": 90.48,
            "research_to_sale_ratio": 1.64,
            "price_fair": 46.29,
            "eps_avg_yearly": 1.32,
            "eps_latest_yearly": 2.04,
            "eps_growth_yearly": 82.85
        },
        "20144": {
            "year_quarter": 20144,
            "year": 2014,
            "quarter": 4,
            "eps": 0.05,
            "eps_growth_year": -91.94,
            "eps_4q": 1.33,
            "eps_4q_growth_year": -27.25,
            "roe": 0.29,
            "roe_4q": 7.620000000000001,
            "gross_profit": 51924,
            "gross_margin": 24.94,
            "gross_margin_4q_avg": 30.07,
            "net_income": 2886,
            "revenue": 208161,
            "common_shares": 547913,
            "book_valuer_per_share": 18.06,
            "book_valuer_per_share_4q_avg": 18.12,
            "equity": 989573,
            "current_ratio": 172.35,
            "debt_ratio": 31.22,
            "inventory_turnover_ratio": 1.86,
            "account_receivable_turnover_ratio": 0.8,
            "reinvestment_rate": 87.91,
            "research_to_sale_ratio": 2.18,
            "price_fair": 44.98,
            "eps_avg_yearly": 1.29,
            "eps_latest_yearly": 0.2,
            "eps_growth_yearly": 46.84
        },
        "20151": {
            "year_quarter": 20151,
            "year": 2015,
            "quarter": 1,
            "eps": 0.12,
            "eps_growth_year": -70,
            "eps_4q": 1.07,
            "eps_4q_growth_year": -47.25,
            "roe": 0.64,
            "roe_4q": 6.08,
            "gross_profit": 61632,
            "gross_margin": 28.02,
            "gross_margin_4q_avg": 29.12,
            "net_income": 6347,
            "revenue": 219971,
            "common_shares": 547913,
            "book_valuer_per_share": 18.14,
            "book_valuer_per_share_4q_avg": 18.08,
            "equity": 993878,
            "current_ratio": 173,
            "debt_ratio": 31.02,
            "inventory_turnover_ratio": 1.83,
            "account_receivable_turnover_ratio": 0.89,
            "reinvestment_rate": 81.22,
            "research_to_sale_ratio": 2.33,
            "price_fair": 44.89,
            "eps_avg_yearly": 1.28,
            "eps_latest_yearly": 0.48,
            "eps_growth_yearly": 90.59
        },
        "20152": {
            "year_quarter": 20152,
            "year": 2015,
            "quarter": 2,
            "eps": 0.23,
            "eps_growth_year": -43.9,
            "eps_4q": 0.88,
            "eps_4q_growth_year": -54.13,
            "roe": 1.3,
            "roe_4q": 5.140000000000001,
            "gross_profit": 71184,
            "gross_margin": 29.89,
            "gross_margin_4q_avg": 28.76,
            "net_income": 12824,
            "revenue": 238150,
            "common_shares": 547913,
            "book_valuer_per_share": 17.92,
            "book_valuer_per_share_4q_avg": 18.01,
            "equity": 981825,
            "current_ratio": 162.14,
            "debt_ratio": 32.5,
            "inventory_turnover_ratio": 2.05,
            "account_receivable_turnover_ratio": 0.88,
            "reinvestment_rate": 76.01,
            "research_to_sale_ratio": 1.92,
            "price_fair": 46.38,
            "eps_avg_yearly": 1.33,
            "eps_latest_yearly": 0.92,
            "eps_growth_yearly": 126.97
        },
        "20153": {
            "year_quarter": 20153,
            "year": 2015,
            "quarter": 3,
            "eps": 0.32,
            "eps_growth_year": -37.25,
            "eps_4q": 0.71,
            "eps_4q_growth_year": -62.73,
            "roe": 1.84,
            "roe_4q": 4.07,
            "gross_profit": 75129,
            "gross_margin": 31.02,
            "gross_margin_4q_avg": 28.47,
            "net_income": 18317,
            "revenue": 242186,
            "common_shares": 569830,
            "book_valuer_per_share": 17.7,
            "book_valuer_per_share_4q_avg": 17.96,
            "equity": 1008843,
            "current_ratio": 181.35,
            "debt_ratio": 30.36,
            "inventory_turnover_ratio": 2.23,
            "account_receivable_turnover_ratio": 0.85,
            "reinvestment_rate": 72.72,
            "research_to_sale_ratio": 2.35,
            "price_fair": 48.3,
            "eps_avg_yearly": 1.38,
            "eps_latest_yearly": 1.28,
            "eps_growth_yearly": 120.08
        },
        "20154": {
            "year_quarter": 20154,
            "year": 2015,
            "quarter": 4,
            "eps": 0.03,
            "eps_growth_year": -48.79,
            "eps_4q": 0.68,
            "eps_4q_growth_year": -48.57,
            "roe": 0.15,
            "roe_4q": 3.93,
            "gross_profit": 70176,
            "gross_margin": 30.3,
            "gross_margin_4q_avg": 29.81,
            "net_income": 1537,
            "revenue": 231630,
            "common_shares": 569830,
            "book_valuer_per_share": 17.53,
            "book_valuer_per_share_4q_avg": 17.82,
            "equity": 998725,
            "current_ratio": 166.7,
            "debt_ratio": 31.11,
            "inventory_turnover_ratio": 2.11,
            "account_receivable_turnover_ratio": 0.85,
            "reinvestment_rate": 76.75,
            "research_to_sale_ratio": 4.62,
            "price_fair": 46.73,
            "eps_avg_yearly": 1.34,
            "eps_latest_yearly": 0.12,
            "eps_growth_yearly": 69.93
        },
        "20161": {
            "year_quarter": 20161,
            "year": 2016,
            "quarter": 1,
            "eps": 0.16,
            "eps_growth_year": 33.33,
            "eps_4q": 0.74,
            "eps_4q_growth_year": -31.15,
            "roe": 0.93,
            "roe_4q": 4.22,
            "gross_profit": 66379,
            "gross_margin": 29.42,
            "gross_margin_4q_avg": 30.16,
            "net_income": 9312,
            "revenue": 225618,
            "common_shares": 569830,
            "book_valuer_per_share": 17.67,
            "book_valuer_per_share_4q_avg": 17.71,
            "equity": 1007150,
            "current_ratio": 165.21,
            "debt_ratio": 30.22,
            "inventory_turnover_ratio": 1.98,
            "account_receivable_turnover_ratio": 0.86,
            "reinvestment_rate": 87.58,
            "research_to_sale_ratio": 2,
            "price_fair": 44.1,
            "eps_avg_yearly": 1.26,
            "eps_latest_yearly": 0.64,
            "eps_growth_yearly": 148.5
        },
        "20162": {
            "year_quarter": 20162,
            "year": 2016,
            "quarter": 2,
            "eps": 0.29,
            "eps_growth_year": 26.09,
            "eps_4q": 0.8,
            "eps_4q_growth_year": -8.99,
            "roe": 1.65,
            "roe_4q": 4.57,
            "gross_profit": 75712,
            "gross_margin": 31.94,
            "gross_margin_4q_avg": 30.67,
            "net_income": 16454,
            "revenue": 237019,
            "common_shares": 569830,
            "book_valuer_per_share": 17.29,
            "book_valuer_per_share_4q_avg": 17.55,
            "equity": 985244,
            "current_ratio": 155.4,
            "debt_ratio": 30.64,
            "inventory_turnover_ratio": 2.12,
            "account_receivable_turnover_ratio": 0.9,
            "reinvestment_rate": 76.31,
            "research_to_sale_ratio": 2.19,
            "price_fair": 43.4,
            "eps_avg_yearly": 1.24,
            "eps_latest_yearly": 1.16,
            "eps_growth_yearly": 173.7
        },
        "20163": {
            "year_quarter": 20163,
            "year": 2016,
            "quarter": 3,
            "eps": 0.37,
            "eps_growth_year": 15.62,
            "eps_4q": 0.85,
            "eps_4q_growth_year": 20.08,
            "roe": 2.13,
            "roe_4q": 4.86,
            "gross_profit": 81978,
            "gross_margin": 32.57,
            "gross_margin_4q_avg": 31.06,
            "net_income": 21179,
            "revenue": 251690,
            "common_shares": 569830,
            "book_valuer_per_share": 17.53,
            "book_valuer_per_share_4q_avg": 17.51,
            "equity": 999195,
            "current_ratio": 163.09,
            "debt_ratio": 29.91,
            "inventory_turnover_ratio": 2.32,
            "account_receivable_turnover_ratio": 0.92,
            "reinvestment_rate": 62.95,
            "research_to_sale_ratio": 1.75,
            "price_fair": 43.75,
            "eps_avg_yearly": 1.25,
            "eps_latest_yearly": 1.48,
            "eps_growth_yearly": 183.3
        },
        "20164": {
            "year_quarter": 20164,
            "year": 2016,
            "quarter": 4,
            "eps": 0.45,
            "eps_growth_year": 1582.17,
            "eps_4q": 1.28,
            "eps_4q_growth_year": 86.55,
            "roe": 2.56,
            "roe_4q": 7.27,
            "gross_profit": 82723,
            "gross_margin": 33.18,
            "gross_margin_4q_avg": 31.78,
            "net_income": 25855,
            "revenue": 249352,
            "common_shares": 569830,
            "book_valuer_per_share": 17.9,
            "book_valuer_per_share_4q_avg": 17.6,
            "equity": 1019907,
            "current_ratio": 171.95,
            "debt_ratio": 28.84,
            "inventory_turnover_ratio": 2.22,
            "account_receivable_turnover_ratio": 0.86,
            "reinvestment_rate": 53.24,
            "research_to_sale_ratio": 1.87,
            "price_fair": 45.5,
            "eps_avg_yearly": 1.3,
            "eps_latest_yearly": 1.8,
            "eps_growth_yearly": 194.77
        },
        "20171": {
            "year_quarter": 20171,
            "year": 2017,
            "quarter": 1,
            "eps": 0.38,
            "eps_growth_year": 137.5,
            "eps_4q": 1.5,
            "eps_4q_growth_year": 102.95,
            "roe": 2.12,
            "roe_4q": 8.459999999999999,
            "gross_profit": 85069,
            "gross_margin": 33.05,
            "gross_margin_4q_avg": 32.69,
            "net_income": 21730,
            "revenue": 257379,
            "common_shares": 569830,
            "book_valuer_per_share": 18.09,
            "book_valuer_per_share_4q_avg": 17.7,
            "equity": 1030994,
            "current_ratio": 169.52,
            "debt_ratio": 30.99,
            "inventory_turnover_ratio": 2.28,
            "account_receivable_turnover_ratio": 0.87,
            "reinvestment_rate": 40.82,
            "research_to_sale_ratio": 2,
            "price_fair": 46.99,
            "eps_avg_yearly": 1.34,
            "eps_latest_yearly": 1.52,
            "eps_growth_yearly": 194.88
        },
        "20172": {
            "year_quarter": 20172,
            "year": 2017,
            "quarter": 2,
            "eps": 0.34,
            "eps_growth_year": 17.24,
            "eps_4q": 1.55,
            "eps_4q_growth_year": 93.78,
            "roe": 1.92,
            "roe_4q": 8.73,
            "gross_profit": 83291,
            "gross_margin": 32.86,
            "gross_margin_4q_avg": 32.92,
            "net_income": 19639,
            "revenue": 253463,
            "common_shares": 569830,
            "book_valuer_per_share": 17.72,
            "book_valuer_per_share_4q_avg": 17.81,
            "equity": 1009485,
            "current_ratio": 163.7,
            "debt_ratio": 31.46,
            "inventory_turnover_ratio": 2.25,
            "account_receivable_turnover_ratio": 0.9,
            "reinvestment_rate": 22.58,
            "research_to_sale_ratio": 1.96,
            "price_fair": 46.11,
            "eps_avg_yearly": 1.32,
            "eps_latest_yearly": 1.36,
            "eps_growth_yearly": 164.86
        },
        "20173": {
            "year_quarter": 20173,
            "year": 2017,
            "quarter": 3,
            "eps": 0.42,
            "eps_growth_year": 13.51,
            "eps_4q": 1.6,
            "eps_4q_growth_year": 88.26,
            "roe": 2.35,
            "roe_4q": 8.95,
            "gross_profit": 91353,
            "gross_margin": 33.31,
            "gross_margin_4q_avg": 33.1,
            "net_income": 24047,
            "revenue": 274213,
            "common_shares": 569830,
            "book_valuer_per_share": 18.2,
            "book_valuer_per_share_4q_avg": 17.98,
            "equity": 1037147,
            "current_ratio": 173.7,
            "debt_ratio": 30.37,
            "inventory_turnover_ratio": 2.37,
            "account_receivable_turnover_ratio": 0.95,
            "reinvestment_rate": 16.8,
            "research_to_sale_ratio": 1.76,
            "price_fair": 44.89,
            "eps_avg_yearly": 1.28,
            "eps_latest_yearly": 1.68,
            "eps_growth_yearly": 163.93
        },
        "20174": {
            "year_quarter": 20174,
            "year": 2017,
            "quarter": 4,
            "eps": 0.29,
            "eps_growth_year": -36.87,
            "eps_4q": 1.43,
            "eps_4q_growth_year": 12.28,
            "roe": 1.56,
            "roe_4q": 7.95,
            "gross_profit": 86014,
            "gross_margin": 33.15,
            "gross_margin_4q_avg": 33.09,
            "net_income": 16323,
            "revenue": 259483,
            "common_shares": 569830,
            "book_valuer_per_share": 18.49,
            "book_valuer_per_share_4q_avg": 18.13,
            "equity": 1053528,
            "current_ratio": 183.38,
            "debt_ratio": 28.91,
            "inventory_turnover_ratio": 2.38,
            "account_receivable_turnover_ratio": 0.87,
            "reinvestment_rate": 9.04,
            "research_to_sale_ratio": 3.12,
            "price_fair": 41.74,
            "eps_avg_yearly": 1.19,
            "eps_latest_yearly": 1.16,
            "eps_growth_yearly": 152.17
        },
        "20181": {
            "year_quarter": 20181,
            "year": 2018,
            "quarter": 1,
            "eps": 0.17,
            "eps_growth_year": -55.26,
            "eps_4q": 1.22,
            "eps_4q_growth_year": -18.48,
            "roe": 0.89,
            "roe_4q": 6.720000000000001,
            "gross_profit": 72294,
            "gross_margin": 29.53,
            "gross_margin_4q_avg": 32.21,
            "net_income": 9459,
            "revenue": 244801,
            "common_shares": 569830,
            "book_valuer_per_share": 18.74,
            "book_valuer_per_share_4q_avg": 18.29,
            "equity": 1067979,
            "current_ratio": 177.63,
            "debt_ratio": 30.36,
            "inventory_turnover_ratio": 2.53,
            "account_receivable_turnover_ratio": 0.84,
            "reinvestment_rate": -4.31,
            "research_to_sale_ratio": 2.29,
            "price_fair": 39.73,
            "eps_avg_yearly": 1.14,
            "eps_latest_yearly": 0.68,
            "eps_growth_yearly": 151.44
        },
        "20182": {
            "year_quarter": 20182,
            "year": 2018,
            "quarter": 2,
            "eps": 0.18,
            "eps_growth_year": -47.06,
            "eps_4q": 1.06,
            "eps_4q_growth_year": -31.86,
            "roe": 0.99,
            "roe_4q": 5.79,
            "gross_profit": 71692,
            "gross_margin": 30.21,
            "gross_margin_4q_avg": 31.55,
            "net_income": 10405,
            "revenue": 237313,
            "common_shares": 569830,
            "book_valuer_per_share": 18.07,
            "book_valuer_per_share_4q_avg": 18.38,
            "equity": 1029511,
            "current_ratio": 162.85,
            "debt_ratio": 32.97,
            "inventory_turnover_ratio": 2.36,
            "account_receivable_turnover_ratio": 0.82,
            "reinvestment_rate": -12.19,
            "research_to_sale_ratio": 2.26,
            "price_fair": 37.71,
            "eps_avg_yearly": 1.08,
            "eps_latest_yearly": 0.72,
            "eps_growth_yearly": 152.29
        },
        "20183": {
            "year_quarter": 20183,
            "year": 2018,
            "quarter": 3,
            "eps": 0.28,
            "eps_growth_year": -33.33,
            "eps_4q": 0.92,
            "eps_4q_growth_year": -42.75,
            "roe": 1.56,
            "roe_4q": 5,
            "gross_profit": 74948,
            "gross_margin": 30.78,
            "gross_margin_4q_avg": 30.92,
            "net_income": 16062,
            "revenue": 243504,
            "common_shares": 569830,
            "book_valuer_per_share": 18.16,
            "book_valuer_per_share_4q_avg": 18.37,
            "equity": 1035034,
            "current_ratio": 172.03,
            "debt_ratio": 31.63,
            "inventory_turnover_ratio": 2.28,
            "account_receivable_turnover_ratio": 0.8,
            "reinvestment_rate": -24.18,
            "research_to_sale_ratio": 1.91,
            "price_fair": 35.7,
            "eps_avg_yearly": 1.02,
            "eps_latest_yearly": 1.12,
            "eps_growth_yearly": 160.08
        },
        "20184": {
            "year_quarter": 20184,
            "year": 2018,
            "quarter": 4,
            "eps": 0.11,
            "eps_growth_year": -61.26,
            "eps_4q": 0.74,
            "eps_4q_growth_year": -48.31,
            "roe": 0.61,
            "roe_4q": 4.05,
            "gross_profit": 74924,
            "gross_margin": 30.99,
            "gross_margin_4q_avg": 30.38,
            "net_income": 6324,
            "revenue": 241784,
            "common_shares": 569830,
            "book_valuer_per_share": 18.34,
            "book_valuer_per_share_4q_avg": 18.33,
            "equity": 1045125,
            "current_ratio": 177.52,
            "debt_ratio": 30.48,
            "inventory_turnover_ratio": 2.23,
            "account_receivable_turnover_ratio": 0.8,
            "reinvestment_rate": -17.27,
            "research_to_sale_ratio": 2.86,
            "price_fair": 36.23,
            "eps_avg_yearly": 1.04,
            "eps_latest_yearly": 0.44,
            "eps_growth_yearly": 167.45
        },
        "20191": {
            "year_quarter": 20191,
            "year": 2019,
            "quarter": 1,
            "eps": 0.24,
            "eps_growth_year": 41.18,
            "eps_4q": 0.81,
            "eps_4q_growth_year": -33.15,
            "roe": 1.29,
            "roe_4q": 4.45,
            "gross_profit": 75485,
            "gross_margin": 31.3,
            "gross_margin_4q_avg": 30.82,
            "net_income": 13650,
            "revenue": 241176,
            "common_shares": 569830,
            "book_valuer_per_share": 18.71,
            "book_valuer_per_share_4q_avg": 18.32,
            "equity": 1066115,
            "current_ratio": 190.24,
            "debt_ratio": 28.61,
            "inventory_turnover_ratio": 2.22,
            "account_receivable_turnover_ratio": 0.82,
            "reinvestment_rate": -15.38,
            "research_to_sale_ratio": 2.14,
            "price_fair": 37.28,
            "eps_avg_yearly": 1.07,
            "eps_latest_yearly": 0.96,
            "eps_growth_yearly": 162
        },
        "20192": {
            "year_quarter": 20192,
            "year": 2019,
            "quarter": 2,
            "eps": 0.37,
            "eps_growth_year": 105.56,
            "eps_4q": 1,
            "eps_4q_growth_year": -5.31,
            "roe": 1.98,
            "roe_4q": 5.4399999999999995,
            "gross_profit": 91669,
            "gross_margin": 35.46,
            "gross_margin_4q_avg": 32.13,
            "net_income": 20997,
            "revenue": 258504,
            "common_shares": 569830,
            "book_valuer_per_share": 18.42,
            "book_valuer_per_share_4q_avg": 18.41,
            "equity": 1049869,
            "current_ratio": 179.15,
            "debt_ratio": 30.81,
            "inventory_turnover_ratio": 2.07,
            "account_receivable_turnover_ratio": 0.88,
            "reinvestment_rate": -13.12,
            "research_to_sale_ratio": 2.1,
            "price_fair": 38.5,
            "eps_avg_yearly": 1.1,
            "eps_latest_yearly": 1.48,
            "eps_growth_yearly": 152.62
        },
        "20193": {
            "year_quarter": 20193,
            "year": 2019,
            "quarter": 3,
            "eps": 0.29,
            "eps_growth_year": 3.57,
            "eps_4q": 1.01,
            "eps_4q_growth_year": 9.82,
            "roe": 1.56,
            "roe_4q": 5.44,
            "gross_profit": 81696,
            "gross_margin": 31.84,
            "gross_margin_4q_avg": 32.4,
            "net_income": 16410,
            "revenue": 256578,
            "common_shares": 569830,
            "book_valuer_per_share": 18.53,
            "book_valuer_per_share_4q_avg": 18.5,
            "equity": 1055633,
            "current_ratio": 196.43,
            "debt_ratio": 29.12,
            "inventory_turnover_ratio": 2.1,
            "account_receivable_turnover_ratio": 0.92,
            "reinvestment_rate": -20.33,
            "research_to_sale_ratio": 1.89,
            "price_fair": 38.24,
            "eps_avg_yearly": 1.09,
            "eps_latest_yearly": 1.16,
            "eps_growth_yearly": 137.43
        },
        "20194": {
            "year_quarter": 20194,
            "year": 2019,
            "quarter": 4,
            "eps": 0.38,
            "eps_growth_year": 238.28,
            "eps_4q": 1.27,
            "eps_4q_growth_year": 71.48,
            "roe": 2.01,
            "roe_4q": 6.84,
            "gross_profit": 91347,
            "gross_margin": 34.25,
            "gross_margin_4q_avg": 33.21,
            "net_income": 21393,
            "revenue": 266698,
            "common_shares": 569830,
            "book_valuer_per_share": 18.81,
            "book_valuer_per_share_4q_avg": 18.62,
            "equity": 1071801,
            "current_ratio": 202.32,
            "debt_ratio": 29.58,
            "inventory_turnover_ratio": 2.11,
            "account_receivable_turnover_ratio": 0.97,
            "reinvestment_rate": -22.78,
            "research_to_sale_ratio": 1.94,
            "price_fair": 41.3,
            "eps_avg_yearly": 1.18,
            "eps_latest_yearly": 1.52,
            "eps_growth_yearly": 167.85
        },
        "20201": {
            "year_quarter": 20201,
            "year": 2020,
            "quarter": 1,
            "eps": 0.46,
            "eps_growth_year": 91.67,
            "eps_4q": 1.49,
            "eps_4q_growth_year": 82.49,
            "roe": 2.4,
            "roe_4q": 7.950000000000001,
            "gross_profit": 92400,
            "gross_margin": 34.78,
            "gross_margin_4q_avg": 34.08,
            "net_income": 25949,
            "revenue": 265684,
            "common_shares": 569830,
            "book_valuer_per_share": 19.2,
            "book_valuer_per_share_4q_avg": 18.74,
            "equity": 1093913,
            "current_ratio": 210.72,
            "debt_ratio": 28.97,
            "inventory_turnover_ratio": 2.01,
            "account_receivable_turnover_ratio": 0.95,
            "reinvestment_rate": -31.66,
            "research_to_sale_ratio": 1.81,
            "price_fair": 43.93,
            "eps_avg_yearly": 1.26,
            "eps_latest_yearly": 1.84,
            "eps_growth_yearly": 64.78
        },
        "20202": {
            "year_quarter": 20202,
            "year": 2020,
            "quarter": 2,
            "eps": 0.29,
            "eps_growth_year": -21.62,
            "eps_4q": 1.4,
            "eps_4q_growth_year": 40.27,
            "roe": 1.52,
            "roe_4q": 7.49,
            "gross_profit": 75870,
            "gross_margin": 32.05,
            "gross_margin_4q_avg": 33.23,
            "net_income": 16248,
            "revenue": 236735,
            "common_shares": 569830,
            "book_valuer_per_share": 18.41,
            "book_valuer_per_share_4q_avg": 18.74,
            "equity": 1049231,
            "current_ratio": 194.82,
            "debt_ratio": 31.03,
            "inventory_turnover_ratio": 1.8,
            "account_receivable_turnover_ratio": 0.89,
            "reinvestment_rate": -40.4,
            "research_to_sale_ratio": 1.89,
            "price_fair": 43.93,
            "eps_avg_yearly": 1.26,
            "eps_latest_yearly": 1.16,
            "eps_growth_yearly": 35.23
        },
        "20203": {
            "year_quarter": 20203,
            "year": 2020,
            "quarter": 3,
            "eps": 0.14,
            "eps_growth_year": -51.72,
            "eps_4q": 1.26,
            "eps_4q_growth_year": 25.15,
            "roe": 0.78,
            "roe_4q": 6.709999999999999,
            "gross_profit": 73268,
            "gross_margin": 31.12,
            "gross_margin_4q_avg": 33.05,
            "net_income": 8222,
            "revenue": 235449,
            "common_shares": 569830,
            "book_valuer_per_share": 18.63,
            "book_valuer_per_share_4q_avg": 18.76,
            "equity": 1061335,
            "current_ratio": 233.15,
            "debt_ratio": 26.83,
            "inventory_turnover_ratio": 1.83,
            "account_receivable_turnover_ratio": 0.93,
            "reinvestment_rate": -44.5,
            "research_to_sale_ratio": 1.97,
            "price_fair": 30.41,
            "eps_avg_yearly": 1.2,
            "eps_latest_yearly": 0.56,
            "eps_growth_yearly": 15.4
        },
        "20204": {
            "year_quarter": 20204,
            "year": 2020,
            "quarter": 4,
            "eps": 0.15,
            "eps_growth_year": -59.23,
            "eps_4q": 1.04,
            "eps_4q_growth_year": -18.37,
            "roe": 0.82,
            "roe_4q": 5.52,
            "gross_profit": 81386,
            "gross_margin": 33.7,
            "gross_margin_4q_avg": 32.91,
            "net_income": 8722,
            "revenue": 241491,
            "common_shares": 569830,
            "book_valuer_per_share": 18.88,
            "book_valuer_per_share_4q_avg": 18.78,
            "equity": 1075786,
            "current_ratio": 233.68,
            "debt_ratio": 27.64,
            "inventory_turnover_ratio": 1.87,
            "account_receivable_turnover_ratio": 0.97,
            "reinvestment_rate": -53.4,
            "research_to_sale_ratio": 1.78,
            "price_fair": 24.45,
            "eps_avg_yearly": 1.12,
            "eps_latest_yearly": 0.6,
            "eps_growth_yearly": 11.78
        },
        "20211": {
            "year_quarter": 20211,
            "year": 2021,
            "quarter": 1,
            "eps": 0.22,
            "eps_growth_year": -52.17,
            "eps_4q": 0.81,
            "eps_4q_growth_year": -45.82,
            "roe": 1.18,
            "roe_4q": 4.300000000000001,
            "gross_profit": 74823,
            "gross_margin": 31.24,
            "gross_margin_4q_avg": 32.03,
            "net_income": 12722,
            "revenue": 239479,
            "common_shares": 569830,
            "book_valuer_per_share": 19.07,
            "book_valuer_per_share_4q_avg": 18.75,
            "equity": 1086684,
            "current_ratio": 252.7,
            "debt_ratio": 26.1,
            "inventory_turnover_ratio": 1.92,
            "account_receivable_turnover_ratio": 0.97,
            "reinvestment_rate": -59.59,
            "research_to_sale_ratio": 2.15,
            "price_fair": 37.89,
            "eps_avg_yearly": 1.08,
            "eps_latest_yearly": 0.88,
            "eps_growth_yearly": 27.33
        },
        "20212": {
            "year_quarter": 20212,
            "year": 2021,
            "quarter": 2,
            "eps": 0.21,
            "eps_growth_year": -27.59,
            "eps_4q": 0.73,
            "eps_4q_growth_year": -48.19,
            "roe": 1.08,
            "roe_4q": 3.8599999999999994,
            "gross_profit": 81143,
            "gross_margin": 31.83,
            "gross_margin_4q_avg": 31.97,
            "net_income": 11784,
            "revenue": 254912,
            "common_shares": 569830,
            "book_valuer_per_share": 19.31,
            "book_valuer_per_share_4q_avg": 18.97,
            "equity": 1100313,
            "current_ratio": 246.69,
            "debt_ratio": 26.5,
            "inventory_turnover_ratio": 1.96,
            "account_receivable_turnover_ratio": 0.99,
            "reinvestment_rate": -57.05,
            "research_to_sale_ratio": 1.79,
            "price_fair": 36.75,
            "eps_avg_yearly": 1.05,
            "eps_latest_yearly": 0.84,
            "eps_growth_yearly": 28.83
        },
        "20213": {
            "year_quarter": 20213,
            "year": 2021,
            "quarter": 3,
            "eps": 0.39,
            "eps_growth_year": 178.57,
            "eps_4q": 0.97,
            "eps_4q_growth_year": -22.7,
            "roe": 2.06,
            "roe_4q": 5.140000000000001,
            "gross_profit": 89081,
            "gross_margin": 33.35,
            "gross_margin_4q_avg": 32.53,
            "net_income": 22284,
            "revenue": 267072,
            "common_shares": 569830,
            "book_valuer_per_share": 18.75,
            "book_valuer_per_share_4q_avg": 19,
            "equity": 1068269,
            "current_ratio": 139.18,
            "debt_ratio": 33.85,
            "inventory_turnover_ratio": 1.9,
            "account_receivable_turnover_ratio": 0.97,
            "reinvestment_rate": 30.48,
            "research_to_sale_ratio": 1.95,
            "price_fair": 36.49,
            "eps_avg_yearly": 1.04,
            "eps_latest_yearly": 1.56,
            "eps_growth_yearly": 44.38
        },
        "20214": {
            "year_quarter": 20214,
            "year": 2021,
            "quarter": 4,
            "eps": 0.6,
            "eps_growth_year": 289.37,
            "eps_4q": 1.42,
            "eps_4q_growth_year": 36.54,
            "roe": 3.13,
            "roe_4q": 7.449999999999999,
            "gross_profit": 101794,
            "gross_margin": 36.31,
            "gross_margin_4q_avg": 33.18,
            "net_income": 33961,
            "revenue": 280349,
            "common_shares": 569830,
            "book_valuer_per_share": 19.32,
            "book_valuer_per_share_4q_avg": 19.11,
            "equity": 1100736,
            "current_ratio": 145.78,
            "debt_ratio": 33.68,
            "inventory_turnover_ratio": 1.92,
            "account_receivable_turnover_ratio": 0.99,
            "reinvestment_rate": 25.06,
            "research_to_sale_ratio": 1.84,
            "price_fair": 39.2,
            "eps_avg_yearly": 1.12,
            "eps_latest_yearly": 2.4,
            "eps_growth_yearly": 65.58
        },
        "20221": {
            "year_quarter": 20221,
            "year": 2022,
            "quarter": 1,
            "eps": 0.46,
            "eps_growth_year": 109.09,
            "eps_4q": 1.65,
            "eps_4q_growth_year": 105.05,
            "roe": 2.34,
            "roe_4q": 8.61,
            "gross_profit": 99999,
            "gross_margin": 35.44,
            "gross_margin_4q_avg": 34.23,
            "net_income": 26117,
            "revenue": 282135,
            "common_shares": 569830,
            "book_valuer_per_share": 19.9,
            "book_valuer_per_share_4q_avg": 19.32,
            "equity": 1133736,
            "current_ratio": 154.6,
            "debt_ratio": 32.24,
            "inventory_turnover_ratio": 2.06,
            "account_receivable_turnover_ratio": 1.01,
            "reinvestment_rate": 20.29,
            "research_to_sale_ratio": 2.02,
            "price_fair": 41.74,
            "eps_avg_yearly": 1.19,
            "eps_latest_yearly": 1.84,
            "eps_growth_yearly": 70.09
        },
        "20222": {
            "year_quarter": 20222,
            "year": 2022,
            "quarter": 2,
            "eps": 0.46,
            "eps_growth_year": 119.05,
            "eps_4q": 1.91,
            "eps_4q_growth_year": 162.42,
            "roe": 2.36,
            "roe_4q": 9.889999999999999,
            "gross_profit": 100567,
            "gross_margin": 35.66,
            "gross_margin_4q_avg": 35.19,
            "net_income": 26411,
            "revenue": 281988,
            "common_shares": 569830,
            "book_valuer_per_share": 19.3,
            "book_valuer_per_share_4q_avg": 19.32,
            "equity": 1100052,
            "current_ratio": 137.23,
            "debt_ratio": 35.77,
            "inventory_turnover_ratio": 1.99,
            "account_receivable_turnover_ratio": 1,
            "reinvestment_rate": 18.09,
            "research_to_sale_ratio": 1.61,
            "price_fair": 44.19,
            "eps_avg_yearly": 1.26,
            "eps_latest_yearly": 1.84,
            "eps_growth_yearly": 68.62
        },
        "20223": {
            "year_quarter": 20223,
            "year": 2022,
            "quarter": 3,
            "eps": 0.83,
            "eps_growth_year": 112.82,
            "eps_4q": 2.34,
            "eps_4q_growth_year": 140.63,
            "roe": 4.18,
            "roe_4q": 12.009999999999998,
            "gross_profit": 101914,
            "gross_margin": 35.19,
            "gross_margin_4q_avg": 35.65,
            "net_income": 47090,
            "revenue": 289606,
            "common_shares": 569830,
            "book_valuer_per_share": 20.22,
            "book_valuer_per_share_4q_avg": 19.69,
            "equity": 1151938,
            "current_ratio": 140.91,
            "debt_ratio": 32.66,
            "inventory_turnover_ratio": 2.05,
            "account_receivable_turnover_ratio": 1.01,
            "reinvestment_rate": 40.34,
            "research_to_sale_ratio": 1.75,
            "price_fair": 49,
            "eps_avg_yearly": 1.4,
            "eps_latest_yearly": 3.32,
            "eps_growth_yearly": 74.84
        },
        "20224": {
            "year_quarter": 20224,
            "year": 2022,
            "quarter": 4,
            "eps": 0.95,
            "eps_growth_year": 60.15,
            "eps_4q": 2.7,
            "eps_4q_growth_year": 90.72,
            "roe": 4.58,
            "roe_4q": 13.459999999999999,
            "gross_profit": 120028,
            "gross_margin": 41.48,
            "gross_margin_4q_avg": 36.94,
            "net_income": 54388,
            "revenue": 289344,
            "common_shares": 569830,
            "book_valuer_per_share": 21.45,
            "book_valuer_per_share_4q_avg": 20.22,
            "equity": 1222146,
            "current_ratio": 177.97,
            "debt_ratio": 32.12,
            "inventory_turnover_ratio": 1.82,
            "account_receivable_turnover_ratio": 1.01,
            "reinvestment_rate": -1.26,
            "research_to_sale_ratio": 1.52,
            "price_fair": 56.35,
            "eps_avg_yearly": 1.61,
            "eps_latest_yearly": 3.8,
            "eps_growth_yearly": 93.63
        },
        "20231": {
            "year_quarter": 20231,
            "year": 2023,
            "quarter": 1,
            "eps": 0.33,
            "eps_growth_year": -28.26,
            "eps_4q": 2.57,
            "eps_4q_growth_year": 55.72,
            "roe": 1.52,
            "roe_4q": 12.639999999999999,
            "gross_profit": 89882,
            "gross_margin": 34.15,
            "gross_margin_4q_avg": 36.62,
            "net_income": 18719,
            "revenue": 263168,
            "common_shares": 569830,
            "book_valuer_per_share": 21.78,
            "book_valuer_per_share_4q_avg": 20.69,
            "equity": 1240859,
            "current_ratio": 198.73,
            "debt_ratio": 28.45,
            "inventory_turnover_ratio": 1.73,
            "account_receivable_turnover_ratio": 1.01,
            "reinvestment_rate": 2.74,
            "research_to_sale_ratio": 2.01,
            "price_fair": 57.14,
            "eps_avg_yearly": 1.63,
            "eps_latest_yearly": 1.32,
            "eps_growth_yearly": 47.77
        }
    },
    "months": {
        "2002-08": {
            "month": "2002-08",
            "price": "17.52",
            "revenue": 34875
        },
        "2002-09": {
            "month": "2002-09",
            "price": "16.46",
            "revenue": 33546
        },
        "2002-10": {
            "month": "2002-10",
            "price": "15.62",
            "revenue": 32435
        },
        "2002-11": {
            "month": "2002-11",
            "price": "15.66",
            "revenue": 33126
        },
        "2002-12": {
            "month": "2002-12",
            "price": "15.70",
            "revenue": 35737
        },
        "2003-01": {
            "month": "2003-01",
            "price": "15.73",
            "revenue": 39557
        },
        "2003-02": {
            "month": "2003-02",
            "price": "16.32",
            "revenue": 26809
        },
        "2003-03": {
            "month": "2003-03",
            "price": "16.06",
            "revenue": 30850
        },
        "2003-04": {
            "month": "2003-04",
            "price": "16.42",
            "revenue": 35824
        },
        "2003-05": {
            "month": "2003-05",
            "price": "15.84",
            "revenue": 37346
        },
        "2003-06": {
            "month": "2003-06",
            "price": "15.89",
            "revenue": 34615
        },
        "2003-07": {
            "month": "2003-07",
            "price": "15.57",
            "revenue": 37336
        },
        "2003-08": {
            "month": "2003-08",
            "price": "15.97",
            "revenue": 38094
        },
        "2003-09": {
            "month": "2003-09",
            "price": "15.30",
            "revenue": 35447
        },
        "2003-10": {
            "month": "2003-10",
            "price": "15.21",
            "revenue": 40150
        },
        "2003-11": {
            "month": "2003-11",
            "price": "15.85",
            "revenue": 38881
        },
        "2003-12": {
            "month": "2003-12",
            "price": "15.75",
            "revenue": 42416
        },
        "2004-01": {
            "month": "2004-01",
            "price": "15.83",
            "revenue": 41158
        },
        "2004-02": {
            "month": "2004-02",
            "price": "19.11",
            "revenue": 37007
        },
        "2004-03": {
            "month": "2004-03",
            "price": "19.55",
            "revenue": 40860
        },
        "2004-04": {
            "month": "2004-04",
            "price": "19.83",
            "revenue": 42972
        },
        "2004-05": {
            "month": "2004-05",
            "price": "19.66",
            "revenue": 39831
        },
        "2004-06": {
            "month": "2004-06",
            "price": "18.54",
            "revenue": 44977
        },
        "2004-07": {
            "month": "2004-07",
            "price": "18.49",
            "revenue": 42216
        },
        "2004-08": {
            "month": "2004-08",
            "price": "18.72",
            "revenue": 44583
        },
        "2004-09": {
            "month": "2004-09",
            "price": "16.69",
            "revenue": 46849
        },
        "2004-10": {
            "month": "2004-10",
            "price": "16.61",
            "revenue": 44443
        },
        "2004-11": {
            "month": "2004-11",
            "price": "16.61",
            "revenue": 50933
        },
        "2004-12": {
            "month": "2004-12",
            "price": "16.83",
            "revenue": 53300
        },
        "2005-01": {
            "month": "2005-01",
            "price": "17.16",
            "revenue": 51845
        },
        "2005-02": {
            "month": "2005-02",
            "price": "17.81",
            "revenue": 43210
        },
        "2005-03": {
            "month": "2005-03",
            "price": "17.30",
            "revenue": 52768
        },
        "2005-04": {
            "month": "2005-04",
            "price": "16.70",
            "revenue": 48715
        },
        "2005-05": {
            "month": "2005-05",
            "price": "16.55",
            "revenue": 47682
        },
        "2005-06": {
            "month": "2005-06",
            "price": "16.80",
            "revenue": 49751
        },
        "2005-07": {
            "month": "2005-07",
            "price": "16.78",
            "revenue": 44794
        },
        "2005-08": {
            "month": "2005-08",
            "price": "16.84",
            "revenue": 47395
        },
        "2005-09": {
            "month": "2005-09",
            "price": "16.08",
            "revenue": 44385
        },
        "2005-10": {
            "month": "2005-10",
            "price": "16.15",
            "revenue": 42915
        },
        "2005-11": {
            "month": "2005-11",
            "price": "15.64",
            "revenue": 40143
        },
        "2005-12": {
            "month": "2005-12",
            "price": "15.09",
            "revenue": 41868
        },
        "2006-01": {
            "month": "2006-01",
            "price": "15.12",
            "revenue": 44480
        },
        "2006-02": {
            "month": "2006-02",
            "price": "15.03",
            "revenue": 32841
        },
        "2006-03": {
            "month": "2006-03",
            "price": "15.01",
            "revenue": 49682
        },
        "2006-04": {
            "month": "2006-04",
            "price": "15.09",
            "revenue": 41093
        },
        "2006-05": {
            "month": "2006-05",
            "price": "15.31",
            "revenue": 43346
        },
        "2006-06": {
            "month": "2006-06",
            "price": "14.68",
            "revenue": 46273
        },
        "2006-07": {
            "month": "2006-07",
            "price": "13.82",
            "revenue": 44489
        },
        "2006-08": {
            "month": "2006-08",
            "price": "13.49",
            "revenue": 48109
        },
        "2006-09": {
            "month": "2006-09",
            "price": "13.01",
            "revenue": 42673
        },
        "2006-10": {
            "month": "2006-10",
            "price": "12.72",
            "revenue": 49252
        },
        "2006-11": {
            "month": "2006-11",
            "price": "13.96",
            "revenue": 48359
        },
        "2006-12": {
            "month": "2006-12",
            "price": "14.45",
            "revenue": 50897
        },
        "2007-01": {
            "month": "2007-01",
            "price": "14.82",
            "revenue": 52865
        },
        "2007-02": {
            "month": "2007-02",
            "price": "14.37",
            "revenue": 46714
        },
        "2007-03": {
            "month": "2007-03",
            "price": "14.48",
            "revenue": 43334
        },
        "2007-04": {
            "month": "2007-04",
            "price": "15.30",
            "revenue": 47652
        },
        "2007-05": {
            "month": "2007-05",
            "price": "16.26",
            "revenue": 51808
        },
        "2007-06": {
            "month": "2007-06",
            "price": "18.62",
            "revenue": 45123
        },
        "2007-07": {
            "month": "2007-07",
            "price": "31.43",
            "revenue": 46489
        },
        "2007-08": {
            "month": "2007-08",
            "price": "25.19",
            "revenue": 45706
        },
        "2007-09": {
            "month": "2007-09",
            "price": "25.46",
            "revenue": 45773
        },
        "2007-10": {
            "month": "2007-10",
            "price": "23.31",
            "revenue": 46941
        },
        "2007-11": {
            "month": "2007-11",
            "price": "17.75",
            "revenue": 48814
        },
        "2007-12": {
            "month": "2007-12",
            "price": "16.17",
            "revenue": 45479
        },
        "2008-01": {
            "month": "2008-01",
            "price": "14.90",
            "revenue": 51765
        },
        "2008-02": {
            "month": "2008-02",
            "price": "15.79",
            "revenue": 38950
        },
        "2008-03": {
            "month": "2008-03",
            "price": "15.87",
            "revenue": 43803
        },
        "2008-04": {
            "month": "2008-04",
            "price": "18.09",
            "revenue": 49971
        },
        "2008-05": {
            "month": "2008-05",
            "price": "18.68",
            "revenue": 47605
        },
        "2008-06": {
            "month": "2008-06",
            "price": "15.73",
            "revenue": 43658
        },
        "2008-07": {
            "month": "2008-07",
            "price": "13.66",
            "revenue": 48605
        },
        "2008-08": {
            "month": "2008-08",
            "price": "13.51",
            "revenue": 50238
        },
        "2008-09": {
            "month": "2008-09",
            "price": "12.15",
            "revenue": 47041
        },
        "2008-10": {
            "month": "2008-10",
            "price": "11.13",
            "revenue": 50628
        },
        "2008-11": {
            "month": "2008-11",
            "price": "11.02",
            "revenue": 47967
        },
        "2008-12": {
            "month": "2008-12",
            "price": "10.98",
            "revenue": 52966
        },
        "2009-01": {
            "month": "2009-01",
            "price": "11.31",
            "revenue": 56549
        },
        "2009-02": {
            "month": "2009-02",
            "price": "11.66",
            "revenue": 48730
        },
        "2009-03": {
            "month": "2009-03",
            "price": "13.34",
            "revenue": 52244
        },
        "2009-04": {
            "month": "2009-04",
            "price": "17.07",
            "revenue": 52212
        },
        "2009-05": {
            "month": "2009-05",
            "price": "16.86",
            "revenue": 46686
        },
        "2009-06": {
            "month": "2009-06",
            "price": "15.12",
            "revenue": 46073
        },
        "2009-07": {
            "month": "2009-07",
            "price": "17.15",
            "revenue": 48088
        },
        "2009-08": {
            "month": "2009-08",
            "price": "17.93",
            "revenue": 46587
        },
        "2009-09": {
            "month": "2009-09",
            "price": "17.94",
            "revenue": 50542
        },
        "2009-10": {
            "month": "2009-10",
            "price": "18.73",
            "revenue": 50794
        },
        "2009-11": {
            "month": "2009-11",
            "price": "17.85",
            "revenue": 53306
        },
        "2009-12": {
            "month": "2009-12",
            "price": "19.13",
            "revenue": 53597
        },
        "2010-01": {
            "month": "2010-01",
            "price": "18.16",
            "revenue": 57451
        },
        "2010-02": {
            "month": "2010-02",
            "price": "16.72",
            "revenue": 53031
        },
        "2010-03": {
            "month": "2010-03",
            "price": "17.84",
            "revenue": 53643
        },
        "2010-04": {
            "month": "2010-04",
            "price": "21.51",
            "revenue": 56329
        },
        "2010-05": {
            "month": "2010-05",
            "price": "21.35",
            "revenue": 55275
        },
        "2010-06": {
            "month": "2010-06",
            "price": "21.09",
            "revenue": 54425
        },
        "2010-07": {
            "month": "2010-07",
            "price": "24.00",
            "revenue": 52694
        },
        "2010-08": {
            "month": "2010-08",
            "price": "27.82",
            "revenue": 57653
        },
        "2010-09": {
            "month": "2010-09",
            "price": "27.27",
            "revenue": 56909
        },
        "2010-10": {
            "month": "2010-10",
            "price": "28.53",
            "revenue": 56439
        },
        "2010-11": {
            "month": "2010-11",
            "price": "25.32",
            "revenue": 52384
        },
        "2010-12": {
            "month": "2010-12",
            "price": "30.62",
            "revenue": 59286
        },
        "2011-01": {
            "month": "2011-01",
            "price": "28.96",
            "revenue": 62320
        },
        "2011-02": {
            "month": "2011-02",
            "price": "26.40",
            "revenue": 45777
        },
        "2011-03": {
            "month": "2011-03",
            "price": "25.18",
            "revenue": 53969
        },
        "2011-04": {
            "month": "2011-04",
            "price": "26.05",
            "revenue": 56519
        },
        "2011-05": {
            "month": "2011-05",
            "price": "25.61",
            "revenue": 54455
        },
        "2011-06": {
            "month": "2011-06",
            "price": "23.69",
            "revenue": 55202
        },
        "2011-07": {
            "month": "2011-07",
            "price": "23.97",
            "revenue": 53688
        },
        "2011-08": {
            "month": "2011-08",
            "price": "22.20",
            "revenue": 57549
        },
        "2011-09": {
            "month": "2011-09",
            "price": "18.98",
            "revenue": 56186
        },
        "2011-10": {
            "month": "2011-10",
            "price": "17.34",
            "revenue": 55424
        },
        "2011-11": {
            "month": "2011-11",
            "price": "17.14",
            "revenue": 54104
        },
        "2011-12": {
            "month": "2011-12",
            "price": "14.78",
            "revenue": 60663
        },
        "2012-01": {
            "month": "2012-01",
            "price": "15.40",
            "revenue": 77067
        },
        "2012-02": {
            "month": "2012-02",
            "price": "21.92",
            "revenue": 68803
        },
        "2012-03": {
            "month": "2012-03",
            "price": "23.47",
            "revenue": 74655
        },
        "2012-04": {
            "month": "2012-04",
            "price": "20.55",
            "revenue": 75876
        },
        "2012-05": {
            "month": "2012-05",
            "price": "23.54",
            "revenue": 74771
        },
        "2012-06": {
            "month": "2012-06",
            "price": "25.43",
            "revenue": 71919
        },
        "2012-07": {
            "month": "2012-07",
            "price": "28.20",
            "revenue": 72328
        },
        "2012-08": {
            "month": "2012-08",
            "price": "29.55",
            "revenue": 72339
        },
        "2012-09": {
            "month": "2012-09",
            "price": "29.83",
            "revenue": 64485
        },
        "2012-10": {
            "month": "2012-10",
            "price": "27.95",
            "revenue": 77255
        },
        "2012-11": {
            "month": "2012-11",
            "price": "25.62",
            "revenue": 70080
        },
        "2012-12": {
            "month": "2012-12",
            "price": "27.49",
            "revenue": 66912
        },
        "2013-01": {
            "month": "2013-01",
            "price": "27.64",
            "revenue": 76693
        },
        "2013-02": {
            "month": "2013-02",
            "price": "29.76",
            "revenue": 57203
        },
        "2013-03": {
            "month": "2013-03",
            "price": "31.03",
            "revenue": 64048
        },
        "2013-04": {
            "month": "2013-04",
            "price": "28.48",
            "revenue": 70412
        },
        "2013-05": {
            "month": "2013-05",
            "price": "27.61",
            "revenue": 80658
        },
        "2013-06": {
            "month": "2013-06",
            "price": "28.95",
            "revenue": 76422
        },
        "2013-07": {
            "month": "2013-07",
            "price": "29.54",
            "revenue": 82216
        },
        "2013-08": {
            "month": "2013-08",
            "price": "29.30",
            "revenue": 88680
        },
        "2013-09": {
            "month": "2013-09",
            "price": "29.44",
            "revenue": 79449
        },
        "2013-10": {
            "month": "2013-10",
            "price": "30.42",
            "revenue": 84979
        },
        "2013-11": {
            "month": "2013-11",
            "price": "29.27",
            "revenue": 80937
        },
        "2013-12": {
            "month": "2013-12",
            "price": "29.37",
            "revenue": 78817
        },
        "2014-01": {
            "month": "2014-01",
            "price": "29.50",
            "revenue": 91214
        },
        "2014-02": {
            "month": "2014-02",
            "price": "32.53",
            "revenue": 76097
        },
        "2014-03": {
            "month": "2014-03",
            "price": "40.79",
            "revenue": 70475
        },
        "2014-04": {
            "month": "2014-04",
            "price": "39.25",
            "revenue": 76664
        },
        "2014-05": {
            "month": "2014-05",
            "price": "38.67",
            "revenue": 84190
        },
        "2014-06": {
            "month": "2014-06",
            "price": "39.71",
            "revenue": 79991
        },
        "2014-07": {
            "month": "2014-07",
            "price": "40.09",
            "revenue": 90589
        },
        "2014-08": {
            "month": "2014-08",
            "price": "37.95",
            "revenue": 85696
        },
        "2014-09": {
            "month": "2014-09",
            "price": "37.35",
            "revenue": 79726
        },
        "2014-10": {
            "month": "2014-10",
            "price": "33.42",
            "revenue": 72337
        },
        "2014-11": {
            "month": "2014-11",
            "price": "30.76",
            "revenue": 64954
        },
        "2014-12": {
            "month": "2014-12",
            "price": "32.59",
            "revenue": 70871
        },
        "2015-01": {
            "month": "2015-01",
            "price": "32.04",
            "revenue": 72063
        },
        "2015-02": {
            "month": "2015-02",
            "price": "30.99",
            "revenue": 73366
        },
        "2015-03": {
            "month": "2015-03",
            "price": "31.90",
            "revenue": 74542
        },
        "2015-04": {
            "month": "2015-04",
            "price": "30.79",
            "revenue": 79072
        },
        "2015-05": {
            "month": "2015-05",
            "price": "27.98",
            "revenue": 80048
        },
        "2015-06": {
            "month": "2015-06",
            "price": "25.21",
            "revenue": 79030
        },
        "2015-07": {
            "month": "2015-07",
            "price": "24.25",
            "revenue": 83783
        },
        "2015-08": {
            "month": "2015-08",
            "price": "19.61",
            "revenue": 79986
        },
        "2015-09": {
            "month": "2015-09",
            "price": "20.97",
            "revenue": 78417
        },
        "2015-10": {
            "month": "2015-10",
            "price": "22.27",
            "revenue": 78344
        },
        "2015-11": {
            "month": "2015-11",
            "price": "24.69",
            "revenue": 78436
        },
        "2015-12": {
            "month": "2015-12",
            "price": "26.32",
            "revenue": 74850
        },
        "2016-01": {
            "month": "2016-01",
            "price": "23.62",
            "revenue": 83054
        },
        "2016-02": {
            "month": "2016-02",
            "price": "25.32",
            "revenue": 61352
        },
        "2016-03": {
            "month": "2016-03",
            "price": "25.33",
            "revenue": 81212
        },
        "2016-04": {
            "month": "2016-04",
            "price": "23.66",
            "revenue": 75702
        },
        "2016-05": {
            "month": "2016-05",
            "price": "22.85",
            "revenue": 84038
        },
        "2016-06": {
            "month": "2016-06",
            "price": "22.81",
            "revenue": 77282
        },
        "2016-07": {
            "month": "2016-07",
            "price": "23.54",
            "revenue": 85673
        },
        "2016-08": {
            "month": "2016-08",
            "price": "23.10",
            "revenue": 85476
        },
        "2016-09": {
            "month": "2016-09",
            "price": "23.11",
            "revenue": 80538
        },
        "2016-10": {
            "month": "2016-10",
            "price": "22.82",
            "revenue": 82293
        },
        "2016-11": {
            "month": "2016-11",
            "price": "21.55",
            "revenue": 84131
        },
        "2016-12": {
            "month": "2016-12",
            "price": "21.82",
            "revenue": 82928
        },
        "2017-01": {
            "month": "2017-01",
            "price": "21.98",
            "revenue": 91144
        },
        "2017-02": {
            "month": "2017-02",
            "price": "23.31",
            "revenue": 77533
        },
        "2017-03": {
            "month": "2017-03",
            "price": "23.74",
            "revenue": 88702
        },
        "2017-04": {
            "month": "2017-04",
            "price": "23.45",
            "revenue": 83802
        },
        "2017-05": {
            "month": "2017-05",
            "price": "24.13",
            "revenue": 87350
        },
        "2017-06": {
            "month": "2017-06",
            "price": "24.72",
            "revenue": 82311
        },
        "2017-07": {
            "month": "2017-07",
            "price": "24.37",
            "revenue": 90735
        },
        "2017-08": {
            "month": "2017-08",
            "price": "24.75",
            "revenue": 92617
        },
        "2017-09": {
            "month": "2017-09",
            "price": "24.99",
            "revenue": 90861
        },
        "2017-10": {
            "month": "2017-10",
            "price": "24.59",
            "revenue": 92352
        },
        "2017-11": {
            "month": "2017-11",
            "price": "25.23",
            "revenue": 87140
        },
        "2017-12": {
            "month": "2017-12",
            "price": "24.88",
            "revenue": 79991
        },
        "2018-01": {
            "month": "2018-01",
            "price": "25.32",
            "revenue": 80679
        },
        "2018-02": {
            "month": "2018-02",
            "price": "24.36",
            "revenue": 77640
        },
        "2018-03": {
            "month": "2018-03",
            "price": "24.73",
            "revenue": 86482
        },
        "2018-04": {
            "month": "2018-04",
            "price": "28.76",
            "revenue": 82794
        },
        "2018-05": {
            "month": "2018-05",
            "price": "28.41",
            "revenue": 76833
        },
        "2018-06": {
            "month": "2018-06",
            "price": "26.76",
            "revenue": 77686
        },
        "2018-07": {
            "month": "2018-07",
            "price": "25.62",
            "revenue": 85487
        },
        "2018-08": {
            "month": "2018-08",
            "price": "24.88",
            "revenue": 84279
        },
        "2018-09": {
            "month": "2018-09",
            "price": "24.07",
            "revenue": 73738
        },
        "2018-10": {
            "month": "2018-10",
            "price": "22.30",
            "revenue": 84947
        },
        "2018-11": {
            "month": "2018-11",
            "price": "22.72",
            "revenue": 80266
        },
        "2018-12": {
            "month": "2018-12",
            "price": "23.70",
            "revenue": 76571
        },
        "2019-01": {
            "month": "2019-01",
            "price": "24.45",
            "revenue": 84685
        },
        "2019-02": {
            "month": "2019-02",
            "price": "25.95",
            "revenue": 74539
        },
        "2019-03": {
            "month": "2019-03",
            "price": "26.23",
            "revenue": 81952
        },
        "2019-04": {
            "month": "2019-04",
            "price": "25.23",
            "revenue": 82485
        },
        "2019-05": {
            "month": "2019-05",
            "price": "23.92",
            "revenue": 88489
        },
        "2019-06": {
            "month": "2019-06",
            "price": "24.32",
            "revenue": 87530
        },
        "2019-07": {
            "month": "2019-07",
            "price": "25.45",
            "revenue": 89747
        },
        "2019-08": {
            "month": "2019-08",
            "price": "25.12",
            "revenue": 87085
        },
        "2019-09": {
            "month": "2019-09",
            "price": "24.64",
            "revenue": 79754
        },
        "2019-10": {
            "month": "2019-10",
            "price": "25.20",
            "revenue": 87574
        },
        "2019-11": {
            "month": "2019-11",
            "price": "25.22",
            "revenue": 90842
        },
        "2019-12": {
            "month": "2019-12",
            "price": "25.28",
            "revenue": 88274
        },
        "2020-01": {
            "month": "2020-01",
            "price": "25.12",
            "revenue": 97520
        },
        "2020-02": {
            "month": "2020-02",
            "price": "25.67",
            "revenue": 88814
        },
        "2020-03": {
            "month": "2020-03",
            "price": "24.46",
            "revenue": 79350
        },
        "2020-04": {
            "month": "2020-04",
            "price": "24.68",
            "revenue": 88175
        },
        "2020-05": {
            "month": "2020-05",
            "price": "27.74",
            "revenue": 72387
        },
        "2020-06": {
            "month": "2020-06",
            "price": "28.51",
            "revenue": 76173
        },
        "2020-07": {
            "month": "2020-07",
            "price": "28.21",
            "revenue": 77457
        },
        "2020-08": {
            "month": "2020-08",
            "price": "26.32",
            "revenue": 80796
        },
        "2020-09": {
            "month": "2020-09",
            "price": "24.78",
            "revenue": 77196
        },
        "2020-10": {
            "month": "2020-10",
            "price": "23.88",
            "revenue": 80347
        },
        "2020-11": {
            "month": "2020-11",
            "price": "23.94",
            "revenue": 80971
        },
        "2020-12": {
            "month": "2020-12",
            "price": "23.81",
            "revenue": 80174
        },
        "2021-01": {
            "month": "2021-01",
            "price": "23.31",
            "revenue": 88852
        },
        "2021-02": {
            "month": "2021-02",
            "price": "22.78",
            "revenue": 71534
        },
        "2021-03": {
            "month": "2021-03",
            "price": "22.97",
            "revenue": 79093
        },
        "2021-04": {
            "month": "2021-04",
            "price": "23.61",
            "revenue": 85904
        },
        "2021-05": {
            "month": "2021-05",
            "price": "23.08",
            "revenue": 82485
        },
        "2021-06": {
            "month": "2021-06",
            "price": "23.18",
            "revenue": 86523
        },
        "2021-07": {
            "month": "2021-07",
            "price": "22.91",
            "revenue": 89180
        },
        "2021-08": {
            "month": "2021-08",
            "price": "22.48",
            "revenue": 89000
        },
        "2021-09": {
            "month": "2021-09",
            "price": "22.24",
            "revenue": 88892
        },
        "2021-10": {
            "month": "2021-10",
            "price": "22.19",
            "revenue": 90412
        },
        "2021-11": {
            "month": "2021-11",
            "price": "22.41",
            "revenue": 93207
        },
        "2021-12": {
            "month": "2021-12",
            "price": "22.89",
            "revenue": 96730
        },
        "2022-01": {
            "month": "2022-01",
            "price": "23.01",
            "revenue": 103761
        },
        "2022-02": {
            "month": "2022-02",
            "price": "23.31",
            "revenue": 77538
        },
        "2022-03": {
            "month": "2022-03",
            "price": "23.21",
            "revenue": 100837
        },
        "2022-04": {
            "month": "2022-04",
            "price": "24.49",
            "revenue": 93272
        },
        "2022-05": {
            "month": "2022-05",
            "price": "23.44",
            "revenue": 96703
        },
        "2022-06": {
            "month": "2022-06",
            "price": "23.82",
            "revenue": 92012
        },
        "2022-07": {
            "month": "2022-07",
            "price": "23.17",
            "revenue": 96158
        },
        "2022-08": {
            "month": "2022-08",
            "price": "23.74",
            "revenue": 96057
        },
        "2022-09": {
            "month": "2022-09",
            "price": "25.10",
            "revenue": 97391
        },
        "2022-10": {
            "month": "2022-10",
            "price": "23.20",
            "revenue": 96278
        },
        "2022-11": {
            "month": "2022-11",
            "price": "24.33",
            "revenue": 98443
        },
        "2022-12": {
            "month": "2022-12",
            "price": "26.69",
            "revenue": 104007
        },
        "2023-01": {
            "month": "2023-01",
            "price": "26.85",
            "revenue": 92206
        },
        "2023-02": {
            "month": "2023-02",
            "price": "27.41",
            "revenue": 82395
        },
        "2023-03": {
            "month": "2023-03",
            "price": "27.51",
            "revenue": 88567
        },
        "2023-04": {
            "month": "2023-04",
            "price": "30.68",
            "revenue": 85961
        },
        "2023-05": {
            "month": "2023-05",
            "price": "29.92",
            "revenue": 90806
        }
    }
}
