{
    "summary": {
        "stock_name": "聯上",
        "stock_id": "4113",
        "category": "建材營造",
        "main_business": "不動產買賣及租賃業<br>國際貿易業",
        "website_url": "http://kh.vvvvv.com.tw",
        "ceo": "蘇永義",
        "pe_ratio": -22,
        "report_year_from": 2001,
        "report_year_to": 2023,
        "age": 22,
        "eps_negative_percentage": 52,
        "eps_growth_avg": {
            "last_all": -2.49,
            "last_2y": -100,
            "last_4y": -42.28,
            "last_8y": -23.97,
            "last_12y": -2.49,
            "last_16y": -2.49,
            "last_20y": -2.49,
            "at_2006_last_3y": null,
            "at_2007_last_3y": null,
            "at_2008_last_3y": null,
            "at_2009_last_3y": null,
            "at_2010_last_3y": -80.43,
            "at_2011_last_3y": 9.79,
            "at_2012_last_3y": 39.86,
            "at_2013_last_3y": 35.1,
            "at_2014_last_3y": 62.02,
            "at_2015_last_3y": 17.41,
            "at_2016_last_3y": -30.03,
            "at_2017_last_3y": -10.24,
            "at_2018_last_3y": 1.24,
            "at_2019_last_3y": -4.15,
            "at_2020_last_3y": 24.39,
            "at_2021_last_3y": -13.41,
            "at_2022_last_3y": -100,
            "at_2023_last_3y": -100,
            "at_2006_last_all": null,
            "at_2007_last_all": null,
            "at_2008_last_all": null,
            "at_2009_last_all": null,
            "at_2010_last_all": -80.43,
            "at_2011_last_all": 9.79,
            "at_2012_last_all": 39.86,
            "at_2013_last_all": 35.1,
            "at_2014_last_all": 33.53,
            "at_2015_last_all": 14.87,
            "at_2016_last_all": -0.08,
            "at_2017_last_all": 12.43,
            "at_2018_last_all": 19.18,
            "at_2019_last_all": 7.26,
            "at_2020_last_all": 7.26,
            "at_2021_last_all": 7.26,
            "at_2022_last_all": -2.49,
            "at_2023_last_all": -2.49
        },
        "latest_eps": -0.77,
        "latest_price": 16.8,
        "latest_roe": -4.84,
        "latest_gross_margin": 15.98,
        "latest_equity": 3230462,
        "latest_revenue": 150074,
        "latest_gross_profit": 23986,
        "latest_net_income": -28430,
        "latest_debt_ratio": 77.39,
        "latest_current_ratio": 141.52,
        "latest_account_receivable_turnover_ratio": 22.08,
        "latest_inventory_turnover_ratio": 0.01,
        "latest_reinvestment_rate": null,
        "latest_research_to_sale_ratio": null
    },
    "eps_dividends": {
        "2001": {
            "cash": 0,
            "stock": 0,
            "eps": -0.77
        },
        "2002": {
            "cash": 0,
            "stock": 0,
            "eps": -1.62
        },
        "2003": {
            "cash": 0,
            "stock": 0,
            "eps": -2.24
        },
        "2004": {
            "cash": 0,
            "stock": 0,
            "eps": -3.89
        },
        "2005": {
            "cash": 0,
            "stock": 0,
            "eps": -0.81
        },
        "2006": {
            "cash": 0,
            "stock": 0,
            "eps": -0.23
        },
        "2007": {
            "cash": 0,
            "stock": 0,
            "eps": -1.73
        },
        "2008": {
            "cash": 0,
            "stock": 0,
            "eps": -0.28
        },
        "2009": {
            "cash": 0,
            "stock": 0,
            "eps": 2.35
        },
        "2010": {
            "cash": 0,
            "stock": 0,
            "eps": 0.46
        },
        "2011": {
            "cash": 0,
            "stock": 0,
            "eps": 1.47
        },
        "2012": {
            "cash": 0.15,
            "stock": 1.3,
            "eps": 4.13
        },
        "2013": {
            "cash": 1.31,
            "stock": 1.31,
            "eps": 4.99
        },
        "2014": {
            "cash": 2.24,
            "stock": 0,
            "eps": 6.35
        },
        "2015": {
            "cash": 1.02,
            "stock": 3.52,
            "eps": 1.37
        },
        "2016": {
            "cash": 0.81,
            "stock": 0,
            "eps": 0.14
        },
        "2017": {
            "cash": 0.13,
            "stock": 0,
            "eps": 0.41
        },
        "2018": {
            "cash": 0.11,
            "stock": 0.26,
            "eps": 0.71
        },
        "2019": {
            "cash": 0.3,
            "stock": 0,
            "eps": -0.68
        },
        "2020": {
            "cash": 0,
            "stock": 0,
            "eps": -0.5
        },
        "2021": {
            "cash": 0.3,
            "stock": 0,
            "eps": 0.64
        },
        "2022": {
            "cash": 0.4,
            "stock": 0,
            "eps": -0.68
        },
        "2023": {
            "cash": 0,
            "stock": 0,
            "eps": -0.13
        }
    },
    "dividends": {
        "2012-06-12": {
            "cash": 0.15,
            "stock": 1.3
        },
        "2013-06-26": {
            "cash": 1.31,
            "stock": 1.31
        },
        "2014-08-29": {
            "cash": 2.24,
            "stock": 0
        },
        "2015-10-22": {
            "cash": 1.02,
            "stock": 3.52
        },
        "2016-09-02": {
            "cash": 0.81,
            "stock": 0
        },
        "2017-08-31": {
            "cash": 0.13,
            "stock": 0
        },
        "2018-10-29": {
            "cash": 0.11,
            "stock": 0.26
        },
        "2019-09-16": {
            "cash": 0.3,
            "stock": 0
        },
        "2021-09-29": {
            "cash": 0.3,
            "stock": 0
        },
        "2022-09-08": {
            "cash": 0.4,
            "stock": 0
        }
    },
    "prices": {
        "200101": "無",
        "200102": "無",
        "200103": "無",
        "200104": "無",
        "200105": "無",
        "200106": "無",
        "200107": "無",
        "200108": "無",
        "200109": "無",
        "200110": "無",
        "200111": "無",
        "200112": "無",
        "200201": "無",
        "200202": "無",
        "200203": "無",
        "200204": "無",
        "200205": "無",
        "200206": "無",
        "200207": "無",
        "200208": "無",
        "200209": "無",
        "200210": "無",
        "200211": "無",
        "200212": "無",
        "200301": "無",
        "200302": "無",
        "200303": "無",
        "200304": "無",
        "200305": "無",
        "200306": "無",
        "200307": "22.35",
        "200308": "21.30",
        "200309": "18.81",
        "200310": "17.94",
        "200311": "14.84",
        "200312": "16.10",
        "200401": "16.79",
        "200402": "17.66",
        "200403": "14.77",
        "200404": "14.35",
        "200405": "10.83",
        "200406": "8.96",
        "200407": "8.78",
        "200408": "6.23",
        "200409": "2.94",
        "200410": "2.69",
        "200411": "2.56",
        "200412": "2.79",
        "200501": "3.07",
        "200502": "3.24",
        "200503": "3.10",
        "200504": "3.14",
        "200505": "2.89",
        "200506": "3.13",
        "200507": "3.21",
        "200508": "2.67",
        "200509": "2.31",
        "200510": "2.66",
        "200511": "2.05",
        "200512": "2.16",
        "200601": "2.74",
        "200602": "6.48",
        "200603": "6.78",
        "200604": "6.44",
        "200605": "6.37",
        "200606": "6.10",
        "200607": "4.34",
        "200608": "4.97",
        "200609": "4.14",
        "200610": "5.25",
        "200611": "5.81",
        "200612": "6.35",
        "200701": "6.10",
        "200702": "7.93",
        "200703": "7.65",
        "200704": "8.06",
        "200705": "8.17",
        "200706": "7.95",
        "200707": "9.90",
        "200708": "8.27",
        "200709": "13.11",
        "200710": "12.17",
        "200711": "10.52",
        "200712": "9.88",
        "200801": "9.23",
        "200802": "9.89",
        "200803": "10.92",
        "200804": "12.12",
        "200805": "12.02",
        "200806": "12.12",
        "200807": "10.89",
        "200808": "10.05",
        "200809": "9.31",
        "200810": "8.37",
        "200811": "7.56",
        "200812": "6.95",
        "200901": "5.32",
        "200902": "5.29",
        "200903": "7.29",
        "200904": "15.73",
        "200905": "14.72",
        "200906": "15.38",
        "200907": "20.35",
        "200908": "26.34",
        "200909": "28.63",
        "200910": "26.25",
        "200911": "25.14",
        "200912": "24.43",
        "201001": "24.46",
        "201002": "20.63",
        "201003": "21.85",
        "201004": "26.63",
        "201005": "25.61",
        "201006": "25.94",
        "201007": "22.97",
        "201008": "20.45",
        "201009": "18.47",
        "201010": "17.10",
        "201011": "15.35",
        "201012": "17.32",
        "201101": "18.54",
        "201102": "17.64",
        "201103": "15.40",
        "201104": "15.51",
        "201105": "15.13",
        "201106": "16.68",
        "201107": "16.97",
        "201108": "15.93",
        "201109": "14.87",
        "201110": "14.04",
        "201111": "13.34",
        "201112": "12.87",
        "201201": "13.18",
        "201202": "15.60",
        "201203": "19.64",
        "201204": "21.40",
        "201205": "21.51",
        "201206": "22.57",
        "201207": "21.80",
        "201208": "20.05",
        "201209": "21.46",
        "201210": "19.03",
        "201211": "17.87",
        "201212": "19.14",
        "201301": "20.41",
        "201302": "21.06",
        "201303": "22.91",
        "201304": "25.25",
        "201305": "25.47",
        "201306": "28.49",
        "201307": "28.60",
        "201308": "26.89",
        "201309": "23.27",
        "201310": "23.15",
        "201311": "23.88",
        "201312": "22.80",
        "201401": "22.73",
        "201402": "24.11",
        "201403": "24.23",
        "201404": "24.91",
        "201405": "22.73",
        "201406": "22.30",
        "201407": "21.48",
        "201408": "19.88",
        "201409": "20.25",
        "201410": "19.54",
        "201411": "20.28",
        "201412": "21.23",
        "201501": "21.32",
        "201502": "21.89",
        "201503": "22.53",
        "201504": "24.26",
        "201505": "22.67",
        "201506": "21.40",
        "201507": "19.40",
        "201508": "15.67",
        "201509": "13.66",
        "201510": "11.19",
        "201511": "10.46",
        "201512": "9.97",
        "201601": "9.76",
        "201602": "9.83",
        "201603": "11.33",
        "201604": "10.69",
        "201605": "10.06",
        "201606": "10.18",
        "201607": "10.24",
        "201608": "10.07",
        "201609": "9.58",
        "201610": "9.35",
        "201611": "9.35",
        "201612": "9.32",
        "201701": "9.01",
        "201702": "9.13",
        "201703": "9.69",
        "201704": "10.05",
        "201705": "9.88",
        "201706": "9.71",
        "201707": "9.84",
        "201708": "9.85",
        "201709": "10.20",
        "201710": "10.31",
        "201711": "10.46",
        "201712": "10.29",
        "201801": "10.23",
        "201802": "10.10",
        "201803": "10.41",
        "201804": "10.64",
        "201805": "10.60",
        "201806": "10.48",
        "201807": "10.15",
        "201808": "10.20",
        "201809": "10.44",
        "201810": "10.30",
        "201811": "10.56",
        "201812": "11.58",
        "201901": "11.00",
        "201902": "11.46",
        "201903": "11.82",
        "201904": "11.79",
        "201905": "11.22",
        "201906": "11.02",
        "201907": "10.89",
        "201908": "10.52",
        "201909": "11.28",
        "201910": "11.54",
        "201911": "13.83",
        "201912": "15.37",
        "202001": "16.73",
        "202002": "15.59",
        "202003": "12.17",
        "202004": "12.44",
        "202005": "12.57",
        "202006": "13.94",
        "202007": "15.10",
        "202008": "15.30",
        "202009": "14.87",
        "202010": "14.49",
        "202011": "14.44",
        "202012": "13.30",
        "202101": "13.00",
        "202102": "13.18",
        "202103": "13.63",
        "202104": "14.19",
        "202105": "13.39",
        "202106": "13.67",
        "202107": "13.70",
        "202108": "13.86",
        "202109": "13.99",
        "202110": "13.95",
        "202111": "14.14",
        "202112": "14.77",
        "202201": "14.52",
        "202202": "14.44",
        "202203": "14.32",
        "202204": "13.94",
        "202205": "13.05",
        "202206": "13.00",
        "202207": "12.11",
        "202208": "12.22",
        "202209": "12.34",
        "202210": "11.86",
        "202211": "11.91",
        "202212": "11.85",
        "202301": "11.32",
        "202302": "13.40",
        "202303": "14.88",
        "202304": "16.31",
        "202305": "16.26",
        "202306": "16.42"
    },
    "quarters": {
        "20011": {
            "year_quarter": 20011,
            "year": 2001,
            "quarter": 1,
            "eps": null,
            "eps_growth_year": null,
            "eps_4q": null,
            "eps_4q_growth_year": null,
            "roe": null,
            "roe_4q": 0,
            "gross_profit": null,
            "gross_margin": null,
            "gross_margin_4q_avg": 0,
            "net_income": null,
            "revenue": null,
            "common_shares": null,
            "book_valuer_per_share": null,
            "book_valuer_per_share_4q_avg": 0,
            "equity": null,
            "current_ratio": null,
            "debt_ratio": null,
            "inventory_turnover_ratio": null,
            "account_receivable_turnover_ratio": null,
            "reinvestment_rate": null,
            "research_to_sale_ratio": null,
            "price_fair": 0,
            "eps_avg_yearly": 0,
            "eps_latest_yearly": 0,
            "eps_growth_yearly": 0
        },
        "20012": {
            "year_quarter": 20012,
            "year": 2001,
            "quarter": 2,
            "eps": null,
            "eps_growth_year": null,
            "eps_4q": null,
            "eps_4q_growth_year": null,
            "roe": null,
            "roe_4q": 0,
            "gross_profit": null,
            "gross_margin": null,
            "gross_margin_4q_avg": 0,
            "net_income": null,
            "revenue": null,
            "common_shares": null,
            "book_valuer_per_share": null,
            "book_valuer_per_share_4q_avg": 0,
            "equity": null,
            "current_ratio": null,
            "debt_ratio": null,
            "inventory_turnover_ratio": null,
            "account_receivable_turnover_ratio": null,
            "reinvestment_rate": null,
            "research_to_sale_ratio": null,
            "price_fair": 0,
            "eps_avg_yearly": 0,
            "eps_latest_yearly": 0,
            "eps_growth_yearly": 0
        },
        "20013": {
            "year_quarter": 20013,
            "year": 2001,
            "quarter": 3,
            "eps": null,
            "eps_growth_year": null,
            "eps_4q": null,
            "eps_4q_growth_year": null,
            "roe": null,
            "roe_4q": 0,
            "gross_profit": null,
            "gross_margin": null,
            "gross_margin_4q_avg": 0,
            "net_income": null,
            "revenue": null,
            "common_shares": null,
            "book_valuer_per_share": null,
            "book_valuer_per_share_4q_avg": 0,
            "equity": null,
            "current_ratio": null,
            "debt_ratio": null,
            "inventory_turnover_ratio": null,
            "account_receivable_turnover_ratio": null,
            "reinvestment_rate": null,
            "research_to_sale_ratio": null,
            "price_fair": 0,
            "eps_avg_yearly": 0,
            "eps_latest_yearly": 0,
            "eps_growth_yearly": 0
        },
        "20014": {
            "year_quarter": 20014,
            "year": 2001,
            "quarter": 4,
            "eps": -0.77,
            "eps_growth_year": null,
            "eps_4q": null,
            "eps_4q_growth_year": null,
            "roe": -6.68,
            "roe_4q": -6.68,
            "gross_profit": 1592,
            "gross_margin": 49.09,
            "gross_margin_4q_avg": 12.27,
            "net_income": -9024,
            "revenue": 3243,
            "common_shares": 180000,
            "book_valuer_per_share": 7.5,
            "book_valuer_per_share_4q_avg": 1.88,
            "equity": 135088,
            "current_ratio": 1971.07,
            "debt_ratio": 5.29,
            "inventory_turnover_ratio": 0.28,
            "account_receivable_turnover_ratio": null,
            "reinvestment_rate": null,
            "research_to_sale_ratio": null,
            "price_fair": 0,
            "eps_avg_yearly": 0,
            "eps_latest_yearly": 0,
            "eps_growth_yearly": 0
        },
        "20021": {
            "year_quarter": 20021,
            "year": 2002,
            "quarter": 1,
            "eps": null,
            "eps_growth_year": null,
            "eps_4q": null,
            "eps_4q_growth_year": null,
            "roe": null,
            "roe_4q": -6.68,
            "gross_profit": null,
            "gross_margin": null,
            "gross_margin_4q_avg": 12.27,
            "net_income": null,
            "revenue": null,
            "common_shares": null,
            "book_valuer_per_share": null,
            "book_valuer_per_share_4q_avg": 1.88,
            "equity": null,
            "current_ratio": null,
            "debt_ratio": null,
            "inventory_turnover_ratio": null,
            "account_receivable_turnover_ratio": null,
            "reinvestment_rate": null,
            "research_to_sale_ratio": null,
            "price_fair": 0,
            "eps_avg_yearly": 0,
            "eps_latest_yearly": 0,
            "eps_growth_yearly": 0
        },
        "20022": {
            "year_quarter": 20022,
            "year": 2002,
            "quarter": 2,
            "eps": null,
            "eps_growth_year": null,
            "eps_4q": null,
            "eps_4q_growth_year": null,
            "roe": null,
            "roe_4q": -6.68,
            "gross_profit": null,
            "gross_margin": null,
            "gross_margin_4q_avg": 12.27,
            "net_income": null,
            "revenue": null,
            "common_shares": null,
            "book_valuer_per_share": null,
            "book_valuer_per_share_4q_avg": 1.88,
            "equity": null,
            "current_ratio": null,
            "debt_ratio": null,
            "inventory_turnover_ratio": null,
            "account_receivable_turnover_ratio": null,
            "reinvestment_rate": null,
            "research_to_sale_ratio": null,
            "price_fair": 0,
            "eps_avg_yearly": 0,
            "eps_latest_yearly": 0,
            "eps_growth_yearly": 0
        },
        "20023": {
            "year_quarter": 20023,
            "year": 2002,
            "quarter": 3,
            "eps": -0.78,
            "eps_growth_year": null,
            "eps_4q": null,
            "eps_4q_growth_year": null,
            "roe": -5.29,
            "roe_4q": -11.969999999999999,
            "gross_profit": 666,
            "gross_margin": 23.93,
            "gross_margin_4q_avg": 18.26,
            "net_income": -13999,
            "revenue": 2783,
            "common_shares": 180000,
            "book_valuer_per_share": 14.71,
            "book_valuer_per_share_4q_avg": 5.55,
            "equity": 264743,
            "current_ratio": 1760.97,
            "debt_ratio": 5.38,
            "inventory_turnover_ratio": 0.14,
            "account_receivable_turnover_ratio": null,
            "reinvestment_rate": null,
            "research_to_sale_ratio": null,
            "price_fair": 0,
            "eps_avg_yearly": 0,
            "eps_latest_yearly": 0,
            "eps_growth_yearly": 0
        },
        "20024": {
            "year_quarter": 20024,
            "year": 2002,
            "quarter": 4,
            "eps": -0.84,
            "eps_growth_year": null,
            "eps_4q": null,
            "eps_4q_growth_year": null,
            "roe": -5.62,
            "roe_4q": -10.91,
            "gross_profit": 1748,
            "gross_margin": 43.5,
            "gross_margin_4q_avg": 16.86,
            "net_income": -16067,
            "revenue": 4018,
            "common_shares": 360000,
            "book_valuer_per_share": 8.53,
            "book_valuer_per_share_4q_avg": 5.81,
            "equity": 306916,
            "current_ratio": 1914.8,
            "debt_ratio": 5.04,
            "inventory_turnover_ratio": 0.14,
            "account_receivable_turnover_ratio": null,
            "reinvestment_rate": null,
            "research_to_sale_ratio": null,
            "price_fair": 0,
            "eps_avg_yearly": 0,
            "eps_latest_yearly": 0,
            "eps_growth_yearly": 0
        },
        "20031": {
            "year_quarter": 20031,
            "year": 2003,
            "quarter": 1,
            "eps": -0.61,
            "eps_growth_year": null,
            "eps_4q": null,
            "eps_4q_growth_year": null,
            "roe": -7.41,
            "roe_4q": -18.32,
            "gross_profit": 411,
            "gross_margin": 12.82,
            "gross_margin_4q_avg": 20.06,
            "net_income": -21938,
            "revenue": 3205,
            "common_shares": 360000,
            "book_valuer_per_share": 7.92,
            "book_valuer_per_share_4q_avg": 7.79,
            "equity": 284978,
            "current_ratio": 1277.85,
            "debt_ratio": 6.93,
            "inventory_turnover_ratio": 0.16,
            "account_receivable_turnover_ratio": null,
            "reinvestment_rate": null,
            "research_to_sale_ratio": null,
            "price_fair": 0,
            "eps_avg_yearly": 0,
            "eps_latest_yearly": 0,
            "eps_growth_yearly": 0
        },
        "20032": {
            "year_quarter": 20032,
            "year": 2003,
            "quarter": 2,
            "eps": 0.41,
            "eps_growth_year": null,
            "eps_4q": -1.04,
            "eps_4q_growth_year": null,
            "roe": 5.05,
            "roe_4q": -13.27,
            "gross_profit": 22563,
            "gross_margin": 55.33,
            "gross_margin_4q_avg": 33.9,
            "net_income": 14753,
            "revenue": 40780,
            "common_shares": 360000,
            "book_valuer_per_share": 8.33,
            "book_valuer_per_share_4q_avg": 9.87,
            "equity": 299731,
            "current_ratio": 976.44,
            "debt_ratio": 7.37,
            "inventory_turnover_ratio": 1.18,
            "account_receivable_turnover_ratio": null,
            "reinvestment_rate": null,
            "research_to_sale_ratio": null,
            "price_fair": 0,
            "eps_avg_yearly": 0,
            "eps_latest_yearly": 0,
            "eps_growth_yearly": 0
        },
        "20033": {
            "year_quarter": 20033,
            "year": 2003,
            "quarter": 3,
            "eps": -0.88,
            "eps_growth_year": null,
            "eps_4q": -1.52,
            "eps_4q_growth_year": null,
            "roe": -11.13,
            "roe_4q": -19.110000000000003,
            "gross_profit": 12490,
            "gross_margin": 47.09,
            "gross_margin_4q_avg": 39.69,
            "net_income": -31600,
            "revenue": 26524,
            "common_shares": 360000,
            "book_valuer_per_share": 7.45,
            "book_valuer_per_share_4q_avg": 8.06,
            "equity": 268131,
            "current_ratio": 1458.03,
            "debt_ratio": 5.29,
            "inventory_turnover_ratio": 1.19,
            "account_receivable_turnover_ratio": null,
            "reinvestment_rate": null,
            "research_to_sale_ratio": null,
            "price_fair": 0,
            "eps_avg_yearly": 0,
            "eps_latest_yearly": 0,
            "eps_growth_yearly": 0
        },
        "20034": {
            "year_quarter": 20034,
            "year": 2003,
            "quarter": 4,
            "eps": -1.16,
            "eps_growth_year": null,
            "eps_4q": -2.24,
            "eps_4q_growth_year": null,
            "roe": -16.91,
            "roe_4q": -30.4,
            "gross_profit": 4083,
            "gross_margin": 27.22,
            "gross_margin_4q_avg": 35.62,
            "net_income": -41813,
            "revenue": 14999,
            "common_shares": 360000,
            "book_valuer_per_share": 6.29,
            "book_valuer_per_share_4q_avg": 7.5,
            "equity": 226318,
            "current_ratio": 1221.45,
            "debt_ratio": 7.02,
            "inventory_turnover_ratio": 1.44,
            "account_receivable_turnover_ratio": null,
            "reinvestment_rate": null,
            "research_to_sale_ratio": null,
            "price_fair": 0,
            "eps_avg_yearly": 0,
            "eps_latest_yearly": 0,
            "eps_growth_yearly": 0
        },
        "20041": {
            "year_quarter": 20041,
            "year": 2004,
            "quarter": 1,
            "eps": -0.63,
            "eps_growth_year": null,
            "eps_4q": -2.25,
            "eps_4q_growth_year": null,
            "roe": -10.6,
            "roe_4q": -33.59,
            "gross_profit": -632,
            "gross_margin": -9.75,
            "gross_margin_4q_avg": 29.97,
            "net_income": -22786,
            "revenue": 6482,
            "common_shares": 360000,
            "book_valuer_per_share": 5.65,
            "book_valuer_per_share_4q_avg": 6.93,
            "equity": 203532,
            "current_ratio": 1312.23,
            "debt_ratio": 6.51,
            "inventory_turnover_ratio": 1.28,
            "account_receivable_turnover_ratio": null,
            "reinvestment_rate": null,
            "research_to_sale_ratio": null,
            "price_fair": 0,
            "eps_avg_yearly": 0,
            "eps_latest_yearly": 0,
            "eps_growth_yearly": 0
        },
        "20042": {
            "year_quarter": 20042,
            "year": 2004,
            "quarter": 2,
            "eps": -1.47,
            "eps_growth_year": -458.54,
            "eps_4q": -4.14,
            "eps_4q_growth_year": null,
            "roe": -29.79,
            "roe_4q": -68.42999999999999,
            "gross_profit": 2495,
            "gross_margin": 25.5,
            "gross_margin_4q_avg": 22.52,
            "net_income": -52777,
            "revenue": 9785,
            "common_shares": 360000,
            "book_valuer_per_share": 4.19,
            "book_valuer_per_share_4q_avg": 5.9,
            "equity": 150755,
            "current_ratio": 603.81,
            "debt_ratio": 9.28,
            "inventory_turnover_ratio": 0.87,
            "account_receivable_turnover_ratio": null,
            "reinvestment_rate": null,
            "research_to_sale_ratio": null,
            "price_fair": 0,
            "eps_avg_yearly": 0,
            "eps_latest_yearly": 0,
            "eps_growth_yearly": 0
        },
        "20043": {
            "year_quarter": 20043,
            "year": 2004,
            "quarter": 3,
            "eps": -0.65,
            "eps_growth_year": null,
            "eps_4q": -3.91,
            "eps_4q_growth_year": null,
            "roe": -16.72,
            "roe_4q": -74.02,
            "gross_profit": -657,
            "gross_margin": -8.49,
            "gross_margin_4q_avg": 8.62,
            "net_income": -23268,
            "revenue": 7743,
            "common_shares": 360000,
            "book_valuer_per_share": 3.54,
            "book_valuer_per_share_4q_avg": 4.92,
            "equity": 127487,
            "current_ratio": 528.81,
            "debt_ratio": 11.24,
            "inventory_turnover_ratio": 0.84,
            "account_receivable_turnover_ratio": null,
            "reinvestment_rate": null,
            "research_to_sale_ratio": null,
            "price_fair": 0,
            "eps_avg_yearly": 0,
            "eps_latest_yearly": 0,
            "eps_growth_yearly": 0
        },
        "20044": {
            "year_quarter": 20044,
            "year": 2004,
            "quarter": 4,
            "eps": -1.14,
            "eps_growth_year": null,
            "eps_4q": -3.89,
            "eps_4q_growth_year": null,
            "roe": -38.54,
            "roe_4q": -95.64999999999999,
            "gross_profit": -264,
            "gross_margin": -3.27,
            "gross_margin_4q_avg": 1,
            "net_income": -41196,
            "revenue": 8068,
            "common_shares": 360000,
            "book_valuer_per_share": 2.4,
            "book_valuer_per_share_4q_avg": 3.95,
            "equity": 86291,
            "current_ratio": 321.09,
            "debt_ratio": 17.12,
            "inventory_turnover_ratio": 0.93,
            "account_receivable_turnover_ratio": null,
            "reinvestment_rate": null,
            "research_to_sale_ratio": null,
            "price_fair": 0,
            "eps_avg_yearly": 0,
            "eps_latest_yearly": 0,
            "eps_growth_yearly": 0
        },
        "20051": {
            "year_quarter": 20051,
            "year": 2005,
            "quarter": 1,
            "eps": -0.33,
            "eps_growth_year": null,
            "eps_4q": -3.62,
            "eps_4q_growth_year": null,
            "roe": -14.65,
            "roe_4q": -99.69999999999999,
            "gross_profit": -1385,
            "gross_margin": -32.55,
            "gross_margin_4q_avg": -4.7,
            "net_income": -11776,
            "revenue": 4255,
            "common_shares": 360000,
            "book_valuer_per_share": 2.07,
            "book_valuer_per_share_4q_avg": 3.05,
            "equity": 74516,
            "current_ratio": 378.09,
            "debt_ratio": 12.89,
            "inventory_turnover_ratio": 0.74,
            "account_receivable_turnover_ratio": null,
            "reinvestment_rate": null,
            "research_to_sale_ratio": null,
            "price_fair": 0,
            "eps_avg_yearly": 0,
            "eps_latest_yearly": 0,
            "eps_growth_yearly": 0
        },
        "20052": {
            "year_quarter": 20052,
            "year": 2005,
            "quarter": 2,
            "eps": -0.17,
            "eps_growth_year": null,
            "eps_4q": -1.84,
            "eps_4q_growth_year": null,
            "roe": -7.91,
            "roe_4q": -77.82,
            "gross_profit": -1286,
            "gross_margin": -27.18,
            "gross_margin_4q_avg": -17.87,
            "net_income": -6494,
            "revenue": 4731,
            "common_shares": 450000,
            "book_valuer_per_share": 1.99,
            "book_valuer_per_share_4q_avg": 2.5,
            "equity": 89621,
            "current_ratio": 664.29,
            "debt_ratio": 9.65,
            "inventory_turnover_ratio": 0.89,
            "account_receivable_turnover_ratio": null,
            "reinvestment_rate": null,
            "research_to_sale_ratio": null,
            "price_fair": 0,
            "eps_avg_yearly": 0,
            "eps_latest_yearly": 0,
            "eps_growth_yearly": 0
        },
        "20053": {
            "year_quarter": 20053,
            "year": 2005,
            "quarter": 3,
            "eps": -0.18,
            "eps_growth_year": null,
            "eps_4q": -1.49,
            "eps_4q_growth_year": null,
            "roe": -8.62,
            "roe_4q": -69.72,
            "gross_profit": -358,
            "gross_margin": -7.53,
            "gross_margin_4q_avg": -17.63,
            "net_income": -7403,
            "revenue": 4757,
            "common_shares": 450000,
            "book_valuer_per_share": 1.83,
            "book_valuer_per_share_4q_avg": 2.07,
            "equity": 82218,
            "current_ratio": 565.29,
            "debt_ratio": 10.9,
            "inventory_turnover_ratio": 0.3,
            "account_receivable_turnover_ratio": null,
            "reinvestment_rate": null,
            "research_to_sale_ratio": null,
            "price_fair": 0,
            "eps_avg_yearly": 0,
            "eps_latest_yearly": 0,
            "eps_growth_yearly": 0
        },
        "20054": {
            "year_quarter": 20054,
            "year": 2005,
            "quarter": 4,
            "eps": -0.13,
            "eps_growth_year": null,
            "eps_4q": -1.66,
            "eps_4q_growth_year": null,
            "roe": -1.94,
            "roe_4q": -33.12,
            "gross_profit": -286,
            "gross_margin": -7.45,
            "gross_margin_4q_avg": -18.68,
            "net_income": -2238,
            "revenue": 3839,
            "common_shares": 360000,
            "book_valuer_per_share": 4.14,
            "book_valuer_per_share_4q_avg": 2.51,
            "equity": 148920,
            "current_ratio": 950.51,
            "debt_ratio": 7.85,
            "inventory_turnover_ratio": 0.15,
            "account_receivable_turnover_ratio": null,
            "reinvestment_rate": null,
            "research_to_sale_ratio": null,
            "price_fair": 0,
            "eps_avg_yearly": 0,
            "eps_latest_yearly": 0,
            "eps_growth_yearly": 0
        },
        "20061": {
            "year_quarter": 20061,
            "year": 2006,
            "quarter": 1,
            "eps": -0.13,
            "eps_growth_year": null,
            "eps_4q": -0.57,
            "eps_4q_growth_year": null,
            "roe": -3.24,
            "roe_4q": -21.71,
            "gross_profit": 1056,
            "gross_margin": 14.6,
            "gross_margin_4q_avg": -6.89,
            "net_income": -4755,
            "revenue": 7231,
            "common_shares": 360000,
            "book_valuer_per_share": 4,
            "book_valuer_per_share_4q_avg": 2.99,
            "equity": 144165,
            "current_ratio": 1022.66,
            "debt_ratio": 8.16,
            "inventory_turnover_ratio": 0.12,
            "account_receivable_turnover_ratio": null,
            "reinvestment_rate": null,
            "research_to_sale_ratio": null,
            "price_fair": 0,
            "eps_avg_yearly": 0,
            "eps_latest_yearly": 0,
            "eps_growth_yearly": 0
        },
        "20062": {
            "year_quarter": 20062,
            "year": 2006,
            "quarter": 2,
            "eps": 0.3,
            "eps_growth_year": null,
            "eps_4q": -0.11,
            "eps_4q_growth_year": null,
            "roe": 7.11,
            "roe_4q": -6.6899999999999995,
            "gross_profit": 17520,
            "gross_margin": 27.48,
            "gross_margin_4q_avg": 6.78,
            "net_income": 10635,
            "revenue": 63753,
            "common_shares": 360000,
            "book_valuer_per_share": 4.3,
            "book_valuer_per_share_4q_avg": 3.57,
            "equity": 154800,
            "current_ratio": 461.91,
            "debt_ratio": 18.37,
            "inventory_turnover_ratio": 0.44,
            "account_receivable_turnover_ratio": null,
            "reinvestment_rate": null,
            "research_to_sale_ratio": null,
            "price_fair": 0,
            "eps_avg_yearly": 0,
            "eps_latest_yearly": 0,
            "eps_growth_yearly": 0
        },
        "20063": {
            "year_quarter": 20063,
            "year": 2006,
            "quarter": 3,
            "eps": 0.2,
            "eps_growth_year": null,
            "eps_4q": 0.3,
            "eps_4q_growth_year": null,
            "roe": 4.53,
            "roe_4q": 6.460000000000001,
            "gross_profit": 16934,
            "gross_margin": 30.3,
            "gross_margin_4q_avg": 16.23,
            "net_income": 7170,
            "revenue": 55883,
            "common_shares": 360000,
            "book_valuer_per_share": 4.5,
            "book_valuer_per_share_4q_avg": 4.24,
            "equity": 161971,
            "current_ratio": 1499.05,
            "debt_ratio": 57.1,
            "inventory_turnover_ratio": 0.18,
            "account_receivable_turnover_ratio": null,
            "reinvestment_rate": null,
            "research_to_sale_ratio": null,
            "price_fair": 2.4,
            "eps_avg_yearly": 0.8,
            "eps_latest_yearly": 0.8,
            "eps_growth_yearly": -133.33
        },
        "20064": {
            "year_quarter": 20064,
            "year": 2006,
            "quarter": 4,
            "eps": -0.6,
            "eps_growth_year": null,
            "eps_4q": 0.13,
            "eps_4q_growth_year": null,
            "roe": -6.88,
            "roe_4q": 1.5200000000000005,
            "gross_profit": 1965,
            "gross_margin": 23.58,
            "gross_margin_4q_avg": 23.99,
            "net_income": -10770,
            "revenue": 8333,
            "common_shares": 180000,
            "book_valuer_per_share": 8.4,
            "book_valuer_per_share_4q_avg": 5.3,
            "equity": 151200,
            "current_ratio": 156.51,
            "debt_ratio": 58.45,
            "inventory_turnover_ratio": 0.02,
            "account_receivable_turnover_ratio": null,
            "reinvestment_rate": null,
            "research_to_sale_ratio": null,
            "price_fair": 2.4,
            "eps_avg_yearly": 0.8,
            "eps_latest_yearly": 0.8,
            "eps_growth_yearly": -133.33
        },
        "20071": {
            "year_quarter": 20071,
            "year": 2007,
            "quarter": 1,
            "eps": -0.22,
            "eps_growth_year": null,
            "eps_4q": 0.17,
            "eps_4q_growth_year": null,
            "roe": -2.63,
            "roe_4q": 2.130000000000001,
            "gross_profit": 1923,
            "gross_margin": 8.34,
            "gross_margin_4q_avg": 22.43,
            "net_income": -3925,
            "revenue": 23071,
            "common_shares": 180000,
            "book_valuer_per_share": 8.18,
            "book_valuer_per_share_4q_avg": 6.35,
            "equity": 147275,
            "current_ratio": 150.97,
            "debt_ratio": 61.15,
            "inventory_turnover_ratio": 0.07,
            "account_receivable_turnover_ratio": null,
            "reinvestment_rate": null,
            "research_to_sale_ratio": null,
            "price_fair": 2.4,
            "eps_avg_yearly": 0.8,
            "eps_latest_yearly": 0.8,
            "eps_growth_yearly": -133.33
        },
        "20072": {
            "year_quarter": 20072,
            "year": 2007,
            "quarter": 2,
            "eps": -0.52,
            "eps_growth_year": -273.33,
            "eps_4q": -0.69,
            "eps_4q_growth_year": null,
            "roe": -5.44,
            "roe_4q": -10.419999999999998,
            "gross_profit": 1867,
            "gross_margin": 19.16,
            "gross_margin_4q_avg": 20.35,
            "net_income": -9655,
            "revenue": 9746,
            "common_shares": 250000,
            "book_valuer_per_share": 8.3,
            "book_valuer_per_share_4q_avg": 7.35,
            "equity": 207620,
            "current_ratio": 162.1,
            "debt_ratio": 58.32,
            "inventory_turnover_ratio": 0.02,
            "account_receivable_turnover_ratio": null,
            "reinvestment_rate": null,
            "research_to_sale_ratio": null,
            "price_fair": 2.4,
            "eps_avg_yearly": 0.8,
            "eps_latest_yearly": 0.8,
            "eps_growth_yearly": -133.33
        },
        "20073": {
            "year_quarter": 20073,
            "year": 2007,
            "quarter": 3,
            "eps": -0.56,
            "eps_growth_year": -380,
            "eps_4q": -1.45,
            "eps_4q_growth_year": -580.2,
            "roe": -5.85,
            "roe_4q": -20.799999999999997,
            "gross_profit": -2595,
            "gross_margin": 15.48,
            "gross_margin_4q_avg": 16.64,
            "net_income": -11856,
            "revenue": -16759,
            "common_shares": 250000,
            "book_valuer_per_share": 7.92,
            "book_valuer_per_share_4q_avg": 8.2,
            "equity": 197877,
            "current_ratio": 155.07,
            "debt_ratio": 61.72,
            "inventory_turnover_ratio": -0.03,
            "account_receivable_turnover_ratio": null,
            "reinvestment_rate": null,
            "research_to_sale_ratio": null,
            "price_fair": 2.4,
            "eps_avg_yearly": 0.8,
            "eps_latest_yearly": 0.8,
            "eps_growth_yearly": -133.33
        },
        "20074": {
            "year_quarter": 20074,
            "year": 2007,
            "quarter": 4,
            "eps": -0.43,
            "eps_growth_year": null,
            "eps_4q": -1.57,
            "eps_4q_growth_year": -1307.69,
            "roe": -4.41,
            "roe_4q": -18.33,
            "gross_profit": 0,
            "gross_margin": null,
            "gross_margin_4q_avg": 10.75,
            "net_income": -9627,
            "revenue": 0,
            "common_shares": 302100,
            "book_valuer_per_share": 7.89,
            "book_valuer_per_share_4q_avg": 8.07,
            "equity": 238250,
            "current_ratio": 150.14,
            "debt_ratio": 64.91,
            "inventory_turnover_ratio": 0,
            "account_receivable_turnover_ratio": null,
            "reinvestment_rate": null,
            "research_to_sale_ratio": null,
            "price_fair": 2.4,
            "eps_avg_yearly": 0.8,
            "eps_latest_yearly": 0.8,
            "eps_growth_yearly": -133.33
        },
        "20081": {
            "year_quarter": 20081,
            "year": 2008,
            "quarter": 1,
            "eps": 0,
            "eps_growth_year": null,
            "eps_4q": -1.03,
            "eps_4q_growth_year": -689.33,
            "roe": 0.04,
            "roe_4q": -15.66,
            "gross_profit": 0,
            "gross_margin": null,
            "gross_margin_4q_avg": 8.66,
            "net_income": 103,
            "revenue": 0,
            "common_shares": 302100,
            "book_valuer_per_share": 7.89,
            "book_valuer_per_share_4q_avg": 8,
            "equity": 238353,
            "current_ratio": 140.05,
            "debt_ratio": 69.9,
            "inventory_turnover_ratio": 0,
            "account_receivable_turnover_ratio": null,
            "reinvestment_rate": null,
            "research_to_sale_ratio": null,
            "price_fair": 2.4,
            "eps_avg_yearly": 0.8,
            "eps_latest_yearly": 0.8,
            "eps_growth_yearly": -133.33
        },
        "20082": {
            "year_quarter": 20082,
            "year": 2008,
            "quarter": 2,
            "eps": -0.1,
            "eps_growth_year": null,
            "eps_4q": -0.54,
            "eps_4q_growth_year": null,
            "roe": -0.99,
            "roe_4q": -11.21,
            "gross_profit": 0,
            "gross_margin": null,
            "gross_margin_4q_avg": 3.87,
            "net_income": -3072,
            "revenue": 0,
            "common_shares": 452100,
            "book_valuer_per_share": 8.52,
            "book_valuer_per_share_4q_avg": 8.06,
            "equity": 385281,
            "current_ratio": 168.99,
            "debt_ratio": 58.12,
            "inventory_turnover_ratio": 0,
            "account_receivable_turnover_ratio": null,
            "reinvestment_rate": null,
            "research_to_sale_ratio": null,
            "price_fair": 2.4,
            "eps_avg_yearly": 0.8,
            "eps_latest_yearly": 0.8,
            "eps_growth_yearly": -133.33
        },
        "20083": {
            "year_quarter": 20083,
            "year": 2008,
            "quarter": 3,
            "eps": -0.07,
            "eps_growth_year": null,
            "eps_4q": -0.33,
            "eps_4q_growth_year": null,
            "roe": -0.63,
            "roe_4q": -5.99,
            "gross_profit": 0,
            "gross_margin": null,
            "gross_margin_4q_avg": 0,
            "net_income": -2402,
            "revenue": 0,
            "common_shares": 452100,
            "book_valuer_per_share": 8.47,
            "book_valuer_per_share_4q_avg": 8.19,
            "equity": 382879,
            "current_ratio": 170.12,
            "debt_ratio": 57.74,
            "inventory_turnover_ratio": 0,
            "account_receivable_turnover_ratio": null,
            "reinvestment_rate": null,
            "research_to_sale_ratio": null,
            "price_fair": 2.4,
            "eps_avg_yearly": 0.8,
            "eps_latest_yearly": 0.8,
            "eps_growth_yearly": -133.33
        },
        "20084": {
            "year_quarter": 20084,
            "year": 2008,
            "quarter": 4,
            "eps": -0.11,
            "eps_growth_year": null,
            "eps_4q": -0.25,
            "eps_4q_growth_year": null,
            "roe": -1.13,
            "roe_4q": -2.71,
            "gross_profit": 805,
            "gross_margin": 28.98,
            "gross_margin_4q_avg": 7.25,
            "net_income": -4307,
            "revenue": 2778,
            "common_shares": 452100,
            "book_valuer_per_share": 8.37,
            "book_valuer_per_share_4q_avg": 8.31,
            "equity": 378572,
            "current_ratio": 161.71,
            "debt_ratio": 60.83,
            "inventory_turnover_ratio": 0,
            "account_receivable_turnover_ratio": null,
            "reinvestment_rate": null,
            "research_to_sale_ratio": null,
            "price_fair": 2.4,
            "eps_avg_yearly": 0.8,
            "eps_latest_yearly": 0.8,
            "eps_growth_yearly": -133.33
        },
        "20091": {
            "year_quarter": 20091,
            "year": 2009,
            "quarter": 1,
            "eps": 0.17,
            "eps_growth_year": null,
            "eps_4q": -0.05,
            "eps_4q_growth_year": null,
            "roe": 1.96,
            "roe_4q": -0.7899999999999999,
            "gross_profit": 16647,
            "gross_margin": 22.97,
            "gross_margin_4q_avg": 12.99,
            "net_income": 7493,
            "revenue": 72471,
            "common_shares": 452100,
            "book_valuer_per_share": 8.54,
            "book_valuer_per_share_4q_avg": 8.48,
            "equity": 386065,
            "current_ratio": 167.19,
            "debt_ratio": 58.82,
            "inventory_turnover_ratio": 0.07,
            "account_receivable_turnover_ratio": 207.06,
            "reinvestment_rate": null,
            "research_to_sale_ratio": null,
            "price_fair": 2.4,
            "eps_avg_yearly": 0.8,
            "eps_latest_yearly": 0.8,
            "eps_growth_yearly": -133.33
        },
        "20092": {
            "year_quarter": 20092,
            "year": 2009,
            "quarter": 2,
            "eps": 0.98,
            "eps_growth_year": null,
            "eps_4q": 1,
            "eps_4q_growth_year": null,
            "roe": 10.9,
            "roe_4q": 11.1,
            "gross_profit": 63480,
            "gross_margin": 21.27,
            "gross_margin_4q_avg": 18.31,
            "net_income": 44507,
            "revenue": 298454,
            "common_shares": 452100,
            "book_valuer_per_share": 9.52,
            "book_valuer_per_share_4q_avg": 8.73,
            "equity": 430572,
            "current_ratio": 253.84,
            "debt_ratio": 38.61,
            "inventory_turnover_ratio": 0.37,
            "account_receivable_turnover_ratio": 93.12,
            "reinvestment_rate": null,
            "research_to_sale_ratio": null,
            "price_fair": 82.6,
            "eps_avg_yearly": 2.36,
            "eps_latest_yearly": 3.92,
            "eps_growth_yearly": 886.27
        },
        "20093": {
            "year_quarter": 20093,
            "year": 2009,
            "quarter": 3,
            "eps": 0.94,
            "eps_growth_year": null,
            "eps_4q": 1.99,
            "eps_4q_growth_year": null,
            "roe": 9.44,
            "roe_4q": 21.17,
            "gross_profit": 59372,
            "gross_margin": 22.04,
            "gross_margin_4q_avg": 23.82,
            "net_income": 42643,
            "revenue": 269423,
            "common_shares": 452100,
            "book_valuer_per_share": 10.47,
            "book_valuer_per_share_4q_avg": 9.23,
            "equity": 473215,
            "current_ratio": 339.86,
            "debt_ratio": 27.74,
            "inventory_turnover_ratio": 0.5,
            "account_receivable_turnover_ratio": 88.06,
            "reinvestment_rate": -19.03,
            "research_to_sale_ratio": null,
            "price_fair": 98.93,
            "eps_avg_yearly": 2.83,
            "eps_latest_yearly": 3.76,
            "eps_growth_yearly": 585.41
        },
        "20094": {
            "year_quarter": 20094,
            "year": 2009,
            "quarter": 4,
            "eps": 0.26,
            "eps_growth_year": null,
            "eps_4q": 2.36,
            "eps_4q_growth_year": null,
            "roe": 2.49,
            "roe_4q": 24.79,
            "gross_profit": 33212,
            "gross_margin": 22.53,
            "gross_margin_4q_avg": 22.2,
            "net_income": 11942,
            "revenue": 147385,
            "common_shares": 452100,
            "book_valuer_per_share": 10.73,
            "book_valuer_per_share_4q_avg": 9.82,
            "equity": 485157,
            "current_ratio": 374.21,
            "debt_ratio": 25.14,
            "inventory_turnover_ratio": 0.33,
            "account_receivable_turnover_ratio": null,
            "reinvestment_rate": -0.62,
            "research_to_sale_ratio": null,
            "price_fair": 83.3,
            "eps_avg_yearly": 2.38,
            "eps_latest_yearly": 1.04,
            "eps_growth_yearly": 366.72
        },
        "20101": {
            "year_quarter": 20101,
            "year": 2010,
            "quarter": 1,
            "eps": 0.54,
            "eps_growth_year": 217.65,
            "eps_4q": 2.73,
            "eps_4q_growth_year": null,
            "roe": 4.94,
            "roe_4q": 27.770000000000003,
            "gross_profit": 34646,
            "gross_margin": 22.3,
            "gross_margin_4q_avg": 22.04,
            "net_income": 24551,
            "revenue": 155390,
            "common_shares": 452100,
            "book_valuer_per_share": 11.27,
            "book_valuer_per_share_4q_avg": 10.5,
            "equity": 509708,
            "current_ratio": 476.2,
            "debt_ratio": 19,
            "inventory_turnover_ratio": 0.32,
            "account_receivable_turnover_ratio": 3107.8,
            "reinvestment_rate": 0.44,
            "research_to_sale_ratio": null,
            "price_fair": 81.76,
            "eps_avg_yearly": 2.34,
            "eps_latest_yearly": 2.16,
            "eps_growth_yearly": 379.53
        },
        "20102": {
            "year_quarter": 20102,
            "year": 2010,
            "quarter": 2,
            "eps": 0.06,
            "eps_growth_year": -94.05,
            "eps_4q": 1.81,
            "eps_4q_growth_year": 81.37,
            "roe": 0.52,
            "roe_4q": 17.39,
            "gross_profit": 10045,
            "gross_margin": 22.82,
            "gross_margin_4q_avg": 22.42,
            "net_income": 2638,
            "revenue": 44022,
            "common_shares": 452100,
            "book_valuer_per_share": 11.33,
            "book_valuer_per_share_4q_avg": 10.95,
            "equity": 512346,
            "current_ratio": 183.98,
            "debt_ratio": 51.24,
            "inventory_turnover_ratio": 0.06,
            "account_receivable_turnover_ratio": 880.44,
            "reinvestment_rate": 0.02,
            "research_to_sale_ratio": null,
            "price_fair": 69.53,
            "eps_avg_yearly": 1.99,
            "eps_latest_yearly": 0.24,
            "eps_growth_yearly": 257.01
        },
        "20103": {
            "year_quarter": 20103,
            "year": 2010,
            "quarter": 3,
            "eps": -0.06,
            "eps_growth_year": -106.8,
            "eps_4q": 0.64,
            "eps_4q_growth_year": -67.62,
            "roe": -0.59,
            "roe_4q": 7.36,
            "gross_profit": 2315,
            "gross_margin": 16.46,
            "gross_margin_4q_avg": 21.03,
            "net_income": -3531,
            "revenue": 14062,
            "common_shares": 552100,
            "book_valuer_per_share": 12.25,
            "book_valuer_per_share_4q_avg": 11.4,
            "equity": 676415,
            "current_ratio": 228.72,
            "debt_ratio": 41.55,
            "inventory_turnover_ratio": 0.01,
            "account_receivable_turnover_ratio": null,
            "reinvestment_rate": 0.71,
            "research_to_sale_ratio": null,
            "price_fair": 77.84,
            "eps_avg_yearly": 2.22,
            "eps_latest_yearly": 0.24,
            "eps_growth_yearly": 335.08
        },
        "20104": {
            "year_quarter": 20104,
            "year": 2010,
            "quarter": 4,
            "eps": -0.08,
            "eps_growth_year": -130.27,
            "eps_4q": 0.35,
            "eps_4q_growth_year": -85.16,
            "roe": -0.64,
            "roe_4q": 4.23,
            "gross_profit": 597,
            "gross_margin": 100,
            "gross_margin_4q_avg": 40.4,
            "net_income": -4345,
            "revenue": 597,
            "common_shares": 552100,
            "book_valuer_per_share": 12.17,
            "book_valuer_per_share_4q_avg": 11.76,
            "equity": 672070,
            "current_ratio": 279,
            "debt_ratio": 54.34,
            "inventory_turnover_ratio": 0,
            "account_receivable_turnover_ratio": null,
            "reinvestment_rate": 1.89,
            "research_to_sale_ratio": null,
            "price_fair": 77.84,
            "eps_avg_yearly": 2.22,
            "eps_latest_yearly": 0.24,
            "eps_growth_yearly": 335.08
        },
        "20111": {
            "year_quarter": 20111,
            "year": 2011,
            "quarter": 1,
            "eps": 0.24,
            "eps_growth_year": -55.56,
            "eps_4q": 0.14,
            "eps_4q_growth_year": -94.76,
            "roe": 1.91,
            "roe_4q": 1.2000000000000002,
            "gross_profit": 21374,
            "gross_margin": 39.21,
            "gross_margin_4q_avg": 44.62,
            "net_income": 13147,
            "revenue": 54509,
            "common_shares": 552100,
            "book_valuer_per_share": 12.72,
            "book_valuer_per_share_4q_avg": 12.12,
            "equity": 702287,
            "current_ratio": 330.05,
            "debt_ratio": 49.01,
            "inventory_turnover_ratio": 0.03,
            "account_receivable_turnover_ratio": 9.24,
            "reinvestment_rate": 2.18,
            "research_to_sale_ratio": null,
            "price_fair": 77.84,
            "eps_avg_yearly": 2.22,
            "eps_latest_yearly": 0.24,
            "eps_growth_yearly": 335.08
        },
        "20112": {
            "year_quarter": 20112,
            "year": 2011,
            "quarter": 2,
            "eps": 0.75,
            "eps_growth_year": 1187.15,
            "eps_4q": 0.85,
            "eps_4q_growth_year": -53.2,
            "roe": 5.74,
            "roe_4q": 6.420000000000001,
            "gross_profit": 50298,
            "gross_margin": 42.24,
            "gross_margin_4q_avg": 49.48,
            "net_income": 41478,
            "revenue": 119072,
            "common_shares": 552265,
            "book_valuer_per_share": 13.47,
            "book_valuer_per_share_4q_avg": 12.65,
            "equity": 744052,
            "current_ratio": 289.56,
            "debt_ratio": 50.06,
            "inventory_turnover_ratio": 0.06,
            "account_receivable_turnover_ratio": 14.06,
            "reinvestment_rate": 0.65,
            "research_to_sale_ratio": null,
            "price_fair": 82.37,
            "eps_avg_yearly": 2.35,
            "eps_latest_yearly": 3,
            "eps_growth_yearly": 420.9
        },
        "20113": {
            "year_quarter": 20113,
            "year": 2011,
            "quarter": 3,
            "eps": 0.39,
            "eps_growth_year": null,
            "eps_4q": 1.3,
            "eps_4q_growth_year": 101.27,
            "roe": 2.83,
            "roe_4q": 9.84,
            "gross_profit": 32393,
            "gross_margin": 36.87,
            "gross_margin_4q_avg": 54.58,
            "net_income": 21394,
            "revenue": 87852,
            "common_shares": 552265,
            "book_valuer_per_share": 13.86,
            "book_valuer_per_share_4q_avg": 13.06,
            "equity": 765446,
            "current_ratio": 253.37,
            "debt_ratio": 53.12,
            "inventory_turnover_ratio": 0.04,
            "account_receivable_turnover_ratio": 13.28,
            "reinvestment_rate": 2.32,
            "research_to_sale_ratio": null,
            "price_fair": 78.4,
            "eps_avg_yearly": 2.24,
            "eps_latest_yearly": 1.56,
            "eps_growth_yearly": 333.34
        },
        "20114": {
            "year_quarter": 20114,
            "year": 2011,
            "quarter": 4,
            "eps": 0.09,
            "eps_growth_year": null,
            "eps_4q": 1.46,
            "eps_4q_growth_year": 317.94,
            "roe": 0.61,
            "roe_4q": 11.09,
            "gross_profit": 19045,
            "gross_margin": 35.12,
            "gross_margin_4q_avg": 38.36,
            "net_income": 4721,
            "revenue": 54221,
            "common_shares": 552265,
            "book_valuer_per_share": 13.94,
            "book_valuer_per_share_4q_avg": 13.5,
            "equity": 769971,
            "current_ratio": 240.4,
            "debt_ratio": 54.89,
            "inventory_turnover_ratio": 0.03,
            "account_receivable_turnover_ratio": 12.44,
            "reinvestment_rate": 2.19,
            "research_to_sale_ratio": null,
            "price_fair": 70.18,
            "eps_avg_yearly": 2.01,
            "eps_latest_yearly": 0.36,
            "eps_growth_yearly": 253.21
        },
        "20121": {
            "year_quarter": 20121,
            "year": 2012,
            "quarter": 1,
            "eps": 0.09,
            "eps_growth_year": -62.5,
            "eps_4q": 1.26,
            "eps_4q_growth_year": 777,
            "roe": 0.6,
            "roe_4q": 9.780000000000001,
            "gross_profit": 10774,
            "gross_margin": 32.53,
            "gross_margin_4q_avg": 36.69,
            "net_income": 4737,
            "revenue": 33120,
            "common_shares": 575726,
            "book_valuer_per_share": 14.16,
            "book_valuer_per_share_4q_avg": 13.86,
            "equity": 815398,
            "current_ratio": 154.63,
            "debt_ratio": 62.1,
            "inventory_turnover_ratio": 0.01,
            "account_receivable_turnover_ratio": 106.84,
            "reinvestment_rate": 2.13,
            "research_to_sale_ratio": null,
            "price_fair": 63.78,
            "eps_avg_yearly": 1.82,
            "eps_latest_yearly": 0.36,
            "eps_growth_yearly": 225.08
        },
        "20122": {
            "year_quarter": 20122,
            "year": 2012,
            "quarter": 2,
            "eps": 1.2,
            "eps_growth_year": 59.15,
            "eps_4q": 1.67,
            "eps_4q_growth_year": 96.82,
            "roe": 9.14,
            "roe_4q": 13.18,
            "gross_profit": 109493,
            "gross_margin": 29.55,
            "gross_margin_4q_avg": 33.52,
            "net_income": 78332,
            "revenue": 370562,
            "common_shares": 582979,
            "book_valuer_per_share": 15.4,
            "book_valuer_per_share_4q_avg": 14.34,
            "equity": 898063,
            "current_ratio": 151.39,
            "debt_ratio": 63.91,
            "inventory_turnover_ratio": 0.13,
            "account_receivable_turnover_ratio": 3705.62,
            "reinvestment_rate": 1.43,
            "research_to_sale_ratio": null,
            "price_fair": 74.2,
            "eps_avg_yearly": 2.12,
            "eps_latest_yearly": 4.8,
            "eps_growth_yearly": 695.9
        },
        "20123": {
            "year_quarter": 20123,
            "year": 2012,
            "quarter": 3,
            "eps": 2.24,
            "eps_growth_year": 478.45,
            "eps_4q": 3.51,
            "eps_4q_growth_year": 170.47,
            "roe": 15.25,
            "roe_4q": 25.6,
            "gross_profit": 202172,
            "gross_margin": 33.14,
            "gross_margin_4q_avg": 32.59,
            "net_income": 154974,
            "revenue": 610119,
            "common_shares": 691586,
            "book_valuer_per_share": 16.41,
            "book_valuer_per_share_4q_avg": 14.98,
            "equity": 1134714,
            "current_ratio": 214.26,
            "debt_ratio": 51.64,
            "inventory_turnover_ratio": 0.2,
            "account_receivable_turnover_ratio": 6101.19,
            "reinvestment_rate": 0.95,
            "research_to_sale_ratio": null,
            "price_fair": 95.96,
            "eps_avg_yearly": 2.74,
            "eps_latest_yearly": 8.96,
            "eps_growth_yearly": 664.16
        },
        "20124": {
            "year_quarter": 20124,
            "year": 2012,
            "quarter": 4,
            "eps": 0.6,
            "eps_growth_year": 600.52,
            "eps_4q": 3.17,
            "eps_4q_growth_year": 116.51,
            "roe": 4.08,
            "roe_4q": 29.07,
            "gross_profit": 87869,
            "gross_margin": 39.13,
            "gross_margin_4q_avg": 33.59,
            "net_income": 55542,
            "revenue": 224583,
            "common_shares": 927509,
            "book_valuer_per_share": 17.15,
            "book_valuer_per_share_4q_avg": 15.78,
            "equity": 1590851,
            "current_ratio": 252.28,
            "debt_ratio": 44.04,
            "inventory_turnover_ratio": 0.07,
            "account_receivable_turnover_ratio": 24.97,
            "reinvestment_rate": 0.85,
            "research_to_sale_ratio": null,
            "price_fair": 94.97,
            "eps_avg_yearly": 2.71,
            "eps_latest_yearly": 2.4,
            "eps_growth_yearly": 584.4
        },
        "20131": {
            "year_quarter": 20131,
            "year": 2013,
            "quarter": 1,
            "eps": 0.85,
            "eps_growth_year": 844.44,
            "eps_4q": 3.81,
            "eps_4q_growth_year": 203.09,
            "roe": 4.72,
            "roe_4q": 33.19,
            "gross_profit": 106748,
            "gross_margin": 31.46,
            "gross_margin_4q_avg": 33.32,
            "net_income": 78447,
            "revenue": 339288,
            "common_shares": 964590,
            "book_valuer_per_share": 17.96,
            "book_valuer_per_share_4q_avg": 16.73,
            "equity": 1732275,
            "current_ratio": 221.64,
            "debt_ratio": 47.09,
            "inventory_turnover_ratio": 0.1,
            "account_receivable_turnover_ratio": 26.26,
            "reinvestment_rate": 0.84,
            "research_to_sale_ratio": null,
            "price_fair": 96.82,
            "eps_avg_yearly": 2.77,
            "eps_latest_yearly": 3.4,
            "eps_growth_yearly": 552.27
        },
        "20132": {
            "year_quarter": 20132,
            "year": 2013,
            "quarter": 2,
            "eps": 1.13,
            "eps_growth_year": -5.46,
            "eps_4q": 3.54,
            "eps_4q_growth_year": 112.24,
            "roe": 6.17,
            "roe_4q": 30.22,
            "gross_profit": 159045,
            "gross_margin": 30.5,
            "gross_margin_4q_avg": 33.56,
            "net_income": 108630,
            "revenue": 521393,
            "common_shares": 1003245,
            "book_valuer_per_share": 17.83,
            "book_valuer_per_share_4q_avg": 17.34,
            "equity": 1789137,
            "current_ratio": 213.54,
            "debt_ratio": 46.5,
            "inventory_turnover_ratio": 0.16,
            "account_receivable_turnover_ratio": 130.19,
            "reinvestment_rate": 0.79,
            "research_to_sale_ratio": null,
            "price_fair": 98.43,
            "eps_avg_yearly": 2.81,
            "eps_latest_yearly": 4.52,
            "eps_growth_yearly": 415.8
        },
        "20133": {
            "year_quarter": 20133,
            "year": 2013,
            "quarter": 3,
            "eps": 0.36,
            "eps_growth_year": -83.93,
            "eps_4q": 2.41,
            "eps_4q_growth_year": -31.28,
            "roe": 2.34,
            "roe_4q": 17.310000000000002,
            "gross_profit": 79852,
            "gross_margin": 34.26,
            "gross_margin_4q_avg": 33.84,
            "net_income": 43448,
            "revenue": 233107,
            "common_shares": 1185884,
            "book_valuer_per_share": 16.23,
            "book_valuer_per_share_4q_avg": 17.29,
            "equity": 1924676,
            "current_ratio": 181.29,
            "debt_ratio": 54.06,
            "inventory_turnover_ratio": 0.05,
            "account_receivable_turnover_ratio": 621.62,
            "reinvestment_rate": 0.84,
            "research_to_sale_ratio": null,
            "price_fair": 92.18,
            "eps_avg_yearly": 2.63,
            "eps_latest_yearly": 1.44,
            "eps_growth_yearly": 396.09
        },
        "20134": {
            "year_quarter": 20134,
            "year": 2013,
            "quarter": 4,
            "eps": 2.65,
            "eps_growth_year": 343.08,
            "eps_4q": 4.46,
            "eps_4q_growth_year": 40.97,
            "roe": 15.5,
            "roe_4q": 28.729999999999997,
            "gross_profit": 376881,
            "gross_margin": 44.08,
            "gross_margin_4q_avg": 35.08,
            "net_income": 338128,
            "revenue": 854931,
            "common_shares": 1274361,
            "book_valuer_per_share": 19.14,
            "book_valuer_per_share_4q_avg": 17.79,
            "equity": 2439549,
            "current_ratio": 234.92,
            "debt_ratio": 50.36,
            "inventory_turnover_ratio": 0.12,
            "account_receivable_turnover_ratio": 172.02,
            "reinvestment_rate": -0.24,
            "research_to_sale_ratio": null,
            "price_fair": 117.92,
            "eps_avg_yearly": 3.37,
            "eps_latest_yearly": 10.6,
            "eps_growth_yearly": 614.07
        },
        "20141": {
            "year_quarter": 20141,
            "year": 2014,
            "quarter": 1,
            "eps": 0.75,
            "eps_growth_year": -11.76,
            "eps_4q": 4.6,
            "eps_4q_growth_year": 20.79,
            "roe": 3.86,
            "roe_4q": 27.869999999999997,
            "gross_profit": 152114,
            "gross_margin": 27.97,
            "gross_margin_4q_avg": 34.2,
            "net_income": 95930,
            "revenue": 543783,
            "common_shares": 1274361,
            "book_valuer_per_share": 19.9,
            "book_valuer_per_share_4q_avg": 18.28,
            "equity": 2535609,
            "current_ratio": 191.32,
            "debt_ratio": 58.22,
            "inventory_turnover_ratio": 0.08,
            "account_receivable_turnover_ratio": 92.95,
            "reinvestment_rate": -0.19,
            "research_to_sale_ratio": null,
            "price_fair": 120.18,
            "eps_avg_yearly": 3.43,
            "eps_latest_yearly": 3,
            "eps_growth_yearly": 558.88
        },
        "20142": {
            "year_quarter": 20142,
            "year": 2014,
            "quarter": 2,
            "eps": 0.99,
            "eps_growth_year": -12.39,
            "eps_4q": 4.71,
            "eps_4q_growth_year": 33.21,
            "roe": 5.09,
            "roe_4q": 26.79,
            "gross_profit": 204260,
            "gross_margin": 38.93,
            "gross_margin_4q_avg": 36.31,
            "net_income": 125394,
            "revenue": 524688,
            "common_shares": 1279842,
            "book_valuer_per_share": 18.65,
            "book_valuer_per_share_4q_avg": 18.48,
            "equity": 2386778,
            "current_ratio": 168.35,
            "debt_ratio": 64.49,
            "inventory_turnover_ratio": 0.05,
            "account_receivable_turnover_ratio": 18.27,
            "reinvestment_rate": -0.04,
            "research_to_sale_ratio": null,
            "price_fair": 130.2,
            "eps_avg_yearly": 3.72,
            "eps_latest_yearly": 3.96,
            "eps_growth_yearly": 596.07
        },
        "20143": {
            "year_quarter": 20143,
            "year": 2014,
            "quarter": 3,
            "eps": 3.65,
            "eps_growth_year": 913.89,
            "eps_4q": 7.94,
            "eps_4q_growth_year": 229.21,
            "roe": 17.52,
            "roe_4q": 41.97,
            "gross_profit": 542386,
            "gross_margin": 49.87,
            "gross_margin_4q_avg": 40.21,
            "net_income": 466936,
            "revenue": 1087540,
            "common_shares": 1292449,
            "book_valuer_per_share": 22.78,
            "book_valuer_per_share_4q_avg": 20.12,
            "equity": 2944290,
            "current_ratio": 227.26,
            "debt_ratio": 55.31,
            "inventory_turnover_ratio": 0.09,
            "account_receivable_turnover_ratio": 39.2,
            "reinvestment_rate": -0.03,
            "research_to_sale_ratio": null,
            "price_fair": 157.4,
            "eps_avg_yearly": 4.5,
            "eps_latest_yearly": 14.6,
            "eps_growth_yearly": 630.27
        },
        "20144": {
            "year_quarter": 20144,
            "year": 2014,
            "quarter": 4,
            "eps": 0.96,
            "eps_growth_year": -63.79,
            "eps_4q": 5.95,
            "eps_4q_growth_year": 33.43,
            "roe": 4.29,
            "roe_4q": 30.759999999999998,
            "gross_profit": 192464,
            "gross_margin": 49.27,
            "gross_margin_4q_avg": 41.51,
            "net_income": 132420,
            "revenue": 390607,
            "common_shares": 1378321,
            "book_valuer_per_share": 23.48,
            "book_valuer_per_share_4q_avg": 21.2,
            "equity": 3236232,
            "current_ratio": 216.37,
            "debt_ratio": 54.32,
            "inventory_turnover_ratio": 0.04,
            "account_receivable_turnover_ratio": 116.08,
            "reinvestment_rate": 0.19,
            "research_to_sale_ratio": null,
            "price_fair": 155.87,
            "eps_avg_yearly": 4.45,
            "eps_latest_yearly": 3.84,
            "eps_growth_yearly": 568.59
        },
        "20151": {
            "year_quarter": 20151,
            "year": 2015,
            "quarter": 1,
            "eps": 0.28,
            "eps_growth_year": -62.67,
            "eps_4q": 5.27,
            "eps_4q_growth_year": 14.66,
            "roe": 1.16,
            "roe_4q": 28.06,
            "gross_profit": 72656,
            "gross_margin": 48.11,
            "gross_margin_4q_avg": 46.55,
            "net_income": 38358,
            "revenue": 151027,
            "common_shares": 1446987,
            "book_valuer_per_share": 23.52,
            "book_valuer_per_share_4q_avg": 22.11,
            "equity": 3403906,
            "current_ratio": 213.8,
            "debt_ratio": 52.84,
            "inventory_turnover_ratio": 0.01,
            "account_receivable_turnover_ratio": 46.63,
            "reinvestment_rate": 0.44,
            "research_to_sale_ratio": null,
            "price_fair": 148.58,
            "eps_avg_yearly": 4.25,
            "eps_latest_yearly": 1.12,
            "eps_growth_yearly": 515.35
        },
        "20152": {
            "year_quarter": 20152,
            "year": 2015,
            "quarter": 2,
            "eps": 0.16,
            "eps_growth_year": -83.84,
            "eps_4q": 3.21,
            "eps_4q_growth_year": -31.76,
            "roe": 0.69,
            "roe_4q": 23.66,
            "gross_profit": 68860,
            "gross_margin": 45.99,
            "gross_margin_4q_avg": 48.31,
            "net_income": 23782,
            "revenue": 149739,
            "common_shares": 1548820,
            "book_valuer_per_share": 22.45,
            "book_valuer_per_share_4q_avg": 23.06,
            "equity": 3477609,
            "current_ratio": 203.29,
            "debt_ratio": 52.42,
            "inventory_turnover_ratio": 0.01,
            "account_receivable_turnover_ratio": 1380.08,
            "reinvestment_rate": 0.41,
            "research_to_sale_ratio": null,
            "price_fair": 143.41,
            "eps_avg_yearly": 4.1,
            "eps_latest_yearly": 0.64,
            "eps_growth_yearly": 451.51
        },
        "20153": {
            "year_quarter": 20153,
            "year": 2015,
            "quarter": 3,
            "eps": 0.49,
            "eps_growth_year": -86.58,
            "eps_4q": 1.52,
            "eps_4q_growth_year": -80.89,
            "roe": 3.33,
            "roe_4q": 9.469999999999999,
            "gross_profit": 7230,
            "gross_margin": 43.92,
            "gross_margin_4q_avg": 46.82,
            "net_income": 117789,
            "revenue": 16460,
            "common_shares": 2057646,
            "book_valuer_per_share": 17.47,
            "book_valuer_per_share_4q_avg": 21.73,
            "equity": 3595405,
            "current_ratio": 210.49,
            "debt_ratio": 51.12,
            "inventory_turnover_ratio": 0,
            "account_receivable_turnover_ratio": 391.9,
            "reinvestment_rate": 0.38,
            "research_to_sale_ratio": null,
            "price_fair": 144.29,
            "eps_avg_yearly": 4.12,
            "eps_latest_yearly": 1.96,
            "eps_growth_yearly": 515.07
        },
        "20154": {
            "year_quarter": 20154,
            "year": 2015,
            "quarter": 4,
            "eps": 0.44,
            "eps_growth_year": -54.65,
            "eps_4q": 1.31,
            "eps_4q_growth_year": -78,
            "roe": 2.46,
            "roe_4q": 7.640000000000001,
            "gross_profit": 172916,
            "gross_margin": 28.18,
            "gross_margin_4q_avg": 41.55,
            "net_income": 89641,
            "revenue": 613587,
            "common_shares": 2057646,
            "book_valuer_per_share": 17.91,
            "book_valuer_per_share_4q_avg": 20.34,
            "equity": 3684924,
            "current_ratio": 208.5,
            "debt_ratio": 47.71,
            "inventory_turnover_ratio": 0.07,
            "account_receivable_turnover_ratio": 95.57,
            "reinvestment_rate": 0.39,
            "research_to_sale_ratio": null,
            "price_fair": 147.35,
            "eps_avg_yearly": 4.21,
            "eps_latest_yearly": 1.76,
            "eps_growth_yearly": 531.75
        },
        "20161": {
            "year_quarter": 20161,
            "year": 2016,
            "quarter": 1,
            "eps": 0.1,
            "eps_growth_year": -64.29,
            "eps_4q": 1.23,
            "eps_4q_growth_year": -76.71,
            "roe": 0.58,
            "roe_4q": 7.0600000000000005,
            "gross_profit": 50141,
            "gross_margin": 35.49,
            "gross_margin_4q_avg": 38.4,
            "net_income": 21491,
            "revenue": 141288,
            "common_shares": 2057646,
            "book_valuer_per_share": 18.01,
            "book_valuer_per_share_4q_avg": 18.96,
            "equity": 3705966,
            "current_ratio": 221.18,
            "debt_ratio": 45.56,
            "inventory_turnover_ratio": 0.01,
            "account_receivable_turnover_ratio": 20.4,
            "reinvestment_rate": 0.38,
            "research_to_sale_ratio": null,
            "price_fair": 147.44,
            "eps_avg_yearly": 4.21,
            "eps_latest_yearly": 0.4,
            "eps_growth_yearly": 512.43
        },
        "20162": {
            "year_quarter": 20162,
            "year": 2016,
            "quarter": 2,
            "eps": 0.1,
            "eps_growth_year": -37.5,
            "eps_4q": 1.2,
            "eps_4q_growth_year": -62.55,
            "roe": 0.52,
            "roe_4q": 6.890000000000001,
            "gross_profit": 57747,
            "gross_margin": 32.6,
            "gross_margin_4q_avg": 35.05,
            "net_income": 18810,
            "revenue": 177137,
            "common_shares": 2057646,
            "book_valuer_per_share": 17.29,
            "book_valuer_per_share_4q_avg": 17.67,
            "equity": 3557460,
            "current_ratio": 204.99,
            "debt_ratio": 48.98,
            "inventory_turnover_ratio": 0.02,
            "account_receivable_turnover_ratio": 61.97,
            "reinvestment_rate": 0.35,
            "research_to_sale_ratio": null,
            "price_fair": 137.81,
            "eps_avg_yearly": 3.94,
            "eps_latest_yearly": 0.4,
            "eps_growth_yearly": 204.1
        },
        "20163": {
            "year_quarter": 20163,
            "year": 2016,
            "quarter": 3,
            "eps": -0.01,
            "eps_growth_year": -102.04,
            "eps_4q": 0.63,
            "eps_4q_growth_year": -58.56,
            "roe": -0.01,
            "roe_4q": 3.55,
            "gross_profit": 34664,
            "gross_margin": 31.66,
            "gross_margin_4q_avg": 31.98,
            "net_income": -508,
            "revenue": 109489,
            "common_shares": 2057646,
            "book_valuer_per_share": 17.29,
            "book_valuer_per_share_4q_avg": 17.63,
            "equity": 3557370,
            "current_ratio": 189.15,
            "debt_ratio": 50.5,
            "inventory_turnover_ratio": 0.01,
            "account_receivable_turnover_ratio": 46.59,
            "reinvestment_rate": 0.38,
            "research_to_sale_ratio": null,
            "price_fair": 126.09,
            "eps_avg_yearly": 3.6,
            "eps_latest_yearly": 0.4,
            "eps_growth_yearly": 194.6
        },
        "20164": {
            "year_quarter": 20164,
            "year": 2016,
            "quarter": 4,
            "eps": -0.05,
            "eps_growth_year": -111.66,
            "eps_4q": 0.14,
            "eps_4q_growth_year": -89.12,
            "roe": -0.29,
            "roe_4q": 0.8,
            "gross_profit": 26851,
            "gross_margin": 26.39,
            "gross_margin_4q_avg": 31.54,
            "net_income": -10455,
            "revenue": 101754,
            "common_shares": 2057646,
            "book_valuer_per_share": 17.24,
            "book_valuer_per_share_4q_avg": 17.46,
            "equity": 3546787,
            "current_ratio": 205.05,
            "debt_ratio": 51.99,
            "inventory_turnover_ratio": 0.01,
            "account_receivable_turnover_ratio": null,
            "reinvestment_rate": 0.38,
            "research_to_sale_ratio": null,
            "price_fair": 129.1,
            "eps_avg_yearly": 3.69,
            "eps_latest_yearly": 0.4,
            "eps_growth_yearly": 229.41
        },
        "20171": {
            "year_quarter": 20171,
            "year": 2017,
            "quarter": 1,
            "eps": 0.12,
            "eps_growth_year": 20,
            "eps_4q": 0.16,
            "eps_4q_growth_year": -87.03,
            "roe": 0.7,
            "roe_4q": 0.9199999999999999,
            "gross_profit": 61074,
            "gross_margin": 29.37,
            "gross_margin_4q_avg": 30.01,
            "net_income": 24938,
            "revenue": 207970,
            "common_shares": 2057646,
            "book_valuer_per_share": 17.36,
            "book_valuer_per_share_4q_avg": 17.3,
            "equity": 3571725,
            "current_ratio": 205.79,
            "debt_ratio": 51.82,
            "inventory_turnover_ratio": 0.02,
            "account_receivable_turnover_ratio": 894.49,
            "reinvestment_rate": 0.35,
            "research_to_sale_ratio": null,
            "price_fair": 129.88,
            "eps_avg_yearly": 3.71,
            "eps_latest_yearly": 0.4,
            "eps_growth_yearly": 234.24
        },
        "20172": {
            "year_quarter": 20172,
            "year": 2017,
            "quarter": 2,
            "eps": 0.08,
            "eps_growth_year": -20,
            "eps_4q": 0.14,
            "eps_4q_growth_year": -88.24,
            "roe": 0.42,
            "roe_4q": 0.8199999999999998,
            "gross_profit": 47350,
            "gross_margin": 28.54,
            "gross_margin_4q_avg": 28.99,
            "net_income": 15157,
            "revenue": 165920,
            "common_shares": 2057646,
            "book_valuer_per_share": 17.3,
            "book_valuer_per_share_4q_avg": 17.3,
            "equity": 3560357,
            "current_ratio": 204.8,
            "debt_ratio": 52.04,
            "inventory_turnover_ratio": 0.02,
            "account_receivable_turnover_ratio": 38.39,
            "reinvestment_rate": 0.14,
            "research_to_sale_ratio": null,
            "price_fair": 118.57,
            "eps_avg_yearly": 3.39,
            "eps_latest_yearly": 0.32,
            "eps_growth_yearly": 213.85
        },
        "20173": {
            "year_quarter": 20173,
            "year": 2017,
            "quarter": 3,
            "eps": 0.13,
            "eps_growth_year": null,
            "eps_4q": 0.28,
            "eps_4q_growth_year": -54.85,
            "roe": 0.81,
            "roe_4q": 1.64,
            "gross_profit": 65456,
            "gross_margin": 25.52,
            "gross_margin_4q_avg": 27.46,
            "net_income": 28798,
            "revenue": 256439,
            "common_shares": 2057646,
            "book_valuer_per_share": 17.44,
            "book_valuer_per_share_4q_avg": 17.34,
            "equity": 3589203,
            "current_ratio": 191.34,
            "debt_ratio": 55.02,
            "inventory_turnover_ratio": 0.03,
            "account_receivable_turnover_ratio": 24.37,
            "reinvestment_rate": 0.13,
            "research_to_sale_ratio": null,
            "price_fair": 116.09,
            "eps_avg_yearly": 3.32,
            "eps_latest_yearly": 0.52,
            "eps_growth_yearly": 254.05
        },
        "20174": {
            "year_quarter": 20174,
            "year": 2017,
            "quarter": 4,
            "eps": 0.08,
            "eps_growth_year": null,
            "eps_4q": 0.42,
            "eps_4q_growth_year": 191.25,
            "roe": 0.46,
            "roe_4q": 2.3899999999999997,
            "gross_profit": 70452,
            "gross_margin": 28.21,
            "gross_margin_4q_avg": 27.91,
            "net_income": 16555,
            "revenue": 249748,
            "common_shares": 2057646,
            "book_valuer_per_share": 17.52,
            "book_valuer_per_share_4q_avg": 17.41,
            "equity": 3605662,
            "current_ratio": 205.54,
            "debt_ratio": 53.64,
            "inventory_turnover_ratio": 0.02,
            "account_receivable_turnover_ratio": 23.41,
            "reinvestment_rate": 0.11,
            "research_to_sale_ratio": null,
            "price_fair": 88.42,
            "eps_avg_yearly": 2.53,
            "eps_latest_yearly": 0.32,
            "eps_growth_yearly": 46.49
        },
        "20181": {
            "year_quarter": 20181,
            "year": 2018,
            "quarter": 1,
            "eps": 0.42,
            "eps_growth_year": 250,
            "eps_4q": 0.71,
            "eps_4q_growth_year": 345.24,
            "roe": 2.34,
            "roe_4q": 4.03,
            "gross_profit": 141116,
            "gross_margin": 12.6,
            "gross_margin_4q_avg": 23.72,
            "net_income": 85461,
            "revenue": 1120200,
            "common_shares": 2057646,
            "book_valuer_per_share": 17.95,
            "book_valuer_per_share_4q_avg": 17.55,
            "equity": 3694019,
            "current_ratio": 225.32,
            "debt_ratio": 49.79,
            "inventory_turnover_ratio": 0.14,
            "account_receivable_turnover_ratio": 226.35,
            "reinvestment_rate": -0.56,
            "research_to_sale_ratio": null,
            "price_fair": 84.86,
            "eps_avg_yearly": 2.42,
            "eps_latest_yearly": 1.68,
            "eps_growth_yearly": 199.32
        },
        "20182": {
            "year_quarter": 20182,
            "year": 2018,
            "quarter": 2,
            "eps": 0.12,
            "eps_growth_year": 50,
            "eps_4q": 0.74,
            "eps_4q_growth_year": 419.54,
            "roe": 0.66,
            "roe_4q": 4.27,
            "gross_profit": 67271,
            "gross_margin": 26.04,
            "gross_margin_4q_avg": 23.09,
            "net_income": 24491,
            "revenue": 258342,
            "common_shares": 2057646,
            "book_valuer_per_share": 17.96,
            "book_valuer_per_share_4q_avg": 17.72,
            "equity": 3695485,
            "current_ratio": 220.35,
            "debt_ratio": 50.47,
            "inventory_turnover_ratio": 0.03,
            "account_receivable_turnover_ratio": 250.7,
            "reinvestment_rate": 2.98,
            "research_to_sale_ratio": null,
            "price_fair": 75.49,
            "eps_avg_yearly": 2.16,
            "eps_latest_yearly": 0.48,
            "eps_growth_yearly": 167.49
        },
        "20183": {
            "year_quarter": 20183,
            "year": 2018,
            "quarter": 3,
            "eps": 0.14,
            "eps_growth_year": 7.69,
            "eps_4q": 0.74,
            "eps_4q_growth_year": 160.23,
            "roe": 0.8,
            "roe_4q": 4.26,
            "gross_profit": 73747,
            "gross_margin": 24.94,
            "gross_margin_4q_avg": 22.95,
            "net_income": 29540,
            "revenue": 295667,
            "common_shares": 2111382,
            "book_valuer_per_share": 17.64,
            "book_valuer_per_share_4q_avg": 17.77,
            "equity": 3725015,
            "current_ratio": 207.91,
            "debt_ratio": 51.88,
            "inventory_turnover_ratio": 0.03,
            "account_receivable_turnover_ratio": 40.9,
            "reinvestment_rate": 30.77,
            "research_to_sale_ratio": null,
            "price_fair": 37.69,
            "eps_avg_yearly": 1.08,
            "eps_latest_yearly": 0.56,
            "eps_growth_yearly": 89.95
        },
        "20184": {
            "year_quarter": 20184,
            "year": 2018,
            "quarter": 4,
            "eps": 0.03,
            "eps_growth_year": -65.17,
            "eps_4q": 0.69,
            "eps_4q_growth_year": 65.84,
            "roe": 0.16,
            "roe_4q": 3.96,
            "gross_profit": 72757,
            "gross_margin": 25.32,
            "gross_margin_4q_avg": 22.23,
            "net_income": 5916,
            "revenue": 287311,
            "common_shares": 2111382,
            "book_valuer_per_share": 17.67,
            "book_valuer_per_share_4q_avg": 17.81,
            "equity": 3730770,
            "current_ratio": 190.67,
            "debt_ratio": 55.75,
            "inventory_turnover_ratio": 0.03,
            "account_receivable_turnover_ratio": 38.59,
            "reinvestment_rate": 36.13,
            "research_to_sale_ratio": null,
            "price_fair": 27.68,
            "eps_avg_yearly": 0.79,
            "eps_latest_yearly": 0.12,
            "eps_growth_yearly": 88.45
        },
        "20191": {
            "year_quarter": 20191,
            "year": 2019,
            "quarter": 1,
            "eps": 0.06,
            "eps_growth_year": -85.71,
            "eps_4q": 0.34,
            "eps_4q_growth_year": -51.83,
            "roe": 0.33,
            "roe_4q": 1.9500000000000002,
            "gross_profit": 52722,
            "gross_margin": 26.68,
            "gross_margin_4q_avg": 25.75,
            "net_income": 12202,
            "revenue": 197631,
            "common_shares": 2111382,
            "book_valuer_per_share": 17.73,
            "book_valuer_per_share_4q_avg": 17.75,
            "equity": 3743013,
            "current_ratio": 191.68,
            "debt_ratio": 55.51,
            "inventory_turnover_ratio": 0.02,
            "account_receivable_turnover_ratio": 119.27,
            "reinvestment_rate": 35.89,
            "research_to_sale_ratio": null,
            "price_fair": 25.31,
            "eps_avg_yearly": 0.72,
            "eps_latest_yearly": 0.24,
            "eps_growth_yearly": 141.01
        },
        "20192": {
            "year_quarter": 20192,
            "year": 2019,
            "quarter": 2,
            "eps": 0.16,
            "eps_growth_year": 33.33,
            "eps_4q": 0.39,
            "eps_4q_growth_year": -46.95,
            "roe": 0.93,
            "roe_4q": 2.2199999999999998,
            "gross_profit": 106775,
            "gross_margin": 25.76,
            "gross_margin_4q_avg": 25.68,
            "net_income": 34726,
            "revenue": 414572,
            "common_shares": 2111382,
            "book_valuer_per_share": 17.59,
            "book_valuer_per_share_4q_avg": 17.66,
            "equity": 3713611,
            "current_ratio": 191.39,
            "debt_ratio": 55.76,
            "inventory_turnover_ratio": 0.04,
            "account_receivable_turnover_ratio": 31.52,
            "reinvestment_rate": 31.28,
            "research_to_sale_ratio": null,
            "price_fair": 25.31,
            "eps_avg_yearly": 0.72,
            "eps_latest_yearly": 0.64,
            "eps_growth_yearly": 205.48
        },
        "20193": {
            "year_quarter": 20193,
            "year": 2019,
            "quarter": 3,
            "eps": -0.14,
            "eps_growth_year": -200,
            "eps_4q": 0.11,
            "eps_4q_growth_year": -85.07,
            "roe": -0.8,
            "roe_4q": 0.62,
            "gross_profit": 45270,
            "gross_margin": 24.96,
            "gross_margin_4q_avg": 25.68,
            "net_income": -29539,
            "revenue": 181339,
            "common_shares": 2111382,
            "book_valuer_per_share": 17.45,
            "book_valuer_per_share_4q_avg": 17.61,
            "equity": 3684072,
            "current_ratio": 191.59,
            "debt_ratio": 55.93,
            "inventory_turnover_ratio": 0.02,
            "account_receivable_turnover_ratio": 10.49,
            "reinvestment_rate": 35.33,
            "research_to_sale_ratio": null,
            "price_fair": 21.7,
            "eps_avg_yearly": 0.62,
            "eps_latest_yearly": 0.64,
            "eps_growth_yearly": 153.85
        },
        "20194": {
            "year_quarter": 20194,
            "year": 2019,
            "quarter": 4,
            "eps": -0.76,
            "eps_growth_year": -2824.04,
            "eps_4q": -0.68,
            "eps_4q_growth_year": -198.87,
            "roe": -4.47,
            "roe_4q": -4.01,
            "gross_profit": 43271,
            "gross_margin": 23.46,
            "gross_margin_4q_avg": 25.22,
            "net_income": -161157,
            "revenue": 184444,
            "common_shares": 2111382,
            "book_valuer_per_share": 16.69,
            "book_valuer_per_share_4q_avg": 17.37,
            "equity": 3522922,
            "current_ratio": 192.36,
            "debt_ratio": 60.71,
            "inventory_turnover_ratio": 0.02,
            "account_receivable_turnover_ratio": 31.76,
            "reinvestment_rate": -13.92,
            "research_to_sale_ratio": null,
            "price_fair": 18.07,
            "eps_avg_yearly": 0.52,
            "eps_latest_yearly": 0.64,
            "eps_growth_yearly": 171.55
        },
        "20201": {
            "year_quarter": 20201,
            "year": 2020,
            "quarter": 1,
            "eps": -0.11,
            "eps_growth_year": -283.33,
            "eps_4q": -0.85,
            "eps_4q_growth_year": -348.27,
            "roe": -0.66,
            "roe_4q": -5,
            "gross_profit": 9553,
            "gross_margin": 19.47,
            "gross_margin_4q_avg": 23.41,
            "net_income": -23156,
            "revenue": 49058,
            "common_shares": 2111382,
            "book_valuer_per_share": 16.58,
            "book_valuer_per_share_4q_avg": 17.08,
            "equity": 3499766,
            "current_ratio": 183.55,
            "debt_ratio": 62.31,
            "inventory_turnover_ratio": 0.01,
            "account_receivable_turnover_ratio": 82.66,
            "reinvestment_rate": -19.37,
            "research_to_sale_ratio": null,
            "price_fair": 18.48,
            "eps_avg_yearly": 0.53,
            "eps_latest_yearly": 0.64,
            "eps_growth_yearly": 219.62
        },
        "20202": {
            "year_quarter": 20202,
            "year": 2020,
            "quarter": 2,
            "eps": -0.1,
            "eps_growth_year": -162.5,
            "eps_4q": -1.11,
            "eps_4q_growth_year": -384.82,
            "roe": -0.6,
            "roe_4q": -6.529999999999999,
            "gross_profit": 11252,
            "gross_margin": 16.86,
            "gross_margin_4q_avg": 21.19,
            "net_income": -20790,
            "revenue": 66752,
            "common_shares": 2111382,
            "book_valuer_per_share": 16.48,
            "book_valuer_per_share_4q_avg": 16.8,
            "equity": 3478976,
            "current_ratio": 158.99,
            "debt_ratio": 69,
            "inventory_turnover_ratio": 0.01,
            "account_receivable_turnover_ratio": 82.11,
            "reinvestment_rate": -28.56,
            "research_to_sale_ratio": null,
            "price_fair": 18.98,
            "eps_avg_yearly": 0.54,
            "eps_latest_yearly": 0.64,
            "eps_growth_yearly": 244.02
        },
        "20203": {
            "year_quarter": 20203,
            "year": 2020,
            "quarter": 3,
            "eps": -0.13,
            "eps_growth_year": null,
            "eps_4q": -1.1,
            "eps_4q_growth_year": -1096.71,
            "roe": -0.78,
            "roe_4q": -6.51,
            "gross_profit": 8760,
            "gross_margin": 26.23,
            "gross_margin_4q_avg": 21.51,
            "net_income": -27180,
            "revenue": 33394,
            "common_shares": 2111382,
            "book_valuer_per_share": 16.35,
            "book_valuer_per_share_4q_avg": 16.53,
            "equity": 3451796,
            "current_ratio": 156.89,
            "debt_ratio": 70.11,
            "inventory_turnover_ratio": 0,
            "account_receivable_turnover_ratio": 28.2,
            "reinvestment_rate": -162.72,
            "research_to_sale_ratio": null,
            "price_fair": 18.98,
            "eps_avg_yearly": 0.54,
            "eps_latest_yearly": 0.64,
            "eps_growth_yearly": 244.02
        },
        "20204": {
            "year_quarter": 20204,
            "year": 2020,
            "quarter": 4,
            "eps": -0.16,
            "eps_growth_year": null,
            "eps_4q": -0.5,
            "eps_4q_growth_year": null,
            "roe": -1.01,
            "roe_4q": -3.0500000000000003,
            "gross_profit": 15813,
            "gross_margin": 22.34,
            "gross_margin_4q_avg": 21.23,
            "net_income": -34790,
            "revenue": 70789,
            "common_shares": 2111382,
            "book_valuer_per_share": 16.18,
            "book_valuer_per_share_4q_avg": 16.4,
            "equity": 3416780,
            "current_ratio": 144.04,
            "debt_ratio": 71.18,
            "inventory_turnover_ratio": 0.01,
            "account_receivable_turnover_ratio": 116.05,
            "reinvestment_rate": null,
            "research_to_sale_ratio": null,
            "price_fair": 18.98,
            "eps_avg_yearly": 0.54,
            "eps_latest_yearly": 0.64,
            "eps_growth_yearly": 244.02
        },
        "20211": {
            "year_quarter": 20211,
            "year": 2021,
            "quarter": 1,
            "eps": -0.07,
            "eps_growth_year": null,
            "eps_4q": -0.47,
            "eps_4q_growth_year": null,
            "roe": -0.46,
            "roe_4q": -2.85,
            "gross_profit": 20328,
            "gross_margin": 18.45,
            "gross_margin_4q_avg": 20.97,
            "net_income": -15615,
            "revenue": 110171,
            "common_shares": 2111382,
            "book_valuer_per_share": 16.11,
            "book_valuer_per_share_4q_avg": 16.28,
            "equity": 3401165,
            "current_ratio": 143.1,
            "debt_ratio": 71.59,
            "inventory_turnover_ratio": 0.01,
            "account_receivable_turnover_ratio": 125.69,
            "reinvestment_rate": null,
            "research_to_sale_ratio": null,
            "price_fair": 18.98,
            "eps_avg_yearly": 0.54,
            "eps_latest_yearly": 0.64,
            "eps_growth_yearly": 244.02
        },
        "20212": {
            "year_quarter": 20212,
            "year": 2021,
            "quarter": 2,
            "eps": 0.26,
            "eps_growth_year": null,
            "eps_4q": -0.11,
            "eps_4q_growth_year": null,
            "roe": 1.6,
            "roe_4q": -0.6499999999999999,
            "gross_profit": 113622,
            "gross_margin": 25.11,
            "gross_margin_4q_avg": 23.03,
            "net_income": 54933,
            "revenue": 452536,
            "common_shares": 2111382,
            "book_valuer_per_share": 16.37,
            "book_valuer_per_share_4q_avg": 16.25,
            "equity": 3456098,
            "current_ratio": 141.81,
            "debt_ratio": 72.14,
            "inventory_turnover_ratio": 0.03,
            "account_receivable_turnover_ratio": 331.89,
            "reinvestment_rate": null,
            "research_to_sale_ratio": null,
            "price_fair": 19.95,
            "eps_avg_yearly": 0.57,
            "eps_latest_yearly": 0.64,
            "eps_growth_yearly": 291.19
        },
        "20213": {
            "year_quarter": 20213,
            "year": 2021,
            "quarter": 3,
            "eps": 0.22,
            "eps_growth_year": null,
            "eps_4q": 0.24,
            "eps_4q_growth_year": null,
            "roe": 1.35,
            "roe_4q": 1.4800000000000002,
            "gross_profit": 99239,
            "gross_margin": 25.13,
            "gross_margin_4q_avg": 22.76,
            "net_income": 46448,
            "revenue": 394882,
            "common_shares": 2111382,
            "book_valuer_per_share": 16.29,
            "book_valuer_per_share_4q_avg": 16.24,
            "equity": 3439205,
            "current_ratio": 150.47,
            "debt_ratio": 72.51,
            "inventory_turnover_ratio": 0.03,
            "account_receivable_turnover_ratio": 527.56,
            "reinvestment_rate": null,
            "research_to_sale_ratio": null,
            "price_fair": 21.53,
            "eps_avg_yearly": 0.62,
            "eps_latest_yearly": 0.88,
            "eps_growth_yearly": 252.24
        },
        "20214": {
            "year_quarter": 20214,
            "year": 2021,
            "quarter": 4,
            "eps": 0.23,
            "eps_growth_year": null,
            "eps_4q": 0.63,
            "eps_4q_growth_year": null,
            "roe": 1.38,
            "roe_4q": 3.87,
            "gross_profit": 131302,
            "gross_margin": 27.26,
            "gross_margin_4q_avg": 23.99,
            "net_income": 47883,
            "revenue": 481602,
            "common_shares": 2111382,
            "book_valuer_per_share": 16.52,
            "book_valuer_per_share_4q_avg": 16.32,
            "equity": 3487196,
            "current_ratio": 149.42,
            "debt_ratio": 72.33,
            "inventory_turnover_ratio": 0.03,
            "account_receivable_turnover_ratio": 2204.13,
            "reinvestment_rate": -15.31,
            "research_to_sale_ratio": null,
            "price_fair": 24.15,
            "eps_avg_yearly": 0.69,
            "eps_latest_yearly": 0.92,
            "eps_growth_yearly": 273.75
        },
        "20221": {
            "year_quarter": 20221,
            "year": 2022,
            "quarter": 1,
            "eps": -0.05,
            "eps_growth_year": null,
            "eps_4q": 0.66,
            "eps_4q_growth_year": null,
            "roe": -0.3,
            "roe_4q": 4.029999999999999,
            "gross_profit": 26565,
            "gross_margin": 31.01,
            "gross_margin_4q_avg": 27.13,
            "net_income": -10470,
            "revenue": 85668,
            "common_shares": 2111382,
            "book_valuer_per_share": 16.47,
            "book_valuer_per_share_4q_avg": 16.41,
            "equity": 3476726,
            "current_ratio": 145.33,
            "debt_ratio": 73.41,
            "inventory_turnover_ratio": 0.01,
            "account_receivable_turnover_ratio": 396.61,
            "reinvestment_rate": null,
            "research_to_sale_ratio": null,
            "price_fair": 19.2,
            "eps_avg_yearly": 0.55,
            "eps_latest_yearly": 0.92,
            "eps_growth_yearly": 70
        },
        "20222": {
            "year_quarter": 20222,
            "year": 2022,
            "quarter": 2,
            "eps": -0.18,
            "eps_growth_year": -169.23,
            "eps_4q": 0.22,
            "eps_4q_growth_year": null,
            "roe": -1.11,
            "roe_4q": 1.3199999999999998,
            "gross_profit": 229,
            "gross_margin": 100,
            "gross_margin_4q_avg": 45.85,
            "net_income": -37790,
            "revenue": 229,
            "common_shares": 2111382,
            "book_valuer_per_share": 15.89,
            "book_valuer_per_share_4q_avg": 16.29,
            "equity": 3354481,
            "current_ratio": 142.78,
            "debt_ratio": 74.38,
            "inventory_turnover_ratio": 0,
            "account_receivable_turnover_ratio": 2.04,
            "reinvestment_rate": null,
            "research_to_sale_ratio": null,
            "price_fair": 19.6,
            "eps_avg_yearly": 0.56,
            "eps_latest_yearly": 0.92,
            "eps_growth_yearly": 129.28
        },
        "20223": {
            "year_quarter": 20223,
            "year": 2022,
            "quarter": 3,
            "eps": -0.21,
            "eps_growth_year": -195.45,
            "eps_4q": -0.22,
            "eps_4q_growth_year": -190,
            "roe": -1.37,
            "roe_4q": -1.4000000000000004,
            "gross_profit": 315,
            "gross_margin": 96.04,
            "gross_margin_4q_avg": 63.58,
            "net_income": -45500,
            "revenue": 328,
            "common_shares": 2111382,
            "book_valuer_per_share": 15.67,
            "book_valuer_per_share_4q_avg": 16.14,
            "equity": 3308981,
            "current_ratio": 139.54,
            "debt_ratio": 75.71,
            "inventory_turnover_ratio": 0,
            "account_receivable_turnover_ratio": 3.84,
            "reinvestment_rate": null,
            "research_to_sale_ratio": null,
            "price_fair": 19.6,
            "eps_avg_yearly": 0.56,
            "eps_latest_yearly": 0.92,
            "eps_growth_yearly": 141.8
        },
        "20224": {
            "year_quarter": 20224,
            "year": 2022,
            "quarter": 4,
            "eps": -0.24,
            "eps_growth_year": -205.35,
            "eps_4q": -0.68,
            "eps_4q_growth_year": -207.9,
            "roe": -1.54,
            "roe_4q": -4.32,
            "gross_profit": 295,
            "gross_margin": 95.47,
            "gross_margin_4q_avg": 80.63,
            "net_income": -50445,
            "revenue": 309,
            "common_shares": 2111382,
            "book_valuer_per_share": 15.43,
            "book_valuer_per_share_4q_avg": 15.87,
            "equity": 3258892,
            "current_ratio": 143.14,
            "debt_ratio": 76.79,
            "inventory_turnover_ratio": 0,
            "account_receivable_turnover_ratio": 3.43,
            "reinvestment_rate": null,
            "research_to_sale_ratio": null,
            "price_fair": 23.45,
            "eps_avg_yearly": 0.67,
            "eps_latest_yearly": 0.92,
            "eps_growth_yearly": 255.83
        },
        "20231": {
            "year_quarter": 20231,
            "year": 2023,
            "quarter": 1,
            "eps": -0.13,
            "eps_growth_year": null,
            "eps_4q": -0.77,
            "eps_4q_growth_year": -216.84,
            "roe": -0.88,
            "roe_4q": -4.9,
            "gross_profit": 23986,
            "gross_margin": 15.98,
            "gross_margin_4q_avg": 76.87,
            "net_income": -28430,
            "revenue": 150074,
            "common_shares": 2111382,
            "book_valuer_per_share": 15.3,
            "book_valuer_per_share_4q_avg": 15.57,
            "equity": 3230462,
            "current_ratio": 141.52,
            "debt_ratio": 77.39,
            "inventory_turnover_ratio": 0.01,
            "account_receivable_turnover_ratio": 22.08,
            "reinvestment_rate": null,
            "research_to_sale_ratio": null,
            "price_fair": 28.47,
            "eps_avg_yearly": 0.81,
            "eps_latest_yearly": 0.92,
            "eps_growth_yearly": 207.77
        }
    },
    "months": {
        "2003-07": {
            "month": "2003-07",
            "price": "22.35",
            "revenue": 10214
        },
        "2003-08": {
            "month": "2003-08",
            "price": "21.30",
            "revenue": 8568
        },
        "2003-09": {
            "month": "2003-09",
            "price": "18.81",
            "revenue": 1341
        },
        "2003-10": {
            "month": "2003-10",
            "price": "17.94",
            "revenue": 6082
        },
        "2003-11": {
            "month": "2003-11",
            "price": "14.84",
            "revenue": 2538
        },
        "2003-12": {
            "month": "2003-12",
            "price": "16.10",
            "revenue": 6378
        },
        "2004-01": {
            "month": "2004-01",
            "price": "16.79",
            "revenue": 1373
        },
        "2004-02": {
            "month": "2004-02",
            "price": "17.66",
            "revenue": 1873
        },
        "2004-03": {
            "month": "2004-03",
            "price": "14.77",
            "revenue": 3235
        },
        "2004-04": {
            "month": "2004-04",
            "price": "14.35",
            "revenue": 1117
        },
        "2004-05": {
            "month": "2004-05",
            "price": "10.83",
            "revenue": 2777
        },
        "2004-06": {
            "month": "2004-06",
            "price": "8.96",
            "revenue": 5892
        },
        "2004-07": {
            "month": "2004-07",
            "price": "8.78",
            "revenue": 3140
        },
        "2004-08": {
            "month": "2004-08",
            "price": "6.23",
            "revenue": 2390
        },
        "2004-09": {
            "month": "2004-09",
            "price": "2.94",
            "revenue": 2213
        },
        "2004-10": {
            "month": "2004-10",
            "price": "2.69",
            "revenue": 3306
        },
        "2004-11": {
            "month": "2004-11",
            "price": "2.56",
            "revenue": 3169
        },
        "2004-12": {
            "month": "2004-12",
            "price": "2.79",
            "revenue": 1594
        },
        "2005-01": {
            "month": "2005-01",
            "price": "3.07",
            "revenue": 1910
        },
        "2005-02": {
            "month": "2005-02",
            "price": "3.24",
            "revenue": 692
        },
        "2005-03": {
            "month": "2005-03",
            "price": "3.10",
            "revenue": 1653
        },
        "2005-04": {
            "month": "2005-04",
            "price": "3.14",
            "revenue": 2252
        },
        "2005-05": {
            "month": "2005-05",
            "price": "2.89",
            "revenue": 1170
        },
        "2005-06": {
            "month": "2005-06",
            "price": "3.13",
            "revenue": 1310
        },
        "2005-07": {
            "month": "2005-07",
            "price": "3.21",
            "revenue": 1715
        },
        "2005-08": {
            "month": "2005-08",
            "price": "2.67",
            "revenue": 1546
        },
        "2005-09": {
            "month": "2005-09",
            "price": "2.31",
            "revenue": 1495
        },
        "2005-10": {
            "month": "2005-10",
            "price": "2.66",
            "revenue": 1108
        },
        "2005-11": {
            "month": "2005-11",
            "price": "2.05",
            "revenue": 1055
        },
        "2005-12": {
            "month": "2005-12",
            "price": "2.16",
            "revenue": 1677
        },
        "2006-01": {
            "month": "2006-01",
            "price": "2.74",
            "revenue": 1592
        },
        "2006-02": {
            "month": "2006-02",
            "price": "6.48",
            "revenue": 1262
        },
        "2006-03": {
            "month": "2006-03",
            "price": "6.78",
            "revenue": 4377
        },
        "2006-04": {
            "month": "2006-04",
            "price": "6.44",
            "revenue": 3177
        },
        "2006-05": {
            "month": "2006-05",
            "price": "6.37",
            "revenue": 53258
        },
        "2006-06": {
            "month": "2006-06",
            "price": "6.10",
            "revenue": 7317
        },
        "2006-07": {
            "month": "2006-07",
            "price": "4.34",
            "revenue": 6253
        },
        "2006-08": {
            "month": "2006-08",
            "price": "4.97",
            "revenue": 23014
        },
        "2006-09": {
            "month": "2006-09",
            "price": "4.14",
            "revenue": 26615
        },
        "2006-10": {
            "month": "2006-10",
            "price": "5.25",
            "revenue": 9019
        },
        "2006-11": {
            "month": "2006-11",
            "price": "5.81",
            "revenue": 2028
        },
        "2006-12": {
            "month": "2006-12",
            "price": "6.35",
            "revenue": 2301
        },
        "2007-01": {
            "month": "2007-01",
            "price": "6.10",
            "revenue": 10466
        },
        "2007-02": {
            "month": "2007-02",
            "price": "7.93",
            "revenue": 10428
        },
        "2007-03": {
            "month": "2007-03",
            "price": "7.65",
            "revenue": 3429
        },
        "2007-04": {
            "month": "2007-04",
            "price": "8.06",
            "revenue": 2767
        },
        "2007-05": {
            "month": "2007-05",
            "price": "8.17",
            "revenue": 1666
        },
        "2007-06": {
            "month": "2007-06",
            "price": "7.95",
            "revenue": 1931
        },
        "2007-07": {
            "month": "2007-07",
            "price": "9.90",
            "revenue": 2178
        },
        "2007-08": {
            "month": "2007-08",
            "price": "8.27",
            "revenue": 345
        },
        "2007-09": {
            "month": "2007-09",
            "price": "13.11",
            "revenue": 646
        },
        "2007-10": {
            "month": "2007-10",
            "price": "12.17",
            "revenue": 0
        },
        "2007-11": {
            "month": "2007-11",
            "price": "10.52",
            "revenue": 0
        },
        "2007-12": {
            "month": "2007-12",
            "price": "9.88",
            "revenue": 0
        },
        "2008-01": {
            "month": "2008-01",
            "price": "9.23",
            "revenue": -2
        },
        "2008-02": {
            "month": "2008-02",
            "price": "9.89",
            "revenue": 0
        },
        "2008-03": {
            "month": "2008-03",
            "price": "10.92",
            "revenue": -4
        },
        "2008-04": {
            "month": "2008-04",
            "price": "12.12",
            "revenue": 0
        },
        "2008-05": {
            "month": "2008-05",
            "price": "12.02",
            "revenue": 0
        },
        "2008-06": {
            "month": "2008-06",
            "price": "12.12",
            "revenue": 0
        },
        "2008-07": {
            "month": "2008-07",
            "price": "10.89",
            "revenue": 0
        },
        "2008-08": {
            "month": "2008-08",
            "price": "10.05",
            "revenue": 0
        },
        "2008-09": {
            "month": "2008-09",
            "price": "9.31",
            "revenue": 0
        },
        "2008-10": {
            "month": "2008-10",
            "price": "8.37",
            "revenue": 0
        },
        "2008-11": {
            "month": "2008-11",
            "price": "7.56",
            "revenue": 0
        },
        "2008-12": {
            "month": "2008-12",
            "price": "6.95",
            "revenue": 2778
        },
        "2009-01": {
            "month": "2009-01",
            "price": "5.32",
            "revenue": 0
        },
        "2009-02": {
            "month": "2009-02",
            "price": "5.29",
            "revenue": 26102
        },
        "2009-03": {
            "month": "2009-03",
            "price": "7.29",
            "revenue": 46369
        },
        "2009-04": {
            "month": "2009-04",
            "price": "15.73",
            "revenue": 81884
        },
        "2009-05": {
            "month": "2009-05",
            "price": "14.72",
            "revenue": 120369
        },
        "2009-06": {
            "month": "2009-06",
            "price": "15.38",
            "revenue": 96201
        },
        "2009-07": {
            "month": "2009-07",
            "price": "20.35",
            "revenue": 110934
        },
        "2009-08": {
            "month": "2009-08",
            "price": "26.34",
            "revenue": 95620
        },
        "2009-09": {
            "month": "2009-09",
            "price": "28.63",
            "revenue": 62869
        },
        "2009-10": {
            "month": "2009-10",
            "price": "26.25",
            "revenue": 59580
        },
        "2009-11": {
            "month": "2009-11",
            "price": "25.14",
            "revenue": 59106
        },
        "2009-12": {
            "month": "2009-12",
            "price": "24.43",
            "revenue": 28699
        },
        "2010-01": {
            "month": "2010-01",
            "price": "24.46",
            "revenue": 45517
        },
        "2010-02": {
            "month": "2010-02",
            "price": "20.63",
            "revenue": 17184
        },
        "2010-03": {
            "month": "2010-03",
            "price": "21.85",
            "revenue": 92688
        },
        "2010-04": {
            "month": "2010-04",
            "price": "26.63",
            "revenue": 21735
        },
        "2010-05": {
            "month": "2010-05",
            "price": "25.61",
            "revenue": 14817
        },
        "2010-06": {
            "month": "2010-06",
            "price": "25.94",
            "revenue": 7470
        },
        "2010-07": {
            "month": "2010-07",
            "price": "22.97",
            "revenue": 181
        },
        "2010-08": {
            "month": "2010-08",
            "price": "20.45",
            "revenue": 181
        },
        "2010-09": {
            "month": "2010-09",
            "price": "18.47",
            "revenue": 13700
        },
        "2010-10": {
            "month": "2010-10",
            "price": "17.10",
            "revenue": 219
        },
        "2010-11": {
            "month": "2010-11",
            "price": "15.35",
            "revenue": 200
        },
        "2010-12": {
            "month": "2010-12",
            "price": "17.32",
            "revenue": 200
        },
        "2011-01": {
            "month": "2011-01",
            "price": "18.54",
            "revenue": 200
        },
        "2011-02": {
            "month": "2011-02",
            "price": "17.64",
            "revenue": 200
        },
        "2011-03": {
            "month": "2011-03",
            "price": "15.40",
            "revenue": 54087
        },
        "2011-04": {
            "month": "2011-04",
            "price": "15.51",
            "revenue": 47400
        },
        "2011-05": {
            "month": "2011-05",
            "price": "15.13",
            "revenue": 31765
        },
        "2011-06": {
            "month": "2011-06",
            "price": "16.68",
            "revenue": 39907
        },
        "2011-07": {
            "month": "2011-07",
            "price": "16.97",
            "revenue": 56348
        },
        "2011-08": {
            "month": "2011-08",
            "price": "15.93",
            "revenue": 200
        },
        "2011-09": {
            "month": "2011-09",
            "price": "14.87",
            "revenue": 31303
        },
        "2011-10": {
            "month": "2011-10",
            "price": "14.04",
            "revenue": 24321
        },
        "2011-11": {
            "month": "2011-11",
            "price": "13.34",
            "revenue": 8116
        },
        "2011-12": {
            "month": "2011-12",
            "price": "12.87",
            "revenue": 21784
        },
        "2012-01": {
            "month": "2012-01",
            "price": "13.18",
            "revenue": 22065
        },
        "2012-02": {
            "month": "2012-02",
            "price": "15.60",
            "revenue": 10971
        },
        "2012-03": {
            "month": "2012-03",
            "price": "19.64",
            "revenue": 84
        },
        "2012-04": {
            "month": "2012-04",
            "price": "21.40",
            "revenue": 15306
        },
        "2012-05": {
            "month": "2012-05",
            "price": "21.51",
            "revenue": 120831
        },
        "2012-06": {
            "month": "2012-06",
            "price": "22.57",
            "revenue": 234425
        },
        "2012-07": {
            "month": "2012-07",
            "price": "21.80",
            "revenue": 262096
        },
        "2012-08": {
            "month": "2012-08",
            "price": "20.05",
            "revenue": 199269
        },
        "2012-09": {
            "month": "2012-09",
            "price": "21.46",
            "revenue": 148754
        },
        "2012-10": {
            "month": "2012-10",
            "price": "19.03",
            "revenue": 72989
        },
        "2012-11": {
            "month": "2012-11",
            "price": "17.87",
            "revenue": 103788
        },
        "2012-12": {
            "month": "2012-12",
            "price": "19.14",
            "revenue": 47806
        },
        "2013-01": {
            "month": "2013-01",
            "price": "20.41",
            "revenue": 148895
        },
        "2013-02": {
            "month": "2013-02",
            "price": "21.06",
            "revenue": 109333
        },
        "2013-03": {
            "month": "2013-03",
            "price": "22.91",
            "revenue": 81060
        },
        "2013-04": {
            "month": "2013-04",
            "price": "25.25",
            "revenue": 192500
        },
        "2013-05": {
            "month": "2013-05",
            "price": "25.47",
            "revenue": 221965
        },
        "2013-06": {
            "month": "2013-06",
            "price": "28.49",
            "revenue": 106927
        },
        "2013-07": {
            "month": "2013-07",
            "price": "28.60",
            "revenue": 104896
        },
        "2013-08": {
            "month": "2013-08",
            "price": "26.89",
            "revenue": 89770
        },
        "2013-09": {
            "month": "2013-09",
            "price": "23.27",
            "revenue": 38441
        },
        "2013-10": {
            "month": "2013-10",
            "price": "23.15",
            "revenue": 682701
        },
        "2013-11": {
            "month": "2013-11",
            "price": "23.88",
            "revenue": 386
        },
        "2013-12": {
            "month": "2013-12",
            "price": "22.80",
            "revenue": 171844
        },
        "2014-01": {
            "month": "2014-01",
            "price": "22.73",
            "revenue": 219364
        },
        "2014-02": {
            "month": "2014-02",
            "price": "24.11",
            "revenue": 129120
        },
        "2014-03": {
            "month": "2014-03",
            "price": "24.23",
            "revenue": 195300
        },
        "2014-04": {
            "month": "2014-04",
            "price": "24.91",
            "revenue": 155852
        },
        "2014-05": {
            "month": "2014-05",
            "price": "22.73",
            "revenue": 85048
        },
        "2014-06": {
            "month": "2014-06",
            "price": "22.30",
            "revenue": 283788
        },
        "2014-07": {
            "month": "2014-07",
            "price": "21.48",
            "revenue": 428166
        },
        "2014-08": {
            "month": "2014-08",
            "price": "19.88",
            "revenue": 469771
        },
        "2014-09": {
            "month": "2014-09",
            "price": "20.25",
            "revenue": 189546
        },
        "2014-10": {
            "month": "2014-10",
            "price": "19.54",
            "revenue": 166228
        },
        "2014-11": {
            "month": "2014-11",
            "price": "20.28",
            "revenue": 122699
        },
        "2014-12": {
            "month": "2014-12",
            "price": "21.23",
            "revenue": 101736
        },
        "2015-01": {
            "month": "2015-01",
            "price": "21.32",
            "revenue": 23385
        },
        "2015-02": {
            "month": "2015-02",
            "price": "21.89",
            "revenue": 23838
        },
        "2015-03": {
            "month": "2015-03",
            "price": "22.53",
            "revenue": 103804
        },
        "2015-04": {
            "month": "2015-04",
            "price": "24.26",
            "revenue": 52994
        },
        "2015-05": {
            "month": "2015-05",
            "price": "22.67",
            "revenue": 82498
        },
        "2015-06": {
            "month": "2015-06",
            "price": "21.40",
            "revenue": 14247
        },
        "2015-07": {
            "month": "2015-07",
            "price": "19.40",
            "revenue": 2683
        },
        "2015-08": {
            "month": "2015-08",
            "price": "15.67",
            "revenue": 250
        },
        "2015-09": {
            "month": "2015-09",
            "price": "13.66",
            "revenue": 13528
        },
        "2015-10": {
            "month": "2015-10",
            "price": "11.19",
            "revenue": 76941
        },
        "2015-11": {
            "month": "2015-11",
            "price": "10.46",
            "revenue": 93142
        },
        "2015-12": {
            "month": "2015-12",
            "price": "9.97",
            "revenue": 443503
        },
        "2016-01": {
            "month": "2016-01",
            "price": "9.76",
            "revenue": 61712
        },
        "2016-02": {
            "month": "2016-02",
            "price": "9.83",
            "revenue": 48871
        },
        "2016-03": {
            "month": "2016-03",
            "price": "11.33",
            "revenue": 30705
        },
        "2016-04": {
            "month": "2016-04",
            "price": "10.69",
            "revenue": 70273
        },
        "2016-05": {
            "month": "2016-05",
            "price": "10.06",
            "revenue": 69881
        },
        "2016-06": {
            "month": "2016-06",
            "price": "10.18",
            "revenue": 36983
        },
        "2016-07": {
            "month": "2016-07",
            "price": "10.24",
            "revenue": 36636
        },
        "2016-08": {
            "month": "2016-08",
            "price": "10.07",
            "revenue": 21889
        },
        "2016-09": {
            "month": "2016-09",
            "price": "9.58",
            "revenue": 50964
        },
        "2016-10": {
            "month": "2016-10",
            "price": "9.35",
            "revenue": 29689
        },
        "2016-11": {
            "month": "2016-11",
            "price": "9.35",
            "revenue": 41396
        },
        "2016-12": {
            "month": "2016-12",
            "price": "9.32",
            "revenue": 30670
        },
        "2017-01": {
            "month": "2017-01",
            "price": "9.01",
            "revenue": 23390
        },
        "2017-02": {
            "month": "2017-02",
            "price": "9.13",
            "revenue": 37044
        },
        "2017-03": {
            "month": "2017-03",
            "price": "9.69",
            "revenue": 147536
        },
        "2017-04": {
            "month": "2017-04",
            "price": "10.05",
            "revenue": 49628
        },
        "2017-05": {
            "month": "2017-05",
            "price": "9.88",
            "revenue": 34081
        },
        "2017-06": {
            "month": "2017-06",
            "price": "9.71",
            "revenue": 82211
        },
        "2017-07": {
            "month": "2017-07",
            "price": "9.84",
            "revenue": 60230
        },
        "2017-08": {
            "month": "2017-08",
            "price": "9.85",
            "revenue": 82642
        },
        "2017-09": {
            "month": "2017-09",
            "price": "10.20",
            "revenue": 113567
        },
        "2017-10": {
            "month": "2017-10",
            "price": "10.31",
            "revenue": 105927
        },
        "2017-11": {
            "month": "2017-11",
            "price": "10.46",
            "revenue": 46936
        },
        "2017-12": {
            "month": "2017-12",
            "price": "10.29",
            "revenue": 96885
        },
        "2018-01": {
            "month": "2018-01",
            "price": "10.23",
            "revenue": 140869
        },
        "2018-02": {
            "month": "2018-02",
            "price": "10.10",
            "revenue": 923280
        },
        "2018-03": {
            "month": "2018-03",
            "price": "10.41",
            "revenue": 56051
        },
        "2018-04": {
            "month": "2018-04",
            "price": "10.64",
            "revenue": 73240
        },
        "2018-05": {
            "month": "2018-05",
            "price": "10.60",
            "revenue": 131032
        },
        "2018-06": {
            "month": "2018-06",
            "price": "10.48",
            "revenue": 54070
        },
        "2018-07": {
            "month": "2018-07",
            "price": "10.15",
            "revenue": 56731
        },
        "2018-08": {
            "month": "2018-08",
            "price": "10.20",
            "revenue": 131374
        },
        "2018-09": {
            "month": "2018-09",
            "price": "10.44",
            "revenue": 107562
        },
        "2018-10": {
            "month": "2018-10",
            "price": "10.30",
            "revenue": 92800
        },
        "2018-11": {
            "month": "2018-11",
            "price": "10.56",
            "revenue": 73968
        },
        "2018-12": {
            "month": "2018-12",
            "price": "11.58",
            "revenue": 120543
        },
        "2019-01": {
            "month": "2019-01",
            "price": "11.00",
            "revenue": 57815
        },
        "2019-02": {
            "month": "2019-02",
            "price": "11.46",
            "revenue": 81174
        },
        "2019-03": {
            "month": "2019-03",
            "price": "11.82",
            "revenue": 58642
        },
        "2019-04": {
            "month": "2019-04",
            "price": "11.79",
            "revenue": 112710
        },
        "2019-05": {
            "month": "2019-05",
            "price": "11.22",
            "revenue": 152050
        },
        "2019-06": {
            "month": "2019-06",
            "price": "11.02",
            "revenue": 149812
        },
        "2019-07": {
            "month": "2019-07",
            "price": "10.89",
            "revenue": 60448
        },
        "2019-08": {
            "month": "2019-08",
            "price": "10.52",
            "revenue": 98135
        },
        "2019-09": {
            "month": "2019-09",
            "price": "11.28",
            "revenue": 22756
        },
        "2019-10": {
            "month": "2019-10",
            "price": "11.54",
            "revenue": 72898
        },
        "2019-11": {
            "month": "2019-11",
            "price": "13.83",
            "revenue": 92082
        },
        "2019-12": {
            "month": "2019-12",
            "price": "15.37",
            "revenue": 19464
        },
        "2020-01": {
            "month": "2020-01",
            "price": "16.73",
            "revenue": 11214
        },
        "2020-02": {
            "month": "2020-02",
            "price": "15.59",
            "revenue": 11381
        },
        "2020-03": {
            "month": "2020-03",
            "price": "12.17",
            "revenue": 26463
        },
        "2020-04": {
            "month": "2020-04",
            "price": "12.44",
            "revenue": 51648
        },
        "2020-05": {
            "month": "2020-05",
            "price": "12.57",
            "revenue": 102
        },
        "2020-06": {
            "month": "2020-06",
            "price": "13.94",
            "revenue": 15002
        },
        "2020-07": {
            "month": "2020-07",
            "price": "15.10",
            "revenue": 10379
        },
        "2020-08": {
            "month": "2020-08",
            "price": "15.30",
            "revenue": 110
        },
        "2020-09": {
            "month": "2020-09",
            "price": "14.87",
            "revenue": 22905
        },
        "2020-10": {
            "month": "2020-10",
            "price": "14.49",
            "revenue": 34840
        },
        "2020-11": {
            "month": "2020-11",
            "price": "14.44",
            "revenue": 24358
        },
        "2020-12": {
            "month": "2020-12",
            "price": "13.30",
            "revenue": 11591
        },
        "2021-01": {
            "month": "2021-01",
            "price": "13.00",
            "revenue": 68798
        },
        "2021-02": {
            "month": "2021-02",
            "price": "13.18",
            "revenue": 17856
        },
        "2021-03": {
            "month": "2021-03",
            "price": "13.63",
            "revenue": 23517
        },
        "2021-04": {
            "month": "2021-04",
            "price": "14.19",
            "revenue": 26009
        },
        "2021-05": {
            "month": "2021-05",
            "price": "13.39",
            "revenue": 130734
        },
        "2021-06": {
            "month": "2021-06",
            "price": "13.67",
            "revenue": 295793
        },
        "2021-07": {
            "month": "2021-07",
            "price": "13.70",
            "revenue": 216857
        },
        "2021-08": {
            "month": "2021-08",
            "price": "13.86",
            "revenue": 88250
        },
        "2021-09": {
            "month": "2021-09",
            "price": "13.99",
            "revenue": 89775
        },
        "2021-10": {
            "month": "2021-10",
            "price": "13.95",
            "revenue": 141191
        },
        "2021-11": {
            "month": "2021-11",
            "price": "14.14",
            "revenue": 194249
        },
        "2021-12": {
            "month": "2021-12",
            "price": "14.77",
            "revenue": 146162
        },
        "2022-01": {
            "month": "2022-01",
            "price": "14.52",
            "revenue": 43473
        },
        "2022-02": {
            "month": "2022-02",
            "price": "14.44",
            "revenue": 20918
        },
        "2022-03": {
            "month": "2022-03",
            "price": "14.32",
            "revenue": 21276
        },
        "2022-04": {
            "month": "2022-04",
            "price": "13.94",
            "revenue": 75
        },
        "2022-05": {
            "month": "2022-05",
            "price": "13.05",
            "revenue": 76
        },
        "2022-06": {
            "month": "2022-06",
            "price": "13.00",
            "revenue": 79
        },
        "2022-07": {
            "month": "2022-07",
            "price": "12.11",
            "revenue": 108
        },
        "2022-08": {
            "month": "2022-08",
            "price": "12.22",
            "revenue": 109
        },
        "2022-09": {
            "month": "2022-09",
            "price": "12.34",
            "revenue": 110
        },
        "2022-10": {
            "month": "2022-10",
            "price": "11.86",
            "revenue": 103
        },
        "2022-11": {
            "month": "2022-11",
            "price": "11.91",
            "revenue": 97
        },
        "2022-12": {
            "month": "2022-12",
            "price": "11.85",
            "revenue": 109
        },
        "2023-01": {
            "month": "2023-01",
            "price": "11.32",
            "revenue": 14709
        },
        "2023-02": {
            "month": "2023-02",
            "price": "13.40",
            "revenue": 56
        },
        "2023-03": {
            "month": "2023-03",
            "price": "14.88",
            "revenue": 135308
        },
        "2023-04": {
            "month": "2023-04",
            "price": "16.31",
            "revenue": 33632
        },
        "2023-05": {
            "month": "2023-05",
            "price": "16.26",
            "revenue": 18518
        }
    }
}
