{
    "summary": {
        "stock_name": "健喬",
        "stock_id": "4114",
        "category": "生技醫療",
        "main_business": "各種藥品醫療器材製造販賣業務<br>各種化妝品動物藥品製造販賣業務<br>各種化學食品添加物及飲料製造販賣業務",
        "website_url": "http://www.synmosa.com.tw",
        "ceo": "林智暉",
        "pe_ratio": 26,
        "report_year_from": 2001,
        "report_year_to": 2023,
        "age": 23,
        "eps_negative_percentage": 14,
        "eps_growth_avg": {
            "last_all": -9.98,
            "last_2y": -2.51,
            "last_4y": 0.32,
            "last_8y": -9.05,
            "last_12y": -14.72,
            "last_16y": -12.46,
            "last_20y": -9.98,
            "at_2006_last_3y": -1.93,
            "at_2007_last_3y": 29.92,
            "at_2008_last_3y": -15.08,
            "at_2009_last_3y": -12.7,
            "at_2010_last_3y": 0,
            "at_2011_last_3y": -100,
            "at_2012_last_3y": -100,
            "at_2013_last_3y": -70.54,
            "at_2014_last_3y": -29.85,
            "at_2015_last_3y": -21.19,
            "at_2016_last_3y": 9.11,
            "at_2017_last_3y": -5.62,
            "at_2018_last_3y": -24.67,
            "at_2019_last_3y": -30.29,
            "at_2020_last_3y": -30.29,
            "at_2021_last_3y": -16,
            "at_2022_last_3y": 13,
            "at_2023_last_3y": 23.11,
            "at_2024_last_3y": 23.11,
            "at_2006_last_all": -1.93,
            "at_2007_last_all": 18.45,
            "at_2008_last_all": -1.29,
            "at_2009_last_all": -1.29,
            "at_2010_last_all": -1.29,
            "at_2011_last_all": -15.39,
            "at_2012_last_all": -15.39,
            "at_2013_last_all": -18.6,
            "at_2014_last_all": -10.81,
            "at_2015_last_all": -17.13,
            "at_2016_last_all": -6.48,
            "at_2017_last_all": -14.27,
            "at_2018_last_all": -14.27,
            "at_2019_last_all": -20.17,
            "at_2020_last_all": -11.58,
            "at_2021_last_all": -14.62,
            "at_2022_last_all": -7.46,
            "at_2023_last_all": -9.98,
            "at_2024_last_all": -9.98
        },
        "latest_eps": 1.53,
        "latest_price": 39.15,
        "latest_roe": 5.7,
        "latest_gross_margin": 41.18,
        "latest_equity": 7688027,
        "latest_revenue": 1234216,
        "latest_gross_profit": 508251,
        "latest_net_income": 90523,
        "latest_debt_ratio": 32.18,
        "latest_current_ratio": 184.5,
        "latest_account_receivable_turnover_ratio": 1.07,
        "latest_inventory_turnover_ratio": 0.48,
        "latest_reinvestment_rate": 18.9,
        "latest_research_to_sale_ratio": 4.08
    },
    "eps_dividends": {
        "2001": {
            "cash": 0,
            "stock": 0,
            "eps": 0
        },
        "2002": {
            "cash": 0.4,
            "stock": 0,
            "eps": 0.62
        },
        "2003": {
            "cash": 1,
            "stock": 0,
            "eps": 0.45
        },
        "2004": {
            "cash": 0,
            "stock": 0.54,
            "eps": 0.81
        },
        "2005": {
            "cash": 0.4,
            "stock": 0.4,
            "eps": 0.63
        },
        "2006": {
            "cash": 0.4,
            "stock": 0.4,
            "eps": 0.39
        },
        "2007": {
            "cash": 0.16,
            "stock": 0.28,
            "eps": 0.79
        },
        "2008": {
            "cash": 0.2,
            "stock": 0.6,
            "eps": -0.29
        },
        "2009": {
            "cash": 0,
            "stock": 0.68,
            "eps": -0.64
        },
        "2010": {
            "cash": 0,
            "stock": 0,
            "eps": 0.4
        },
        "2011": {
            "cash": 0.1,
            "stock": 0.5,
            "eps": -0.28
        },
        "2012": {
            "cash": 0.1,
            "stock": 0.5,
            "eps": 1.12
        },
        "2013": {
            "cash": 0.2,
            "stock": 0.61,
            "eps": 0.66
        },
        "2014": {
            "cash": 0.2,
            "stock": 0.81,
            "eps": 1
        },
        "2015": {
            "cash": 0.2,
            "stock": 0.8,
            "eps": 0.26
        },
        "2016": {
            "cash": 0.2,
            "stock": 1,
            "eps": 1.32
        },
        "2017": {
            "cash": 0.2,
            "stock": 1.2,
            "eps": 0
        },
        "2018": {
            "cash": 0.2,
            "stock": 1,
            "eps": 2.41
        },
        "2019": {
            "cash": 0.2,
            "stock": 1.4,
            "eps": 0.22
        },
        "2020": {
            "cash": 0.2,
            "stock": 0.8,
            "eps": 2.52
        },
        "2021": {
            "cash": 0.3,
            "stock": 1.2,
            "eps": 1.08
        },
        "2022": {
            "cash": 0.5,
            "stock": 1,
            "eps": 2.5
        },
        "2023": {
            "cash": 0.6,
            "stock": 1,
            "eps": 1.24
        },
        "2024": {
            "cash": 0.6,
            "stock": 1,
            "eps": 0
        }
    },
    "dividends": {
        "2002-03-12": {
            "cash": 0.4,
            "stock": 0
        },
        "2003-06-25": {
            "cash": 1,
            "stock": 0
        },
        "2004-03-24": {
            "cash": 0,
            "stock": 0.54
        },
        "2005-04-27": {
            "cash": 0.4,
            "stock": 0.4
        },
        "2006-04-28": {
            "cash": 0.4,
            "stock": 0.4
        },
        "2007-04-27": {
            "cash": 0.16,
            "stock": 0.28
        },
        "2008-07-31": {
            "cash": 0.2,
            "stock": 0.6
        },
        "2009-04-23": {
            "cash": 0,
            "stock": 0.68
        },
        "2011-04-27": {
            "cash": 0.1,
            "stock": 0.5
        },
        "2012-06-21": {
            "cash": 0.1,
            "stock": 0.5
        },
        "2013-06-13": {
            "cash": 0.2,
            "stock": 0.61
        },
        "2014-09-23": {
            "cash": 0.2,
            "stock": 0.81
        },
        "2015-09-14": {
            "cash": 0.2,
            "stock": 0.8
        },
        "2016-09-20": {
            "cash": 0.2,
            "stock": 1
        },
        "2017-09-20": {
            "cash": 0.2,
            "stock": 1.2
        },
        "2018-09-14": {
            "cash": 0.2,
            "stock": 1
        },
        "2019-08-19": {
            "cash": 0.2,
            "stock": 1.4
        },
        "2020-08-18": {
            "cash": 0.2,
            "stock": 0.8
        },
        "2021-10-28": {
            "cash": 0.3,
            "stock": 1.2
        },
        "2022-08-15": {
            "cash": 0.5,
            "stock": 1
        },
        "2023-09-15": {
            "cash": 0.6,
            "stock": 1
        },
        "2024-03-12": {
            "cash": 0.6,
            "stock": 1
        }
    },
    "prices": {
        "200101": "無",
        "200102": "無",
        "200103": "無",
        "200104": "無",
        "200105": "無",
        "200106": "無",
        "200107": "無",
        "200108": "無",
        "200109": "無",
        "200110": "無",
        "200111": "無",
        "200112": "無",
        "200201": "無",
        "200202": "無",
        "200203": "無",
        "200204": "無",
        "200205": "無",
        "200206": "無",
        "200207": "無",
        "200208": "無",
        "200209": "無",
        "200210": "無",
        "200211": "無",
        "200212": "無",
        "200301": "無",
        "200302": "無",
        "200303": "無",
        "200304": "無",
        "200305": "20.47",
        "200306": "18.48",
        "200307": "15.65",
        "200308": "12.89",
        "200309": "12.53",
        "200310": "12.13",
        "200311": "11.90",
        "200312": "12.22",
        "200401": "12.81",
        "200402": "13.12",
        "200403": "13.01",
        "200404": "14.42",
        "200405": "13.64",
        "200406": "14.00",
        "200407": "13.36",
        "200408": "11.40",
        "200409": "11.24",
        "200410": "11.39",
        "200411": "11.98",
        "200412": "12.38",
        "200501": "11.67",
        "200502": "12.59",
        "200503": "13.22",
        "200504": "13.97",
        "200505": "13.23",
        "200506": "13.34",
        "200507": "13.53",
        "200508": "13.20",
        "200509": "12.94",
        "200510": "13.24",
        "200511": "13.96",
        "200512": "14.16",
        "200601": "14.31",
        "200602": "14.34",
        "200603": "14.31",
        "200604": "13.62",
        "200605": "13.32",
        "200606": "13.12",
        "200607": "12.96",
        "200608": "12.77",
        "200609": "12.23",
        "200610": "12.11",
        "200611": "11.96",
        "200612": "12.42",
        "200701": "12.42",
        "200702": "12.85",
        "200703": "13.89",
        "200704": "15.45",
        "200705": "17.43",
        "200706": "25.28",
        "200707": "44.21",
        "200708": "38.35",
        "200709": "40.41",
        "200710": "39.30",
        "200711": "34.97",
        "200712": "33.76",
        "200801": "27.14",
        "200802": "26.32",
        "200803": "30.43",
        "200804": "35.21",
        "200805": "35.80",
        "200806": "28.20",
        "200807": "22.50",
        "200808": "23.81",
        "200809": "17.73",
        "200810": "16.67",
        "200811": "17.50",
        "200812": "18.64",
        "200901": "20.08",
        "200902": "19.50",
        "200903": "22.15",
        "200904": "37.84",
        "200905": "36.98",
        "200906": "33.95",
        "200907": "40.80",
        "200908": "36.58",
        "200909": "34.88",
        "200910": "33.33",
        "200911": "31.62",
        "200912": "36.77",
        "201001": "33.05",
        "201002": "28.87",
        "201003": "31.66",
        "201004": "37.25",
        "201005": "36.25",
        "201006": "39.30",
        "201007": "40.41",
        "201008": "38.37",
        "201009": "36.35",
        "201010": "38.55",
        "201011": "34.75",
        "201012": "34.94",
        "201101": "35.97",
        "201102": "35.60",
        "201103": "33.96",
        "201104": "34.04",
        "201105": "35.25",
        "201106": "34.89",
        "201107": "34.21",
        "201108": "28.89",
        "201109": "27.43",
        "201110": "26.63",
        "201111": "25.94",
        "201112": "24.40",
        "201201": "24.91",
        "201202": "29.58",
        "201203": "30.86",
        "201204": "30.67",
        "201205": "30.41",
        "201206": "28.44",
        "201207": "28.82",
        "201208": "30.64",
        "201209": "29.60",
        "201210": "31.29",
        "201211": "30.82",
        "201212": "35.62",
        "201301": "39.93",
        "201302": "42.00",
        "201303": "42.76",
        "201304": "37.98",
        "201305": "35.18",
        "201306": "35.98",
        "201307": "37.22",
        "201308": "40.00",
        "201309": "41.40",
        "201310": "43.57",
        "201311": "38.78",
        "201312": "37.42",
        "201401": "38.21",
        "201402": "42.78",
        "201403": "40.97",
        "201404": "40.34",
        "201405": "42.05",
        "201406": "49.28",
        "201407": "55.98",
        "201408": "47.37",
        "201409": "46.04",
        "201410": "42.06",
        "201411": "38.45",
        "201412": "41.16",
        "201501": "39.92",
        "201502": "40.72",
        "201503": "41.99",
        "201504": "40.91",
        "201505": "37.66",
        "201506": "33.64",
        "201507": "34.91",
        "201508": "29.56",
        "201509": "30.88",
        "201510": "32.97",
        "201511": "34.75",
        "201512": "36.24",
        "201601": "32.83",
        "201602": "33.02",
        "201603": "34.17",
        "201604": "34.52",
        "201605": "35.60",
        "201606": "35.00",
        "201607": "34.41",
        "201608": "33.34",
        "201609": "31.72",
        "201610": "30.22",
        "201611": "29.44",
        "201612": "30.13",
        "201701": "30.11",
        "201702": "31.46",
        "201703": "33.10",
        "201704": "32.03",
        "201705": "30.54",
        "201706": "29.62",
        "201707": "29.72",
        "201708": "27.50",
        "201709": "26.70",
        "201710": "26.83",
        "201711": "26.42",
        "201712": "26.12",
        "201801": "26.64",
        "201802": "26.58",
        "201803": "29.36",
        "201804": "30.23",
        "201805": "32.52",
        "201806": "33.12",
        "201807": "32.70",
        "201808": "30.50",
        "201809": "27.82",
        "201810": "26.74",
        "201811": "25.93",
        "201812": "27.68",
        "201901": "28.09",
        "201902": "28.76",
        "201903": "28.66",
        "201904": "29.19",
        "201905": "29.92",
        "201906": "29.55",
        "201907": "27.72",
        "201908": "25.20",
        "201909": "25.56",
        "201910": "24.45",
        "201911": "24.25",
        "201912": "24.34",
        "202001": "24.32",
        "202002": "23.62",
        "202003": "19.60",
        "202004": "21.48",
        "202005": "23.93",
        "202006": "24.32",
        "202007": "25.23",
        "202008": "26.57",
        "202009": "25.85",
        "202010": "24.73",
        "202011": "25.12",
        "202012": "25.10",
        "202101": "24.66",
        "202102": "24.75",
        "202103": "26.06",
        "202104": "26.51",
        "202105": "25.13",
        "202106": "25.20",
        "202107": "25.58",
        "202108": "25.08",
        "202109": "24.86",
        "202110": "23.11",
        "202111": "22.84",
        "202112": "23.15",
        "202201": "23.75",
        "202202": "24.35",
        "202203": "24.67",
        "202204": "27.26",
        "202205": "26.48",
        "202206": "29.69",
        "202207": "31.41",
        "202208": "34.50",
        "202209": "37.25",
        "202210": "33.63",
        "202211": "35.57",
        "202212": "47.67",
        "202301": "44.67",
        "202302": "46.58",
        "202303": "45.46",
        "202304": "46.98",
        "202305": "45.68",
        "202306": "44.23",
        "202307": "43.30",
        "202308": "37.98",
        "202309": "37.36",
        "202310": "36.88",
        "202311": "38.10",
        "202312": "39.54"
    },
    "quarters": {
        "20011": {
            "year_quarter": 20011,
            "year": 2001,
            "quarter": 1,
            "eps": null,
            "eps_growth_year": null,
            "eps_4q": null,
            "eps_4q_growth_year": null,
            "roe": null,
            "roe_4q": 0,
            "gross_profit": null,
            "gross_margin": null,
            "gross_margin_4q_avg": 0,
            "net_income": null,
            "net_income_4q": null,
            "revenue": null,
            "revenue_4q": null,
            "common_shares": null,
            "book_valuer_per_share": null,
            "book_valuer_per_share_4q_avg": 0,
            "equity": null,
            "current_ratio": null,
            "debt_ratio": null,
            "inventory_turnover_ratio": null,
            "account_receivable_turnover_ratio": null,
            "reinvestment_rate": null,
            "research_to_sale_ratio": null,
            "price_fair": 0,
            "eps_avg_yearly": 0,
            "eps_latest_yearly": 0,
            "eps_growth_yearly": 0
        },
        "20012": {
            "year_quarter": 20012,
            "year": 2001,
            "quarter": 2,
            "eps": null,
            "eps_growth_year": null,
            "eps_4q": null,
            "eps_4q_growth_year": null,
            "roe": null,
            "roe_4q": 0,
            "gross_profit": null,
            "gross_margin": null,
            "gross_margin_4q_avg": 0,
            "net_income": null,
            "net_income_4q": null,
            "revenue": null,
            "revenue_4q": null,
            "common_shares": null,
            "book_valuer_per_share": null,
            "book_valuer_per_share_4q_avg": 0,
            "equity": null,
            "current_ratio": null,
            "debt_ratio": null,
            "inventory_turnover_ratio": null,
            "account_receivable_turnover_ratio": null,
            "reinvestment_rate": null,
            "research_to_sale_ratio": null,
            "price_fair": 0,
            "eps_avg_yearly": 0,
            "eps_latest_yearly": 0,
            "eps_growth_yearly": 0
        },
        "20013": {
            "year_quarter": 20013,
            "year": 2001,
            "quarter": 3,
            "eps": null,
            "eps_growth_year": null,
            "eps_4q": null,
            "eps_4q_growth_year": null,
            "roe": null,
            "roe_4q": 0,
            "gross_profit": null,
            "gross_margin": null,
            "gross_margin_4q_avg": 0,
            "net_income": null,
            "net_income_4q": null,
            "revenue": null,
            "revenue_4q": null,
            "common_shares": null,
            "book_valuer_per_share": null,
            "book_valuer_per_share_4q_avg": 0,
            "equity": null,
            "current_ratio": null,
            "debt_ratio": null,
            "inventory_turnover_ratio": null,
            "account_receivable_turnover_ratio": null,
            "reinvestment_rate": null,
            "research_to_sale_ratio": null,
            "price_fair": 0,
            "eps_avg_yearly": 0,
            "eps_latest_yearly": 0,
            "eps_growth_yearly": 0
        },
        "20014": {
            "year_quarter": 20014,
            "year": 2001,
            "quarter": 4,
            "eps": null,
            "eps_growth_year": null,
            "eps_4q": null,
            "eps_4q_growth_year": null,
            "roe": null,
            "roe_4q": 0,
            "gross_profit": null,
            "gross_margin": null,
            "gross_margin_4q_avg": 0,
            "net_income": null,
            "net_income_4q": null,
            "revenue": null,
            "revenue_4q": null,
            "common_shares": 392280,
            "book_valuer_per_share": 13.96,
            "book_valuer_per_share_4q_avg": 3.49,
            "equity": 547527,
            "current_ratio": 260.97,
            "debt_ratio": 35.06,
            "inventory_turnover_ratio": null,
            "account_receivable_turnover_ratio": null,
            "reinvestment_rate": null,
            "research_to_sale_ratio": null,
            "price_fair": 0,
            "eps_avg_yearly": 0,
            "eps_latest_yearly": 0,
            "eps_growth_yearly": 0
        },
        "20021": {
            "year_quarter": 20021,
            "year": 2002,
            "quarter": 1,
            "eps": null,
            "eps_growth_year": null,
            "eps_4q": null,
            "eps_4q_growth_year": null,
            "roe": null,
            "roe_4q": 0,
            "gross_profit": null,
            "gross_margin": null,
            "gross_margin_4q_avg": 0,
            "net_income": null,
            "net_income_4q": null,
            "revenue": null,
            "revenue_4q": null,
            "common_shares": null,
            "book_valuer_per_share": null,
            "book_valuer_per_share_4q_avg": 3.49,
            "equity": null,
            "current_ratio": null,
            "debt_ratio": null,
            "inventory_turnover_ratio": null,
            "account_receivable_turnover_ratio": null,
            "reinvestment_rate": null,
            "research_to_sale_ratio": null,
            "price_fair": 0,
            "eps_avg_yearly": 0,
            "eps_latest_yearly": 0,
            "eps_growth_yearly": 0
        },
        "20022": {
            "year_quarter": 20022,
            "year": 2002,
            "quarter": 2,
            "eps": null,
            "eps_growth_year": null,
            "eps_4q": null,
            "eps_4q_growth_year": null,
            "roe": null,
            "roe_4q": 0,
            "gross_profit": null,
            "gross_margin": null,
            "gross_margin_4q_avg": 0,
            "net_income": null,
            "net_income_4q": null,
            "revenue": null,
            "revenue_4q": null,
            "common_shares": null,
            "book_valuer_per_share": null,
            "book_valuer_per_share_4q_avg": 3.49,
            "equity": null,
            "current_ratio": null,
            "debt_ratio": null,
            "inventory_turnover_ratio": null,
            "account_receivable_turnover_ratio": null,
            "reinvestment_rate": null,
            "research_to_sale_ratio": null,
            "price_fair": 0,
            "eps_avg_yearly": 0,
            "eps_latest_yearly": 0,
            "eps_growth_yearly": 0
        },
        "20023": {
            "year_quarter": 20023,
            "year": 2002,
            "quarter": 3,
            "eps": 0.17,
            "eps_growth_year": null,
            "eps_4q": null,
            "eps_4q_growth_year": null,
            "roe": 1.16,
            "roe_4q": 1.16,
            "gross_profit": 70525,
            "gross_margin": 54.22,
            "gross_margin_4q_avg": 13.56,
            "net_income": 6542,
            "net_income_4q": null,
            "revenue": 130070,
            "revenue_4q": null,
            "common_shares": 395390,
            "book_valuer_per_share": 14.3,
            "book_valuer_per_share_4q_avg": 7.07,
            "equity": 565521,
            "current_ratio": 303.85,
            "debt_ratio": 29.27,
            "inventory_turnover_ratio": 0.78,
            "account_receivable_turnover_ratio": null,
            "reinvestment_rate": null,
            "research_to_sale_ratio": null,
            "price_fair": 0,
            "eps_avg_yearly": 0,
            "eps_latest_yearly": 0,
            "eps_growth_yearly": 0
        },
        "20024": {
            "year_quarter": 20024,
            "year": 2002,
            "quarter": 4,
            "eps": 0.45,
            "eps_growth_year": null,
            "eps_4q": null,
            "eps_4q_growth_year": null,
            "roe": 3.1,
            "roe_4q": 4.26,
            "gross_profit": 67230,
            "gross_margin": 57.02,
            "gross_margin_4q_avg": 27.81,
            "net_income": 17823,
            "net_income_4q": null,
            "revenue": 117916,
            "revenue_4q": null,
            "common_shares": 395390,
            "book_valuer_per_share": 14.75,
            "book_valuer_per_share_4q_avg": 7.26,
            "equity": 583265,
            "current_ratio": 271.99,
            "debt_ratio": 31.09,
            "inventory_turnover_ratio": 0.7,
            "account_receivable_turnover_ratio": null,
            "reinvestment_rate": null,
            "research_to_sale_ratio": null,
            "price_fair": 63,
            "eps_avg_yearly": 1.8,
            "eps_latest_yearly": 1.8,
            "eps_growth_yearly": 658.82
        },
        "20031": {
            "year_quarter": 20031,
            "year": 2003,
            "quarter": 1,
            "eps": 0.19,
            "eps_growth_year": null,
            "eps_4q": null,
            "eps_4q_growth_year": null,
            "roe": 1.28,
            "roe_4q": 5.54,
            "gross_profit": 57219,
            "gross_margin": 53.87,
            "gross_margin_4q_avg": 41.28,
            "net_income": 7532,
            "net_income_4q": null,
            "revenue": 106215,
            "revenue_4q": null,
            "common_shares": 395390,
            "book_valuer_per_share": 14.94,
            "book_valuer_per_share_4q_avg": 11,
            "equity": 590796,
            "current_ratio": 396.11,
            "debt_ratio": 25.64,
            "inventory_turnover_ratio": 0.73,
            "account_receivable_turnover_ratio": null,
            "reinvestment_rate": null,
            "research_to_sale_ratio": null,
            "price_fair": 44.8,
            "eps_avg_yearly": 1.28,
            "eps_latest_yearly": 0.76,
            "eps_growth_yearly": 213.86
        },
        "20032": {
            "year_quarter": 20032,
            "year": 2003,
            "quarter": 2,
            "eps": 0.06,
            "eps_growth_year": null,
            "eps_4q": 0.8,
            "eps_4q_growth_year": null,
            "roe": 0.45,
            "roe_4q": 5.99,
            "gross_profit": 60546,
            "gross_margin": 52.95,
            "gross_margin_4q_avg": 54.52,
            "net_income": 2581,
            "net_income_4q": null,
            "revenue": 114336,
            "revenue_4q": null,
            "common_shares": 395390,
            "book_valuer_per_share": 13.99,
            "book_valuer_per_share_4q_avg": 14.5,
            "equity": 553299,
            "current_ratio": 243.82,
            "debt_ratio": 33.19,
            "inventory_turnover_ratio": 0.7,
            "account_receivable_turnover_ratio": null,
            "reinvestment_rate": null,
            "research_to_sale_ratio": null,
            "price_fair": 32.67,
            "eps_avg_yearly": 0.93,
            "eps_latest_yearly": 0.24,
            "eps_growth_yearly": 51.34
        },
        "20033": {
            "year_quarter": 20033,
            "year": 2003,
            "quarter": 3,
            "eps": -0.17,
            "eps_growth_year": -200,
            "eps_4q": 0.52,
            "eps_4q_growth_year": null,
            "roe": -1.24,
            "roe_4q": 3.59,
            "gross_profit": 43915,
            "gross_margin": 51.16,
            "gross_margin_4q_avg": 53.75,
            "net_income": -6832,
            "net_income_4q": null,
            "revenue": 85835,
            "revenue_4q": null,
            "common_shares": 402360,
            "book_valuer_per_share": 13.57,
            "book_valuer_per_share_4q_avg": 14.31,
            "equity": 546089,
            "current_ratio": 213.78,
            "debt_ratio": 31.68,
            "inventory_turnover_ratio": 0.49,
            "account_receivable_turnover_ratio": null,
            "reinvestment_rate": null,
            "research_to_sale_ratio": null,
            "price_fair": 32.67,
            "eps_avg_yearly": 0.93,
            "eps_latest_yearly": 0.24,
            "eps_growth_yearly": 51.34
        },
        "20034": {
            "year_quarter": 20034,
            "year": 2003,
            "quarter": 4,
            "eps": 0.37,
            "eps_growth_year": -17.78,
            "eps_4q": 0.45,
            "eps_4q_growth_year": null,
            "roe": 2.7,
            "roe_4q": 3.1900000000000004,
            "gross_profit": 55782,
            "gross_margin": 50.08,
            "gross_margin_4q_avg": 52.02,
            "net_income": 14939,
            "net_income_4q": null,
            "revenue": 111394,
            "revenue_4q": null,
            "common_shares": 402360,
            "book_valuer_per_share": 13.94,
            "book_valuer_per_share_4q_avg": 14.11,
            "equity": 560799,
            "current_ratio": 176.03,
            "debt_ratio": 34.54,
            "inventory_turnover_ratio": 0.67,
            "account_receivable_turnover_ratio": null,
            "reinvestment_rate": null,
            "research_to_sale_ratio": null,
            "price_fair": 32.67,
            "eps_avg_yearly": 0.93,
            "eps_latest_yearly": 0.24,
            "eps_growth_yearly": 51.34
        },
        "20041": {
            "year_quarter": 20041,
            "year": 2004,
            "quarter": 1,
            "eps": 0.24,
            "eps_growth_year": 26.32,
            "eps_4q": 0.51,
            "eps_4q_growth_year": null,
            "roe": 1.71,
            "roe_4q": 3.62,
            "gross_profit": 54794,
            "gross_margin": 51.78,
            "gross_margin_4q_avg": 51.49,
            "net_income": 9671,
            "net_income_4q": null,
            "revenue": 105826,
            "revenue_4q": null,
            "common_shares": 402360,
            "book_valuer_per_share": 14.14,
            "book_valuer_per_share_4q_avg": 13.91,
            "equity": 568891,
            "current_ratio": 213.43,
            "debt_ratio": 34.36,
            "inventory_turnover_ratio": 0.66,
            "account_receivable_turnover_ratio": null,
            "reinvestment_rate": null,
            "research_to_sale_ratio": null,
            "price_fair": 12.57,
            "eps_avg_yearly": 0.94,
            "eps_latest_yearly": 0.96,
            "eps_growth_yearly": 3.37
        },
        "20042": {
            "year_quarter": 20042,
            "year": 2004,
            "quarter": 2,
            "eps": 0.13,
            "eps_growth_year": 116.67,
            "eps_4q": 0.58,
            "eps_4q_growth_year": -27.06,
            "roe": 0.92,
            "roe_4q": 4.09,
            "gross_profit": 61500,
            "gross_margin": 56.06,
            "gross_margin_4q_avg": 52.27,
            "net_income": 5084,
            "net_income_4q": null,
            "revenue": 109697,
            "revenue_4q": null,
            "common_shares": 402360,
            "book_valuer_per_share": 13.32,
            "book_valuer_per_share_4q_avg": 13.74,
            "equity": 536060,
            "current_ratio": 185.03,
            "debt_ratio": 36.37,
            "inventory_turnover_ratio": 0.64,
            "account_receivable_turnover_ratio": null,
            "reinvestment_rate": null,
            "research_to_sale_ratio": null,
            "price_fair": 2.57,
            "eps_avg_yearly": 0.86,
            "eps_latest_yearly": 0.52,
            "eps_growth_yearly": -33.97
        },
        "20043": {
            "year_quarter": 20043,
            "year": 2004,
            "quarter": 3,
            "eps": 0.21,
            "eps_growth_year": null,
            "eps_4q": 0.95,
            "eps_4q_growth_year": 80.25,
            "roe": 1.57,
            "roe_4q": 6.9,
            "gross_profit": 58387,
            "gross_margin": 56.41,
            "gross_margin_4q_avg": 53.58,
            "net_income": 8479,
            "net_income_4q": null,
            "revenue": 103497,
            "revenue_4q": null,
            "common_shares": 424858,
            "book_valuer_per_share": 12.74,
            "book_valuer_per_share_4q_avg": 13.54,
            "equity": 541467,
            "current_ratio": 176.17,
            "debt_ratio": 37.62,
            "inventory_turnover_ratio": 0.57,
            "account_receivable_turnover_ratio": null,
            "reinvestment_rate": null,
            "research_to_sale_ratio": null,
            "price_fair": 19.39,
            "eps_avg_yearly": 0.85,
            "eps_latest_yearly": 0.84,
            "eps_growth_yearly": 12.72
        },
        "20044": {
            "year_quarter": 20044,
            "year": 2004,
            "quarter": 4,
            "eps": 0.23,
            "eps_growth_year": -37.84,
            "eps_4q": 0.8,
            "eps_4q_growth_year": 77.42,
            "roe": 1.72,
            "roe_4q": 5.92,
            "gross_profit": 65435,
            "gross_margin": 55.83,
            "gross_margin_4q_avg": 55.02,
            "net_income": 9365,
            "net_income_4q": null,
            "revenue": 117206,
            "revenue_4q": null,
            "common_shares": 424858,
            "book_valuer_per_share": 12.94,
            "book_valuer_per_share_4q_avg": 13.29,
            "equity": 549636,
            "current_ratio": 179.94,
            "debt_ratio": 35.89,
            "inventory_turnover_ratio": 0.66,
            "account_receivable_turnover_ratio": null,
            "reinvestment_rate": null,
            "research_to_sale_ratio": null,
            "price_fair": 22.73,
            "eps_avg_yearly": 0.86,
            "eps_latest_yearly": 0.92,
            "eps_growth_yearly": 16.34
        },
        "20051": {
            "year_quarter": 20051,
            "year": 2005,
            "quarter": 1,
            "eps": 0.21,
            "eps_growth_year": -12.5,
            "eps_4q": 0.79,
            "eps_4q_growth_year": 55.56,
            "roe": 1.51,
            "roe_4q": 5.72,
            "gross_profit": 64748,
            "gross_margin": 54.87,
            "gross_margin_4q_avg": 55.79,
            "net_income": 8360,
            "net_income_4q": null,
            "revenue": 118003,
            "revenue_4q": null,
            "common_shares": 424858,
            "book_valuer_per_share": 13.13,
            "book_valuer_per_share_4q_avg": 13.03,
            "equity": 557903,
            "current_ratio": 190.55,
            "debt_ratio": 34.58,
            "inventory_turnover_ratio": 0.71,
            "account_receivable_turnover_ratio": null,
            "reinvestment_rate": null,
            "research_to_sale_ratio": null,
            "price_fair": 17.16,
            "eps_avg_yearly": 0.86,
            "eps_latest_yearly": 0.84,
            "eps_growth_yearly": 9.95
        },
        "20052": {
            "year_quarter": 20052,
            "year": 2005,
            "quarter": 2,
            "eps": 0.22,
            "eps_growth_year": 69.23,
            "eps_4q": 0.9,
            "eps_4q_growth_year": 53.42,
            "roe": 1.54,
            "roe_4q": 6.34,
            "gross_profit": 68150,
            "gross_margin": 56.17,
            "gross_margin_4q_avg": 55.82,
            "net_income": 8517,
            "net_income_4q": null,
            "revenue": 121338,
            "revenue_4q": null,
            "common_shares": 424858,
            "book_valuer_per_share": 12.95,
            "book_valuer_per_share_4q_avg": 12.94,
            "equity": 550010,
            "current_ratio": 136.44,
            "debt_ratio": 54.11,
            "inventory_turnover_ratio": 0.73,
            "account_receivable_turnover_ratio": null,
            "reinvestment_rate": null,
            "research_to_sale_ratio": null,
            "price_fair": 18.07,
            "eps_avg_yearly": 0.86,
            "eps_latest_yearly": 0.88,
            "eps_growth_yearly": 10.96
        },
        "20053": {
            "year_quarter": 20053,
            "year": 2005,
            "quarter": 3,
            "eps": 0.23,
            "eps_growth_year": 9.52,
            "eps_4q": 0.87,
            "eps_4q_growth_year": -8.12,
            "roe": 1.7,
            "roe_4q": 6.47,
            "gross_profit": 67323,
            "gross_margin": 58.47,
            "gross_margin_4q_avg": 56.34,
            "net_income": 9451,
            "net_income_4q": null,
            "revenue": 115144,
            "revenue_4q": null,
            "common_shares": 445404,
            "book_valuer_per_share": 12.58,
            "book_valuer_per_share_4q_avg": 12.9,
            "equity": 560249,
            "current_ratio": 143.25,
            "debt_ratio": 54.04,
            "inventory_turnover_ratio": 0.61,
            "account_receivable_turnover_ratio": null,
            "reinvestment_rate": null,
            "research_to_sale_ratio": null,
            "price_fair": 18.82,
            "eps_avg_yearly": 0.87,
            "eps_latest_yearly": 0.92,
            "eps_growth_yearly": 11.69
        },
        "20054": {
            "year_quarter": 20054,
            "year": 2005,
            "quarter": 4,
            "eps": -0.03,
            "eps_growth_year": -113.04,
            "eps_4q": 0.61,
            "eps_4q_growth_year": -23.81,
            "roe": -0.21,
            "roe_4q": 4.54,
            "gross_profit": 76439,
            "gross_margin": 54.76,
            "gross_margin_4q_avg": 56.07,
            "net_income": -1161,
            "net_income_4q": null,
            "revenue": 139592,
            "revenue_4q": null,
            "common_shares": 445404,
            "book_valuer_per_share": 12.56,
            "book_valuer_per_share_4q_avg": 12.81,
            "equity": 559422,
            "current_ratio": 282,
            "debt_ratio": 54.59,
            "inventory_turnover_ratio": 0.79,
            "account_receivable_turnover_ratio": null,
            "reinvestment_rate": null,
            "research_to_sale_ratio": null,
            "price_fair": 18.82,
            "eps_avg_yearly": 0.87,
            "eps_latest_yearly": 0.92,
            "eps_growth_yearly": 11.69
        },
        "20061": {
            "year_quarter": 20061,
            "year": 2006,
            "quarter": 1,
            "eps": 0.15,
            "eps_growth_year": -28.57,
            "eps_4q": 0.57,
            "eps_4q_growth_year": -28.07,
            "roe": 1.08,
            "roe_4q": 4.11,
            "gross_profit": 71483,
            "gross_margin": 53.36,
            "gross_margin_4q_avg": 55.69,
            "net_income": 6070,
            "net_income_4q": null,
            "revenue": 133958,
            "revenue_4q": null,
            "common_shares": 447847,
            "book_valuer_per_share": 12.7,
            "book_valuer_per_share_4q_avg": 12.7,
            "equity": 568674,
            "current_ratio": 195.5,
            "debt_ratio": 55.78,
            "inventory_turnover_ratio": 0.79,
            "account_receivable_turnover_ratio": null,
            "reinvestment_rate": null,
            "research_to_sale_ratio": null,
            "price_fair": 18.82,
            "eps_avg_yearly": 0.87,
            "eps_latest_yearly": 0.92,
            "eps_growth_yearly": 11.69
        },
        "20062": {
            "year_quarter": 20062,
            "year": 2006,
            "quarter": 2,
            "eps": 0.12,
            "eps_growth_year": -45.45,
            "eps_4q": 0.46,
            "eps_4q_growth_year": -49.01,
            "roe": 0.91,
            "roe_4q": 3.4800000000000004,
            "gross_profit": 71731,
            "gross_margin": 50.91,
            "gross_margin_4q_avg": 54.38,
            "net_income": 5109,
            "net_income_4q": null,
            "revenue": 140897,
            "revenue_4q": null,
            "common_shares": 447847,
            "book_valuer_per_share": 12.43,
            "book_valuer_per_share_4q_avg": 12.57,
            "equity": 556757,
            "current_ratio": 143.88,
            "debt_ratio": 57.77,
            "inventory_turnover_ratio": 0.8,
            "account_receivable_turnover_ratio": null,
            "reinvestment_rate": 580.39,
            "research_to_sale_ratio": null,
            "price_fair": 11.12,
            "eps_avg_yearly": 0.83,
            "eps_latest_yearly": 0.48,
            "eps_growth_yearly": 3.35
        },
        "20063": {
            "year_quarter": 20063,
            "year": 2006,
            "quarter": 3,
            "eps": 0.06,
            "eps_growth_year": -73.91,
            "eps_4q": 0.27,
            "eps_4q_growth_year": -68.43,
            "roe": 0.5,
            "roe_4q": 2.2800000000000002,
            "gross_profit": 70502,
            "gross_margin": 53.84,
            "gross_margin_4q_avg": 53.22,
            "net_income": 2806,
            "net_income_4q": null,
            "revenue": 130954,
            "revenue_4q": null,
            "common_shares": 468502,
            "book_valuer_per_share": 11.96,
            "book_valuer_per_share_4q_avg": 12.41,
            "equity": 560156,
            "current_ratio": 173.28,
            "debt_ratio": 56.99,
            "inventory_turnover_ratio": 0.64,
            "account_receivable_turnover_ratio": null,
            "reinvestment_rate": 365.15,
            "research_to_sale_ratio": null,
            "price_fair": 2.35,
            "eps_avg_yearly": 0.78,
            "eps_latest_yearly": 0.24,
            "eps_growth_yearly": -13.6
        },
        "20064": {
            "year_quarter": 20064,
            "year": 2006,
            "quarter": 4,
            "eps": 0.06,
            "eps_growth_year": null,
            "eps_4q": 0.37,
            "eps_4q_growth_year": -39.18,
            "roe": 0.48,
            "roe_4q": 2.97,
            "gross_profit": 70683,
            "gross_margin": 49.16,
            "gross_margin_4q_avg": 51.82,
            "net_income": 2698,
            "net_income_4q": null,
            "revenue": 143796,
            "revenue_4q": null,
            "common_shares": 468502,
            "book_valuer_per_share": 11.97,
            "book_valuer_per_share_4q_avg": 12.27,
            "equity": 560765,
            "current_ratio": 197.49,
            "debt_ratio": 55.72,
            "inventory_turnover_ratio": 0.79,
            "account_receivable_turnover_ratio": null,
            "reinvestment_rate": 426.92,
            "research_to_sale_ratio": null,
            "price_fair": 1.96,
            "eps_avg_yearly": 0.65,
            "eps_latest_yearly": 0.24,
            "eps_growth_yearly": -68.5
        },
        "20071": {
            "year_quarter": 20071,
            "year": 2007,
            "quarter": 1,
            "eps": 0.18,
            "eps_growth_year": 20,
            "eps_4q": 0.43,
            "eps_4q_growth_year": -24.46,
            "roe": 1.37,
            "roe_4q": 3.2600000000000002,
            "gross_profit": 81175,
            "gross_margin": 48.51,
            "gross_margin_4q_avg": 50.61,
            "net_income": 7733,
            "net_income_4q": null,
            "revenue": 167349,
            "revenue_4q": null,
            "common_shares": 468502,
            "book_valuer_per_share": 12.14,
            "book_valuer_per_share_4q_avg": 12.13,
            "equity": 568806,
            "current_ratio": 156.5,
            "debt_ratio": 56.92,
            "inventory_turnover_ratio": 0.95,
            "account_receivable_turnover_ratio": null,
            "reinvestment_rate": 425.28,
            "research_to_sale_ratio": null,
            "price_fair": 17.83,
            "eps_avg_yearly": 0.65,
            "eps_latest_yearly": 0.72,
            "eps_growth_yearly": 17.43
        },
        "20072": {
            "year_quarter": 20072,
            "year": 2007,
            "quarter": 2,
            "eps": 0.5,
            "eps_growth_year": 316.67,
            "eps_4q": 0.8,
            "eps_4q_growth_year": 74.66,
            "roe": 3.67,
            "roe_4q": 6.02,
            "gross_profit": 85487,
            "gross_margin": 48.97,
            "gross_margin_4q_avg": 50.12,
            "net_income": 22157,
            "net_income_4q": null,
            "revenue": 174556,
            "revenue_4q": null,
            "common_shares": 493694,
            "book_valuer_per_share": 12.95,
            "book_valuer_per_share_4q_avg": 12.26,
            "equity": 639272,
            "current_ratio": 139.94,
            "debt_ratio": 52.76,
            "inventory_turnover_ratio": 0.88,
            "account_receivable_turnover_ratio": null,
            "reinvestment_rate": 350.62,
            "research_to_sale_ratio": null,
            "price_fair": 27.88,
            "eps_avg_yearly": 0.8,
            "eps_latest_yearly": 2,
            "eps_growth_yearly": 99.49
        },
        "20073": {
            "year_quarter": 20073,
            "year": 2007,
            "quarter": 3,
            "eps": 0.08,
            "eps_growth_year": 33.33,
            "eps_4q": 0.73,
            "eps_4q_growth_year": 166.5,
            "roe": 0.58,
            "roe_4q": 6.1,
            "gross_profit": 85428,
            "gross_margin": 45.73,
            "gross_margin_4q_avg": 48.09,
            "net_income": 4006,
            "net_income_4q": null,
            "revenue": 186791,
            "revenue_4q": null,
            "common_shares": 556169,
            "book_valuer_per_share": 13.23,
            "book_valuer_per_share_4q_avg": 12.57,
            "equity": 735824,
            "current_ratio": 127.22,
            "debt_ratio": 47.51,
            "inventory_turnover_ratio": 0.78,
            "account_receivable_turnover_ratio": null,
            "reinvestment_rate": 322.39,
            "research_to_sale_ratio": null,
            "price_fair": 26.6,
            "eps_avg_yearly": 0.76,
            "eps_latest_yearly": 0.32,
            "eps_growth_yearly": 65.99
        },
        "20074": {
            "year_quarter": 20074,
            "year": 2007,
            "quarter": 4,
            "eps": 0.03,
            "eps_growth_year": -50,
            "eps_4q": 0.75,
            "eps_4q_growth_year": 102.75,
            "roe": 0.19,
            "roe_4q": 5.81,
            "gross_profit": 82327,
            "gross_margin": 39.57,
            "gross_margin_4q_avg": 45.7,
            "net_income": 1408,
            "net_income_4q": null,
            "revenue": 208053,
            "revenue_4q": null,
            "common_shares": 573708,
            "book_valuer_per_share": 12.85,
            "book_valuer_per_share_4q_avg": 12.79,
            "equity": 737082,
            "current_ratio": 181.46,
            "debt_ratio": 49.25,
            "inventory_turnover_ratio": 0.87,
            "account_receivable_turnover_ratio": null,
            "reinvestment_rate": 345.08,
            "research_to_sale_ratio": null,
            "price_fair": 25,
            "eps_avg_yearly": 0.71,
            "eps_latest_yearly": 0.12,
            "eps_growth_yearly": 43.42
        },
        "20081": {
            "year_quarter": 20081,
            "year": 2008,
            "quarter": 1,
            "eps": 0.06,
            "eps_growth_year": -66.67,
            "eps_4q": 0.56,
            "eps_4q_growth_year": 30.94,
            "roe": 0.45,
            "roe_4q": 4.89,
            "gross_profit": 79442,
            "gross_margin": 43.74,
            "gross_margin_4q_avg": 44.5,
            "net_income": 3314,
            "net_income_4q": null,
            "revenue": 181606,
            "revenue_4q": null,
            "common_shares": 573708,
            "book_valuer_per_share": 12.64,
            "book_valuer_per_share_4q_avg": 12.92,
            "equity": 724910,
            "current_ratio": 178.6,
            "debt_ratio": 49.46,
            "inventory_turnover_ratio": 0.7,
            "account_receivable_turnover_ratio": null,
            "reinvestment_rate": 341.23,
            "research_to_sale_ratio": null,
            "price_fair": 23.2,
            "eps_avg_yearly": 0.66,
            "eps_latest_yearly": 0.24,
            "eps_growth_yearly": 82.03
        },
        "20082": {
            "year_quarter": 20082,
            "year": 2008,
            "quarter": 2,
            "eps": -0.03,
            "eps_growth_year": -106,
            "eps_4q": 0.12,
            "eps_4q_growth_year": -84.66,
            "roe": -0.27,
            "roe_4q": 0.95,
            "gross_profit": 86907,
            "gross_margin": 44.92,
            "gross_margin_4q_avg": 43.49,
            "net_income": -1973,
            "net_income_4q": null,
            "revenue": 193451,
            "revenue_4q": null,
            "common_shares": 573708,
            "book_valuer_per_share": 12.37,
            "book_valuer_per_share_4q_avg": 12.77,
            "equity": 717087,
            "current_ratio": 126.31,
            "debt_ratio": 54.76,
            "inventory_turnover_ratio": 0.66,
            "account_receivable_turnover_ratio": null,
            "reinvestment_rate": 377.34,
            "research_to_sale_ratio": null,
            "price_fair": 23.58,
            "eps_avg_yearly": 0.67,
            "eps_latest_yearly": 0.24,
            "eps_growth_yearly": 102.45
        },
        "20083": {
            "year_quarter": 20083,
            "year": 2008,
            "quarter": 3,
            "eps": 0.05,
            "eps_growth_year": -37.5,
            "eps_4q": 0.16,
            "eps_4q_growth_year": -78.3,
            "roe": 0.26,
            "roe_4q": 0.63,
            "gross_profit": 87529,
            "gross_margin": 47.51,
            "gross_margin_4q_avg": 43.94,
            "net_income": 1876,
            "net_income_4q": null,
            "revenue": 184237,
            "revenue_4q": null,
            "common_shares": 573708,
            "book_valuer_per_share": 12.45,
            "book_valuer_per_share_4q_avg": 12.58,
            "equity": 720807,
            "current_ratio": 132.57,
            "debt_ratio": 53.6,
            "inventory_turnover_ratio": 0.57,
            "account_receivable_turnover_ratio": null,
            "reinvestment_rate": 414.04,
            "research_to_sale_ratio": null,
            "price_fair": 23.1,
            "eps_avg_yearly": 0.66,
            "eps_latest_yearly": 0.24,
            "eps_growth_yearly": 90.47
        },
        "20084": {
            "year_quarter": 20084,
            "year": 2008,
            "quarter": 4,
            "eps": -0.37,
            "eps_growth_year": -1333.33,
            "eps_4q": -0.26,
            "eps_4q_growth_year": -134.22,
            "roe": -3.27,
            "roe_4q": -2.8299999999999996,
            "gross_profit": 96291,
            "gross_margin": 44.82,
            "gross_margin_4q_avg": 45.25,
            "net_income": -23168,
            "net_income_4q": null,
            "revenue": 214857,
            "revenue_4q": null,
            "common_shares": 611026,
            "book_valuer_per_share": 11.34,
            "book_valuer_per_share_4q_avg": 12.2,
            "equity": 698247,
            "current_ratio": 75.53,
            "debt_ratio": 55.84,
            "inventory_turnover_ratio": 0.71,
            "account_receivable_turnover_ratio": 1.92,
            "reinvestment_rate": 626.62,
            "research_to_sale_ratio": null,
            "price_fair": 22.27,
            "eps_avg_yearly": 0.64,
            "eps_latest_yearly": 0.24,
            "eps_growth_yearly": 95.23
        },
        "20091": {
            "year_quarter": 20091,
            "year": 2009,
            "quarter": 1,
            "eps": 0.2,
            "eps_growth_year": 233.33,
            "eps_4q": -0.15,
            "eps_4q_growth_year": -127.36,
            "roe": 1.62,
            "roe_4q": -1.66,
            "gross_profit": 101364,
            "gross_margin": 47.76,
            "gross_margin_4q_avg": 46.25,
            "net_income": 11540,
            "net_income_4q": null,
            "revenue": 212227,
            "revenue_4q": null,
            "common_shares": 611026,
            "book_valuer_per_share": 11.64,
            "book_valuer_per_share_4q_avg": 11.95,
            "equity": 725765,
            "current_ratio": 79.02,
            "debt_ratio": 54.86,
            "inventory_turnover_ratio": 0.69,
            "account_receivable_turnover_ratio": 0.95,
            "reinvestment_rate": 592.03,
            "research_to_sale_ratio": null,
            "price_fair": 21.56,
            "eps_avg_yearly": 0.62,
            "eps_latest_yearly": 0.24,
            "eps_growth_yearly": 108.23
        },
        "20092": {
            "year_quarter": 20092,
            "year": 2009,
            "quarter": 2,
            "eps": -0.96,
            "eps_growth_year": null,
            "eps_4q": -0.97,
            "eps_4q_growth_year": -888.81,
            "roe": -8.25,
            "roe_4q": -9.64,
            "gross_profit": 106831,
            "gross_margin": 48.2,
            "gross_margin_4q_avg": 47.07,
            "net_income": -60006,
            "net_income_4q": null,
            "revenue": 221652,
            "revenue_4q": null,
            "common_shares": 676309,
            "book_valuer_per_share": 10.58,
            "book_valuer_per_share_4q_avg": 11.5,
            "equity": 728271,
            "current_ratio": 82.59,
            "debt_ratio": 53.77,
            "inventory_turnover_ratio": 0.72,
            "account_receivable_turnover_ratio": 0.97,
            "reinvestment_rate": null,
            "research_to_sale_ratio": null,
            "price_fair": 20.53,
            "eps_avg_yearly": 0.59,
            "eps_latest_yearly": 0.24,
            "eps_growth_yearly": 118.14
        },
        "20093": {
            "year_quarter": 20093,
            "year": 2009,
            "quarter": 3,
            "eps": 0.18,
            "eps_growth_year": 260,
            "eps_4q": -0.91,
            "eps_4q_growth_year": -675.06,
            "roe": 1.3,
            "roe_4q": -8.6,
            "gross_profit": 91858,
            "gross_margin": 47.3,
            "gross_margin_4q_avg": 47.02,
            "net_income": 11010,
            "net_income_4q": null,
            "revenue": 194221,
            "revenue_4q": null,
            "common_shares": 768089,
            "book_valuer_per_share": 12.51,
            "book_valuer_per_share_4q_avg": 11.52,
            "equity": 971681,
            "current_ratio": 138.23,
            "debt_ratio": 39.69,
            "inventory_turnover_ratio": 0.64,
            "account_receivable_turnover_ratio": 0.84,
            "reinvestment_rate": null,
            "research_to_sale_ratio": null,
            "price_fair": 19.08,
            "eps_avg_yearly": 0.55,
            "eps_latest_yearly": 0.24,
            "eps_growth_yearly": 130.64
        },
        "20094": {
            "year_quarter": 20094,
            "year": 2009,
            "quarter": 4,
            "eps": -0.06,
            "eps_growth_year": null,
            "eps_4q": -0.48,
            "eps_4q_growth_year": null,
            "roe": -0.77,
            "roe_4q": -6.1,
            "gross_profit": 98618,
            "gross_margin": 42.89,
            "gross_margin_4q_avg": 46.54,
            "net_income": -8256,
            "net_income_4q": null,
            "revenue": 229909,
            "revenue_4q": null,
            "common_shares": 782891,
            "book_valuer_per_share": 13.24,
            "book_valuer_per_share_4q_avg": 11.99,
            "equity": 1162437,
            "current_ratio": 234.06,
            "debt_ratio": 38.93,
            "inventory_turnover_ratio": 0.82,
            "account_receivable_turnover_ratio": 1.73,
            "reinvestment_rate": null,
            "research_to_sale_ratio": null,
            "price_fair": 19.08,
            "eps_avg_yearly": 0.55,
            "eps_latest_yearly": 0.24,
            "eps_growth_yearly": 130.64
        },
        "20101": {
            "year_quarter": 20101,
            "year": 2010,
            "quarter": 1,
            "eps": 0.31,
            "eps_growth_year": 55,
            "eps_4q": -0.32,
            "eps_4q_growth_year": null,
            "roe": 1.65,
            "roe_4q": -6.07,
            "gross_profit": 91078,
            "gross_margin": 44.48,
            "gross_margin_4q_avg": 45.72,
            "net_income": 19571,
            "net_income_4q": null,
            "revenue": 204782,
            "revenue_4q": null,
            "common_shares": 785863,
            "book_valuer_per_share": 13.78,
            "book_valuer_per_share_4q_avg": 12.53,
            "equity": 1203198,
            "current_ratio": 276.98,
            "debt_ratio": 35.59,
            "inventory_turnover_ratio": 0.78,
            "account_receivable_turnover_ratio": 0.78,
            "reinvestment_rate": 2747.64,
            "research_to_sale_ratio": 7.91,
            "price_fair": 19.08,
            "eps_avg_yearly": 0.55,
            "eps_latest_yearly": 0.24,
            "eps_growth_yearly": 130.64
        },
        "20102": {
            "year_quarter": 20102,
            "year": 2010,
            "quarter": 2,
            "eps": 0.17,
            "eps_growth_year": null,
            "eps_4q": 0.59,
            "eps_4q_growth_year": null,
            "roe": 0.55,
            "roe_4q": 2.7300000000000004,
            "gross_profit": 96806,
            "gross_margin": 47,
            "gross_margin_4q_avg": 45.42,
            "net_income": 6749,
            "net_income_4q": null,
            "revenue": 205964,
            "revenue_4q": null,
            "common_shares": 797227,
            "book_valuer_per_share": 14.16,
            "book_valuer_per_share_4q_avg": 13.42,
            "equity": 1242582,
            "current_ratio": 322.55,
            "debt_ratio": 33.51,
            "inventory_turnover_ratio": 0.78,
            "account_receivable_turnover_ratio": 0.8,
            "reinvestment_rate": 725.76,
            "research_to_sale_ratio": 10.32,
            "price_fair": 19.95,
            "eps_avg_yearly": 0.57,
            "eps_latest_yearly": 0.68,
            "eps_growth_yearly": 118.06
        },
        "20103": {
            "year_quarter": 20103,
            "year": 2010,
            "quarter": 3,
            "eps": 0.11,
            "eps_growth_year": -36.8,
            "eps_4q": 0.53,
            "eps_4q_growth_year": null,
            "roe": 0.21,
            "roe_4q": 1.6400000000000001,
            "gross_profit": 93786,
            "gross_margin": 46.73,
            "gross_margin_4q_avg": 45.28,
            "net_income": 2697,
            "net_income_4q": null,
            "revenue": 200716,
            "revenue_4q": null,
            "common_shares": 814266,
            "book_valuer_per_share": 14.57,
            "book_valuer_per_share_4q_avg": 13.94,
            "equity": 1293381,
            "current_ratio": 370.43,
            "debt_ratio": 30.9,
            "inventory_turnover_ratio": 0.7,
            "account_receivable_turnover_ratio": 0.78,
            "reinvestment_rate": 617.53,
            "research_to_sale_ratio": 6.3,
            "price_fair": 20.83,
            "eps_avg_yearly": 0.6,
            "eps_latest_yearly": 0.44,
            "eps_growth_yearly": 125.41
        },
        "20104": {
            "year_quarter": 20104,
            "year": 2010,
            "quarter": 4,
            "eps": -0.19,
            "eps_growth_year": null,
            "eps_4q": 0.39,
            "eps_4q_growth_year": null,
            "roe": -1.69,
            "roe_4q": 0.72,
            "gross_profit": 89907,
            "gross_margin": 42.16,
            "gross_margin_4q_avg": 45.09,
            "net_income": -21656,
            "net_income_4q": null,
            "revenue": 213244,
            "revenue_4q": null,
            "common_shares": 815966,
            "book_valuer_per_share": 14.38,
            "book_valuer_per_share_4q_avg": 14.22,
            "equity": 1274177,
            "current_ratio": 234.34,
            "debt_ratio": 34.22,
            "inventory_turnover_ratio": 0.77,
            "account_receivable_turnover_ratio": 0.82,
            "reinvestment_rate": 1728.13,
            "research_to_sale_ratio": 21.8,
            "price_fair": 22.6,
            "eps_avg_yearly": 0.65,
            "eps_latest_yearly": 0.44,
            "eps_growth_yearly": 143.33
        },
        "20111": {
            "year_quarter": 20111,
            "year": 2011,
            "quarter": 1,
            "eps": -0.04,
            "eps_growth_year": -112.9,
            "eps_4q": 0.05,
            "eps_4q_growth_year": null,
            "roe": -0.96,
            "roe_4q": -1.89,
            "gross_profit": 97323,
            "gross_margin": 44.47,
            "gross_margin_4q_avg": 45.09,
            "net_income": -12540,
            "net_income_4q": null,
            "revenue": 218854,
            "revenue_4q": null,
            "common_shares": 820396,
            "book_valuer_per_share": 14.76,
            "book_valuer_per_share_4q_avg": 14.47,
            "equity": 1328090,
            "current_ratio": 498.36,
            "debt_ratio": 33.84,
            "inventory_turnover_ratio": 0.78,
            "account_receivable_turnover_ratio": 0.81,
            "reinvestment_rate": null,
            "research_to_sale_ratio": 10.54,
            "price_fair": 22.17,
            "eps_avg_yearly": 0.63,
            "eps_latest_yearly": 0.44,
            "eps_growth_yearly": 33.88
        },
        "20112": {
            "year_quarter": 20112,
            "year": 2011,
            "quarter": 2,
            "eps": 0.05,
            "eps_growth_year": -72.32,
            "eps_4q": -0.07,
            "eps_4q_growth_year": -111.31,
            "roe": -0.47,
            "roe_4q": -2.91,
            "gross_profit": 114736,
            "gross_margin": 48.83,
            "gross_margin_4q_avg": 45.55,
            "net_income": -6023,
            "net_income_4q": null,
            "revenue": 234993,
            "revenue_4q": null,
            "common_shares": 821126,
            "book_valuer_per_share": 14.05,
            "book_valuer_per_share_4q_avg": 14.44,
            "equity": 1234453,
            "current_ratio": 431.18,
            "debt_ratio": 36.01,
            "inventory_turnover_ratio": 0.77,
            "account_receivable_turnover_ratio": 0.84,
            "reinvestment_rate": null,
            "research_to_sale_ratio": 14.17,
            "price_fair": 1.08,
            "eps_avg_yearly": 0.36,
            "eps_latest_yearly": 0.44,
            "eps_growth_yearly": -101.56
        },
        "20113": {
            "year_quarter": 20113,
            "year": 2011,
            "quarter": 3,
            "eps": -0.24,
            "eps_growth_year": -307.8,
            "eps_4q": -0.42,
            "eps_4q_growth_year": -178.05,
            "roe": -2.7,
            "roe_4q": -5.82,
            "gross_profit": 111913,
            "gross_margin": 49.89,
            "gross_margin_4q_avg": 46.34,
            "net_income": -32313,
            "net_income_4q": null,
            "revenue": 224310,
            "revenue_4q": null,
            "common_shares": 821126,
            "book_valuer_per_share": 13.51,
            "book_valuer_per_share_4q_avg": 14.18,
            "equity": 1157187,
            "current_ratio": 290.35,
            "debt_ratio": 41.01,
            "inventory_turnover_ratio": 0.67,
            "account_receivable_turnover_ratio": 0.77,
            "reinvestment_rate": null,
            "research_to_sale_ratio": 15.6,
            "price_fair": 1.11,
            "eps_avg_yearly": 0.37,
            "eps_latest_yearly": 0.44,
            "eps_growth_yearly": -42.96
        },
        "20114": {
            "year_quarter": 20114,
            "year": 2011,
            "quarter": 4,
            "eps": -0.05,
            "eps_growth_year": null,
            "eps_4q": -0.28,
            "eps_4q_growth_year": -170.19,
            "roe": -0.93,
            "roe_4q": -5.0600000000000005,
            "gross_profit": 120723,
            "gross_margin": 48.36,
            "gross_margin_4q_avg": 47.89,
            "net_income": -11078,
            "net_income_4q": null,
            "revenue": 249649,
            "revenue_4q": null,
            "common_shares": 862152,
            "book_valuer_per_share": 12.84,
            "book_valuer_per_share_4q_avg": 13.79,
            "equity": 1221648,
            "current_ratio": 295.71,
            "debt_ratio": 42.54,
            "inventory_turnover_ratio": 0.67,
            "account_receivable_turnover_ratio": 0.83,
            "reinvestment_rate": null,
            "research_to_sale_ratio": 12.46,
            "price_fair": 15.87,
            "eps_avg_yearly": 0.45,
            "eps_latest_yearly": 0.44,
            "eps_growth_yearly": 26.06
        },
        "20121": {
            "year_quarter": 20121,
            "year": 2012,
            "quarter": 1,
            "eps": 1.16,
            "eps_growth_year": null,
            "eps_4q": 0.93,
            "eps_4q_growth_year": 1722.6,
            "roe": 6.97,
            "roe_4q": 2.87,
            "gross_profit": 117826,
            "gross_margin": 48.84,
            "gross_margin_4q_avg": 48.98,
            "net_income": 87128,
            "net_income_4q": null,
            "revenue": 241233,
            "revenue_4q": null,
            "common_shares": 862672,
            "book_valuer_per_share": 13.91,
            "book_valuer_per_share_4q_avg": 13.58,
            "equity": 1280151,
            "current_ratio": 234.36,
            "debt_ratio": 40.64,
            "inventory_turnover_ratio": 0.6,
            "account_receivable_turnover_ratio": 0.77,
            "reinvestment_rate": 747.7,
            "research_to_sale_ratio": 10.98,
            "price_fair": 1.68,
            "eps_avg_yearly": 0.56,
            "eps_latest_yearly": 0.44,
            "eps_growth_yearly": -160.91
        },
        "20122": {
            "year_quarter": 20122,
            "year": 2012,
            "quarter": 2,
            "eps": -0.32,
            "eps_growth_year": -779.43,
            "eps_4q": 0.51,
            "eps_4q_growth_year": null,
            "roe": -2.85,
            "roe_4q": 0.4899999999999989,
            "gross_profit": 125289,
            "gross_margin": 49.23,
            "gross_margin_4q_avg": 49.08,
            "net_income": -35931,
            "net_income_4q": null,
            "revenue": 254510,
            "revenue_4q": null,
            "common_shares": 862992,
            "book_valuer_per_share": 13.49,
            "book_valuer_per_share_4q_avg": 13.44,
            "equity": 1237635,
            "current_ratio": 256.07,
            "debt_ratio": 38.98,
            "inventory_turnover_ratio": 0.6,
            "account_receivable_turnover_ratio": 0.8,
            "reinvestment_rate": 1767.55,
            "research_to_sale_ratio": 9.76,
            "price_fair": 1.68,
            "eps_avg_yearly": 0.56,
            "eps_latest_yearly": 0.44,
            "eps_growth_yearly": -160.91
        },
        "20123": {
            "year_quarter": 20123,
            "year": 2012,
            "quarter": 3,
            "eps": 0.2,
            "eps_growth_year": null,
            "eps_4q": 0.94,
            "eps_4q_growth_year": null,
            "roe": 1.2,
            "roe_4q": 4.39,
            "gross_profit": 136758,
            "gross_margin": 50.25,
            "gross_margin_4q_avg": 49.17,
            "net_income": 14300,
            "net_income_4q": null,
            "revenue": 272153,
            "revenue_4q": null,
            "common_shares": 904012,
            "book_valuer_per_share": 13.29,
            "book_valuer_per_share_4q_avg": 13.38,
            "equity": 1144577,
            "current_ratio": 225.76,
            "debt_ratio": 40.62,
            "inventory_turnover_ratio": 0.6,
            "account_receivable_turnover_ratio": 0.8,
            "reinvestment_rate": 771.02,
            "research_to_sale_ratio": 7.1,
            "price_fair": 1.68,
            "eps_avg_yearly": 0.56,
            "eps_latest_yearly": 0.44,
            "eps_growth_yearly": -160.91
        },
        "20124": {
            "year_quarter": 20124,
            "year": 2012,
            "quarter": 4,
            "eps": 0.08,
            "eps_growth_year": null,
            "eps_4q": 1.06,
            "eps_4q_growth_year": null,
            "roe": 0.19,
            "roe_4q": 5.51,
            "gross_profit": 139563,
            "gross_margin": 46.63,
            "gross_margin_4q_avg": 48.74,
            "net_income": 2144,
            "net_income_4q": null,
            "revenue": 299278,
            "revenue_4q": null,
            "common_shares": 908392,
            "book_valuer_per_share": 13.43,
            "book_valuer_per_share_4q_avg": 13.53,
            "equity": 1162641,
            "current_ratio": 227.74,
            "debt_ratio": 44.18,
            "inventory_turnover_ratio": 0.69,
            "account_receivable_turnover_ratio": 0.82,
            "reinvestment_rate": 447.2,
            "research_to_sale_ratio": 8.74,
            "price_fair": 1.44,
            "eps_avg_yearly": 0.48,
            "eps_latest_yearly": 0.32,
            "eps_growth_yearly": -187.27
        },
        "20131": {
            "year_quarter": 20131,
            "year": 2013,
            "quarter": 1,
            "eps": 0.1,
            "eps_growth_year": -91.38,
            "eps_4q": 0.06,
            "eps_4q_growth_year": -94.06,
            "roe": 0.71,
            "roe_4q": -0.7500000000000004,
            "gross_profit": 146090,
            "gross_margin": 49.75,
            "gross_margin_4q_avg": 48.97,
            "net_income": 8674,
            "net_income_4q": null,
            "revenue": 293666,
            "revenue_4q": null,
            "common_shares": 936572,
            "book_valuer_per_share": 13.28,
            "book_valuer_per_share_4q_avg": 13.37,
            "equity": 1265542,
            "current_ratio": 221.68,
            "debt_ratio": 41.02,
            "inventory_turnover_ratio": 0.59,
            "account_receivable_turnover_ratio": 0.74,
            "reinvestment_rate": 392.8,
            "research_to_sale_ratio": 5.82,
            "price_fair": 1.38,
            "eps_avg_yearly": 0.46,
            "eps_latest_yearly": 0.4,
            "eps_growth_yearly": -115.46
        },
        "20132": {
            "year_quarter": 20132,
            "year": 2013,
            "quarter": 2,
            "eps": 0.16,
            "eps_growth_year": null,
            "eps_4q": 0.49,
            "eps_4q_growth_year": -4,
            "roe": 1.03,
            "roe_4q": 3.13,
            "gross_profit": 162877,
            "gross_margin": 52.16,
            "gross_margin_4q_avg": 49.7,
            "net_income": 13233,
            "net_income_4q": null,
            "revenue": 312238,
            "revenue_4q": null,
            "common_shares": 939265,
            "book_valuer_per_share": 14.17,
            "book_valuer_per_share_4q_avg": 13.54,
            "equity": 1304635,
            "current_ratio": 207.46,
            "debt_ratio": 42.64,
            "inventory_turnover_ratio": 0.5,
            "account_receivable_turnover_ratio": 0.73,
            "reinvestment_rate": 223.45,
            "research_to_sale_ratio": 7.74,
            "price_fair": 1.49,
            "eps_avg_yearly": 0.5,
            "eps_latest_yearly": 0.64,
            "eps_growth_yearly": -44.36
        },
        "20133": {
            "year_quarter": 20133,
            "year": 2013,
            "quarter": 3,
            "eps": 0.15,
            "eps_growth_year": -25.33,
            "eps_4q": 0.45,
            "eps_4q_growth_year": -52.38,
            "roe": 1,
            "roe_4q": 2.93,
            "gross_profit": 147521,
            "gross_margin": 48.91,
            "gross_margin_4q_avg": 49.36,
            "net_income": 13476,
            "net_income_4q": null,
            "revenue": 301607,
            "revenue_4q": null,
            "common_shares": 1019310,
            "book_valuer_per_share": 13.79,
            "book_valuer_per_share_4q_avg": 13.67,
            "equity": 1403767,
            "current_ratio": 249.8,
            "debt_ratio": 42.67,
            "inventory_turnover_ratio": 0.47,
            "account_receivable_turnover_ratio": 0.69,
            "reinvestment_rate": 216.71,
            "research_to_sale_ratio": 7,
            "price_fair": 1.54,
            "eps_avg_yearly": 0.51,
            "eps_latest_yearly": 0.6,
            "eps_growth_yearly": -41.14
        },
        "20134": {
            "year_quarter": 20134,
            "year": 2013,
            "quarter": 4,
            "eps": 0.25,
            "eps_growth_year": 207.43,
            "eps_4q": 0.6,
            "eps_4q_growth_year": -43.2,
            "roe": 1.15,
            "roe_4q": 3.8899999999999997,
            "gross_profit": 152509,
            "gross_margin": 44.63,
            "gross_margin_4q_avg": 48.86,
            "net_income": 20771,
            "net_income_4q": null,
            "revenue": 341728,
            "revenue_4q": null,
            "common_shares": 1086806,
            "book_valuer_per_share": 17.58,
            "book_valuer_per_share_4q_avg": 14.71,
            "equity": 2194073,
            "current_ratio": 323.64,
            "debt_ratio": 32.86,
            "inventory_turnover_ratio": 0.57,
            "account_receivable_turnover_ratio": 0.79,
            "reinvestment_rate": 209.74,
            "research_to_sale_ratio": 9.25,
            "price_fair": 7.48,
            "eps_avg_yearly": 0.58,
            "eps_latest_yearly": 1,
            "eps_growth_yearly": 2.84
        },
        "20141": {
            "year_quarter": 20141,
            "year": 2014,
            "quarter": 1,
            "eps": 0.35,
            "eps_growth_year": 250,
            "eps_4q": 0.88,
            "eps_4q_growth_year": 1498.36,
            "roe": 1.24,
            "roe_4q": 4.42,
            "gross_profit": 157043,
            "gross_margin": 49.19,
            "gross_margin_4q_avg": 48.72,
            "net_income": 30377,
            "net_income_4q": null,
            "revenue": 319228,
            "revenue_4q": null,
            "common_shares": 1092887,
            "book_valuer_per_share": 17.59,
            "book_valuer_per_share_4q_avg": 15.78,
            "equity": 2700183,
            "current_ratio": 405.88,
            "debt_ratio": 30.17,
            "inventory_turnover_ratio": 0.49,
            "account_receivable_turnover_ratio": 0.75,
            "reinvestment_rate": 184.56,
            "research_to_sale_ratio": 5.94,
            "price_fair": 22.25,
            "eps_avg_yearly": 0.69,
            "eps_latest_yearly": 1.4,
            "eps_growth_yearly": 22.48
        },
        "20142": {
            "year_quarter": 20142,
            "year": 2014,
            "quarter": 2,
            "eps": 0.28,
            "eps_growth_year": 75,
            "eps_4q": 0.94,
            "eps_4q_growth_year": 89.76,
            "roe": 0.69,
            "roe_4q": 4.08,
            "gross_profit": 173003,
            "gross_margin": 47.17,
            "gross_margin_4q_avg": 47.48,
            "net_income": 19235,
            "net_income_4q": null,
            "revenue": 366771,
            "revenue_4q": null,
            "common_shares": 1093563,
            "book_valuer_per_share": 20.03,
            "book_valuer_per_share_4q_avg": 17.25,
            "equity": 2912817,
            "current_ratio": 438.29,
            "debt_ratio": 27.84,
            "inventory_turnover_ratio": 0.59,
            "account_receivable_turnover_ratio": 0.87,
            "reinvestment_rate": 309.23,
            "research_to_sale_ratio": 11.24,
            "price_fair": 25.9,
            "eps_avg_yearly": 0.74,
            "eps_latest_yearly": 1.12,
            "eps_growth_yearly": 35.06
        },
        "20143": {
            "year_quarter": 20143,
            "year": 2014,
            "quarter": 3,
            "eps": 0.25,
            "eps_growth_year": 66.67,
            "eps_4q": 1.03,
            "eps_4q_growth_year": 130.07,
            "roe": 0.45,
            "roe_4q": 3.53,
            "gross_profit": 181301,
            "gross_margin": 45.85,
            "gross_margin_4q_avg": 46.71,
            "net_income": 13599,
            "net_income_4q": null,
            "revenue": 395447,
            "revenue_4q": null,
            "common_shares": 1203892,
            "book_valuer_per_share": 19.85,
            "book_valuer_per_share_4q_avg": 18.76,
            "equity": 3182859,
            "current_ratio": 225.22,
            "debt_ratio": 25.09,
            "inventory_turnover_ratio": 0.63,
            "account_receivable_turnover_ratio": 0.91,
            "reinvestment_rate": 787.48,
            "research_to_sale_ratio": 8.52,
            "price_fair": 28.35,
            "eps_avg_yearly": 0.81,
            "eps_latest_yearly": 1,
            "eps_growth_yearly": 47.35
        },
        "20144": {
            "year_quarter": 20144,
            "year": 2014,
            "quarter": 4,
            "eps": 0.12,
            "eps_growth_year": -52.03,
            "eps_4q": 0.92,
            "eps_4q_growth_year": 53.16,
            "roe": -0.05,
            "roe_4q": 2.33,
            "gross_profit": 178865,
            "gross_margin": 45.33,
            "gross_margin_4q_avg": 46.89,
            "net_income": -1643,
            "net_income_4q": null,
            "revenue": 394562,
            "revenue_4q": null,
            "common_shares": 1211485,
            "book_valuer_per_share": 19.82,
            "book_valuer_per_share_4q_avg": 19.32,
            "equity": 3159746,
            "current_ratio": 278.32,
            "debt_ratio": 26.72,
            "inventory_turnover_ratio": 0.6,
            "account_receivable_turnover_ratio": 0.9,
            "reinvestment_rate": 737.17,
            "research_to_sale_ratio": 11.6,
            "price_fair": 22.41,
            "eps_avg_yearly": 0.77,
            "eps_latest_yearly": 0.48,
            "eps_growth_yearly": 18.98
        },
        "20151": {
            "year_quarter": 20151,
            "year": 2015,
            "quarter": 1,
            "eps": 0.19,
            "eps_growth_year": -45.71,
            "eps_4q": 0.79,
            "eps_4q_growth_year": -9.87,
            "roe": 0.31,
            "roe_4q": 1.4,
            "gross_profit": 192827,
            "gross_margin": 47.53,
            "gross_margin_4q_avg": 46.47,
            "net_income": 9871,
            "net_income_4q": null,
            "revenue": 405715,
            "revenue_4q": null,
            "common_shares": 1219824,
            "book_valuer_per_share": 19.78,
            "book_valuer_per_share_4q_avg": 19.87,
            "equity": 3191041,
            "current_ratio": 230.44,
            "debt_ratio": 26.62,
            "inventory_turnover_ratio": 0.57,
            "account_receivable_turnover_ratio": 0.91,
            "reinvestment_rate": 586.29,
            "research_to_sale_ratio": 7.13,
            "price_fair": 27.02,
            "eps_avg_yearly": 0.77,
            "eps_latest_yearly": 0.76,
            "eps_growth_yearly": 40.41
        },
        "20152": {
            "year_quarter": 20152,
            "year": 2015,
            "quarter": 2,
            "eps": 0.06,
            "eps_growth_year": -78.57,
            "eps_4q": 0.58,
            "eps_4q_growth_year": -38.53,
            "roe": -0.04,
            "roe_4q": 0.67,
            "gross_profit": 207191,
            "gross_margin": 46.19,
            "gross_margin_4q_avg": 46.23,
            "net_income": -1124,
            "net_income_4q": null,
            "revenue": 448574,
            "revenue_4q": null,
            "common_shares": 1219824,
            "book_valuer_per_share": 19.73,
            "book_valuer_per_share_4q_avg": 19.8,
            "equity": 3143577,
            "current_ratio": 199.94,
            "debt_ratio": 28.95,
            "inventory_turnover_ratio": 0.64,
            "account_receivable_turnover_ratio": 0.96,
            "reinvestment_rate": 693.62,
            "research_to_sale_ratio": 7.06,
            "price_fair": 15.82,
            "eps_avg_yearly": 0.72,
            "eps_latest_yearly": 0.24,
            "eps_growth_yearly": 11.86
        },
        "20153": {
            "year_quarter": 20153,
            "year": 2015,
            "quarter": 3,
            "eps": 0.1,
            "eps_growth_year": -60,
            "eps_4q": 0.45,
            "eps_4q_growth_year": -56.3,
            "roe": 0.02,
            "roe_4q": 0.24,
            "gross_profit": 203930,
            "gross_margin": 44.62,
            "gross_margin_4q_avg": 45.92,
            "net_income": 635,
            "net_income_4q": null,
            "revenue": 457080,
            "revenue_4q": null,
            "common_shares": 1316682,
            "book_valuer_per_share": 18.02,
            "book_valuer_per_share_4q_avg": 19.34,
            "equity": 3065320,
            "current_ratio": 178.42,
            "debt_ratio": 32.42,
            "inventory_turnover_ratio": 0.66,
            "account_receivable_turnover_ratio": 0.91,
            "reinvestment_rate": 613.77,
            "research_to_sale_ratio": 6.86,
            "price_fair": 24.38,
            "eps_avg_yearly": 0.7,
            "eps_latest_yearly": 0.4,
            "eps_growth_yearly": 33.09
        },
        "20154": {
            "year_quarter": 20154,
            "year": 2015,
            "quarter": 4,
            "eps": -0.09,
            "eps_growth_year": -175.17,
            "eps_4q": 0.25,
            "eps_4q_growth_year": -73.14,
            "roe": -1.24,
            "roe_4q": -0.95,
            "gross_profit": 214726,
            "gross_margin": 46.17,
            "gross_margin_4q_avg": 46.13,
            "net_income": -37646,
            "net_income_4q": null,
            "revenue": 465040,
            "revenue_4q": null,
            "common_shares": 1332473,
            "book_valuer_per_share": 17.94,
            "book_valuer_per_share_4q_avg": 18.87,
            "equity": 3014190,
            "current_ratio": 173.89,
            "debt_ratio": 34.37,
            "inventory_turnover_ratio": 0.62,
            "account_receivable_turnover_ratio": 0.92,
            "reinvestment_rate": 642.36,
            "research_to_sale_ratio": 8.36,
            "price_fair": 24.38,
            "eps_avg_yearly": 0.7,
            "eps_latest_yearly": 0.4,
            "eps_growth_yearly": 33.09
        },
        "20161": {
            "year_quarter": 20161,
            "year": 2016,
            "quarter": 1,
            "eps": 1.35,
            "eps_growth_year": 610.53,
            "eps_4q": 1.41,
            "eps_4q_growth_year": 78.09,
            "roe": 4.69,
            "roe_4q": 3.43,
            "gross_profit": 228222,
            "gross_margin": 47.04,
            "gross_margin_4q_avg": 46.01,
            "net_income": 159156,
            "net_income_4q": null,
            "revenue": 485146,
            "revenue_4q": null,
            "common_shares": 1336804,
            "book_valuer_per_share": 19.24,
            "book_valuer_per_share_4q_avg": 18.73,
            "equity": 3770559,
            "current_ratio": 139.42,
            "debt_ratio": 40.01,
            "inventory_turnover_ratio": 0.64,
            "account_receivable_turnover_ratio": 0.96,
            "reinvestment_rate": 824.25,
            "research_to_sale_ratio": 6.25,
            "price_fair": 24.38,
            "eps_avg_yearly": 0.7,
            "eps_latest_yearly": 0.4,
            "eps_growth_yearly": 33.09
        },
        "20162": {
            "year_quarter": 20162,
            "year": 2016,
            "quarter": 2,
            "eps": 0.05,
            "eps_growth_year": -16.67,
            "eps_4q": 1.22,
            "eps_4q_growth_year": 112.47,
            "roe": -0.29,
            "roe_4q": 3.18,
            "gross_profit": 230359,
            "gross_margin": 44.38,
            "gross_margin_4q_avg": 45.55,
            "net_income": -11221,
            "net_income_4q": null,
            "revenue": 519095,
            "revenue_4q": null,
            "common_shares": 1336804,
            "book_valuer_per_share": 19.12,
            "book_valuer_per_share_4q_avg": 18.58,
            "equity": 3980850,
            "current_ratio": 143.33,
            "debt_ratio": 40.65,
            "inventory_turnover_ratio": 0.73,
            "account_receivable_turnover_ratio": 0.99,
            "reinvestment_rate": 774.97,
            "research_to_sale_ratio": 7.06,
            "price_fair": 6.58,
            "eps_avg_yearly": 0.66,
            "eps_latest_yearly": 0.2,
            "eps_growth_yearly": 0.92
        },
        "20163": {
            "year_quarter": 20163,
            "year": 2016,
            "quarter": 3,
            "eps": 0.03,
            "eps_growth_year": -70,
            "eps_4q": 1.08,
            "eps_4q_growth_year": 139.39,
            "roe": -0.24,
            "roe_4q": 2.92,
            "gross_profit": 178012,
            "gross_margin": 41.92,
            "gross_margin_4q_avg": 44.88,
            "net_income": -10194,
            "net_income_4q": null,
            "revenue": 424689,
            "revenue_4q": null,
            "common_shares": 1664449,
            "book_valuer_per_share": 18.82,
            "book_valuer_per_share_4q_avg": 18.78,
            "equity": 4500002,
            "current_ratio": 226.6,
            "debt_ratio": 33.04,
            "inventory_turnover_ratio": 0.6,
            "account_receivable_turnover_ratio": 0.82,
            "reinvestment_rate": 807.29,
            "research_to_sale_ratio": 6.71,
            "price_fair": 1.86,
            "eps_avg_yearly": 0.62,
            "eps_latest_yearly": 0.12,
            "eps_growth_yearly": -10.58
        },
        "20164": {
            "year_quarter": 20164,
            "year": 2016,
            "quarter": 4,
            "eps": -0.11,
            "eps_growth_year": null,
            "eps_4q": 1.04,
            "eps_4q_growth_year": 319.01,
            "roe": -0.96,
            "roe_4q": 3.2,
            "gross_profit": 178370,
            "gross_margin": 40.88,
            "gross_margin_4q_avg": 43.56,
            "net_income": -42481,
            "net_income_4q": null,
            "revenue": 436317,
            "revenue_4q": null,
            "common_shares": 1664449,
            "book_valuer_per_share": 18.96,
            "book_valuer_per_share_4q_avg": 19.04,
            "equity": 4352750,
            "current_ratio": 167.39,
            "debt_ratio": 35.89,
            "inventory_turnover_ratio": 0.57,
            "account_receivable_turnover_ratio": 0.86,
            "reinvestment_rate": 900.31,
            "research_to_sale_ratio": 11.67,
            "price_fair": 10.98,
            "eps_avg_yearly": 0.64,
            "eps_latest_yearly": 0.12,
            "eps_growth_yearly": 7.07
        },
        "20171": {
            "year_quarter": 20171,
            "year": 2017,
            "quarter": 1,
            "eps": 0,
            "eps_growth_year": -100,
            "eps_4q": -0.03,
            "eps_4q_growth_year": -101.97,
            "roe": -0.51,
            "roe_4q": -2,
            "gross_profit": 182494,
            "gross_margin": 41.38,
            "gross_margin_4q_avg": 42.14,
            "net_income": -22316,
            "net_income_4q": null,
            "revenue": 440988,
            "revenue_4q": null,
            "common_shares": 1647689,
            "book_valuer_per_share": 19.03,
            "book_valuer_per_share_4q_avg": 18.98,
            "equity": 4343054,
            "current_ratio": 138.35,
            "debt_ratio": 37.3,
            "inventory_turnover_ratio": 0.53,
            "account_receivable_turnover_ratio": 0.91,
            "reinvestment_rate": 991.87,
            "research_to_sale_ratio": 7.52,
            "price_fair": 1.99,
            "eps_avg_yearly": 0.66,
            "eps_latest_yearly": 0.12,
            "eps_growth_yearly": -0.67
        },
        "20172": {
            "year_quarter": 20172,
            "year": 2017,
            "quarter": 2,
            "eps": -0.16,
            "eps_growth_year": -420,
            "eps_4q": -0.2,
            "eps_4q_growth_year": -116.66,
            "roe": -1.25,
            "roe_4q": -2.96,
            "gross_profit": 149528,
            "gross_margin": 31.8,
            "gross_margin_4q_avg": 39,
            "net_income": -53407,
            "net_income_4q": null,
            "revenue": 470249,
            "revenue_4q": null,
            "common_shares": 1647689,
            "book_valuer_per_share": 18.5,
            "book_valuer_per_share_4q_avg": 18.83,
            "equity": 4229793,
            "current_ratio": 118.87,
            "debt_ratio": 39.59,
            "inventory_turnover_ratio": 0.67,
            "account_receivable_turnover_ratio": 1.02,
            "reinvestment_rate": 1144.23,
            "research_to_sale_ratio": 6.22,
            "price_fair": 2,
            "eps_avg_yearly": 0.67,
            "eps_latest_yearly": 0.12,
            "eps_growth_yearly": -22.55
        },
        "20173": {
            "year_quarter": 20173,
            "year": 2017,
            "quarter": 3,
            "eps": 0.05,
            "eps_growth_year": 66.67,
            "eps_4q": -0.19,
            "eps_4q_growth_year": -117.21,
            "roe": -0.93,
            "roe_4q": -3.6500000000000004,
            "gross_profit": 184166,
            "gross_margin": 41.13,
            "gross_margin_4q_avg": 38.8,
            "net_income": -38839,
            "net_income_4q": null,
            "revenue": 447721,
            "revenue_4q": null,
            "common_shares": 1840181,
            "book_valuer_per_share": 16.39,
            "book_valuer_per_share_4q_avg": 18.22,
            "equity": 4149152,
            "current_ratio": 115.58,
            "debt_ratio": 42.17,
            "inventory_turnover_ratio": 0.57,
            "account_receivable_turnover_ratio": 0.97,
            "reinvestment_rate": 1156.67,
            "research_to_sale_ratio": 15.59,
            "price_fair": 2.02,
            "eps_avg_yearly": 0.67,
            "eps_latest_yearly": 0.12,
            "eps_growth_yearly": -22.31
        },
        "20174": {
            "year_quarter": 20174,
            "year": 2017,
            "quarter": 4,
            "eps": 0.11,
            "eps_growth_year": null,
            "eps_4q": 0.03,
            "eps_4q_growth_year": -97.46,
            "roe": -0.51,
            "roe_4q": -3.2,
            "gross_profit": 201308,
            "gross_margin": 40.1,
            "gross_margin_4q_avg": 38.6,
            "net_income": -20558,
            "net_income_4q": null,
            "revenue": 501986,
            "revenue_4q": null,
            "common_shares": 1840181,
            "book_valuer_per_share": 16.08,
            "book_valuer_per_share_4q_avg": 17.5,
            "equity": 3965399,
            "current_ratio": 91.28,
            "debt_ratio": 47.15,
            "inventory_turnover_ratio": 0.56,
            "account_receivable_turnover_ratio": 0.96,
            "reinvestment_rate": 1083.98,
            "research_to_sale_ratio": 11.06,
            "price_fair": 1.85,
            "eps_avg_yearly": 0.62,
            "eps_latest_yearly": 0.44,
            "eps_growth_yearly": -0.97
        },
        "20181": {
            "year_quarter": 20181,
            "year": 2018,
            "quarter": 1,
            "eps": 2.11,
            "eps_growth_year": null,
            "eps_4q": 2.13,
            "eps_4q_growth_year": null,
            "roe": 7.94,
            "roe_4q": 5.250000000000001,
            "gross_profit": 242601,
            "gross_margin": 40.64,
            "gross_margin_4q_avg": 38.42,
            "net_income": 344801,
            "net_income_4q": null,
            "revenue": 596955,
            "revenue_4q": null,
            "common_shares": 1840181,
            "book_valuer_per_share": 18.79,
            "book_valuer_per_share_4q_avg": 17.44,
            "equity": 4720509,
            "current_ratio": 129.88,
            "debt_ratio": 40.5,
            "inventory_turnover_ratio": 0.58,
            "account_receivable_turnover_ratio": 0.98,
            "reinvestment_rate": 457.52,
            "research_to_sale_ratio": 7.87,
            "price_fair": 46.2,
            "eps_avg_yearly": 1.32,
            "eps_latest_yearly": 8.44,
            "eps_growth_yearly": 710.3
        },
        "20182": {
            "year_quarter": 20182,
            "year": 2018,
            "quarter": 2,
            "eps": 0.03,
            "eps_growth_year": null,
            "eps_4q": 2.09,
            "eps_4q_growth_year": null,
            "roe": -0.75,
            "roe_4q": 5.750000000000001,
            "gross_profit": 224928,
            "gross_margin": 39.31,
            "gross_margin_4q_avg": 40.3,
            "net_income": -35312,
            "net_income_4q": null,
            "revenue": 572136,
            "revenue_4q": null,
            "common_shares": 1840181,
            "book_valuer_per_share": 18.66,
            "book_valuer_per_share_4q_avg": 17.48,
            "equity": 4659007,
            "current_ratio": 108.22,
            "debt_ratio": 39.48,
            "inventory_turnover_ratio": 0.56,
            "account_receivable_turnover_ratio": 0.92,
            "reinvestment_rate": 482.99,
            "research_to_sale_ratio": 7.68,
            "price_fair": 42.7,
            "eps_avg_yearly": 1.22,
            "eps_latest_yearly": 0.12,
            "eps_growth_yearly": 678.87
        },
        "20183": {
            "year_quarter": 20183,
            "year": 2018,
            "quarter": 3,
            "eps": 0.17,
            "eps_growth_year": 240,
            "eps_4q": 2.21,
            "eps_4q_growth_year": null,
            "roe": -0.05,
            "roe_4q": 6.630000000000001,
            "gross_profit": 231875,
            "gross_margin": 40.14,
            "gross_margin_4q_avg": 40.05,
            "net_income": -2340,
            "net_income_4q": null,
            "revenue": 577711,
            "revenue_4q": null,
            "common_shares": 2004800,
            "book_valuer_per_share": 17.51,
            "book_valuer_per_share_4q_avg": 17.76,
            "equity": 4724573,
            "current_ratio": 107.45,
            "debt_ratio": 39.81,
            "inventory_turnover_ratio": 0.53,
            "account_receivable_turnover_ratio": 0.95,
            "reinvestment_rate": 304.94,
            "research_to_sale_ratio": 7.98,
            "price_fair": 41.58,
            "eps_avg_yearly": 1.19,
            "eps_latest_yearly": 0.68,
            "eps_growth_yearly": 869.82
        },
        "20184": {
            "year_quarter": 20184,
            "year": 2018,
            "quarter": 4,
            "eps": 0.1,
            "eps_growth_year": -13.4,
            "eps_4q": 2.25,
            "eps_4q_growth_year": 8430.87,
            "roe": -0.29,
            "roe_4q": 6.8500000000000005,
            "gross_profit": 248870,
            "gross_margin": 40.38,
            "gross_margin_4q_avg": 40.12,
            "net_income": -13293,
            "net_income_4q": null,
            "revenue": 616395,
            "revenue_4q": null,
            "common_shares": 1974760,
            "book_valuer_per_share": 16.79,
            "book_valuer_per_share_4q_avg": 17.94,
            "equity": 4485240,
            "current_ratio": 93.25,
            "debt_ratio": 40.55,
            "inventory_turnover_ratio": 0.55,
            "account_receivable_turnover_ratio": 1.04,
            "reinvestment_rate": 285.72,
            "research_to_sale_ratio": 7.58,
            "price_fair": 41.3,
            "eps_avg_yearly": 1.18,
            "eps_latest_yearly": 0.4,
            "eps_growth_yearly": 874.15
        },
        "20191": {
            "year_quarter": 20191,
            "year": 2019,
            "quarter": 1,
            "eps": 0.09,
            "eps_growth_year": -95.73,
            "eps_4q": 0.39,
            "eps_4q_growth_year": -81.88,
            "roe": -0.5,
            "roe_4q": -1.59,
            "gross_profit": 231412,
            "gross_margin": 37.48,
            "gross_margin_4q_avg": 39.33,
            "net_income": -22670,
            "net_income_4q": null,
            "revenue": 617478,
            "revenue_4q": null,
            "common_shares": 1974760,
            "book_valuer_per_share": 16.82,
            "book_valuer_per_share_4q_avg": 17.45,
            "equity": 4516677,
            "current_ratio": 75.13,
            "debt_ratio": 45.26,
            "inventory_turnover_ratio": 0.53,
            "account_receivable_turnover_ratio": 1.01,
            "reinvestment_rate": 413.76,
            "research_to_sale_ratio": 8.76,
            "price_fair": 39.9,
            "eps_avg_yearly": 1.14,
            "eps_latest_yearly": 0.36,
            "eps_growth_yearly": 846.82
        },
        "20192": {
            "year_quarter": 20192,
            "year": 2019,
            "quarter": 2,
            "eps": -0.03,
            "eps_growth_year": -200,
            "eps_4q": 0.28,
            "eps_4q_growth_year": -86.5,
            "roe": -1.37,
            "roe_4q": -2.21,
            "gross_profit": 210512,
            "gross_margin": 31.21,
            "gross_margin_4q_avg": 37.3,
            "net_income": -61415,
            "net_income_4q": null,
            "revenue": 674403,
            "revenue_4q": null,
            "common_shares": 1974760,
            "book_valuer_per_share": 16.62,
            "book_valuer_per_share_4q_avg": 16.94,
            "equity": 4438590,
            "current_ratio": 77.31,
            "debt_ratio": 48.27,
            "inventory_turnover_ratio": 0.57,
            "account_receivable_turnover_ratio": 1.04,
            "reinvestment_rate": 406.14,
            "research_to_sale_ratio": 7.63,
            "price_fair": 43.4,
            "eps_avg_yearly": 1.24,
            "eps_latest_yearly": 0.36,
            "eps_growth_yearly": 971.32
        },
        "20193": {
            "year_quarter": 20193,
            "year": 2019,
            "quarter": 3,
            "eps": 0.05,
            "eps_growth_year": -70.59,
            "eps_4q": 0.18,
            "eps_4q_growth_year": -91.75,
            "roe": -0.86,
            "roe_4q": -3.02,
            "gross_profit": 200722,
            "gross_margin": 29.91,
            "gross_margin_4q_avg": 34.75,
            "net_income": -38168,
            "net_income_4q": null,
            "revenue": 671041,
            "revenue_4q": null,
            "common_shares": 2260484,
            "book_valuer_per_share": 14.77,
            "book_valuer_per_share_4q_avg": 16.25,
            "equity": 4463494,
            "current_ratio": 86.02,
            "debt_ratio": 48.69,
            "inventory_turnover_ratio": 0.55,
            "account_receivable_turnover_ratio": 0.99,
            "reinvestment_rate": 408.28,
            "research_to_sale_ratio": 8.2,
            "price_fair": 47.08,
            "eps_avg_yearly": 1.35,
            "eps_latest_yearly": 0.36,
            "eps_growth_yearly": 1059.4
        },
        "20194": {
            "year_quarter": 20194,
            "year": 2019,
            "quarter": 4,
            "eps": 0.11,
            "eps_growth_year": 12.01,
            "eps_4q": 0.2,
            "eps_4q_growth_year": -90.93,
            "roe": -0.44,
            "roe_4q": -3.17,
            "gross_profit": 253270,
            "gross_margin": 35.31,
            "gross_margin_4q_avg": 33.48,
            "net_income": -20406,
            "net_income_4q": null,
            "revenue": 717259,
            "revenue_4q": null,
            "common_shares": 2441685,
            "book_valuer_per_share": 15.09,
            "book_valuer_per_share_4q_avg": 15.83,
            "equity": 4812942,
            "current_ratio": 105.14,
            "debt_ratio": 44.87,
            "inventory_turnover_ratio": 0.51,
            "account_receivable_turnover_ratio": 1.04,
            "reinvestment_rate": 379.06,
            "research_to_sale_ratio": 7.12,
            "price_fair": 43.56,
            "eps_avg_yearly": 1.24,
            "eps_latest_yearly": 0.44,
            "eps_growth_yearly": 995.02
        },
        "20201": {
            "year_quarter": 20201,
            "year": 2020,
            "quarter": 1,
            "eps": 0.28,
            "eps_growth_year": 211.11,
            "eps_4q": 0.41,
            "eps_4q_growth_year": 6.46,
            "roe": 0.56,
            "roe_4q": -2.1100000000000003,
            "gross_profit": 277891,
            "gross_margin": 35.34,
            "gross_margin_4q_avg": 32.94,
            "net_income": 26842,
            "net_income_4q": null,
            "revenue": 786291,
            "revenue_4q": null,
            "common_shares": 2441685,
            "book_valuer_per_share": 15.21,
            "book_valuer_per_share_4q_avg": 15.42,
            "equity": 4784774,
            "current_ratio": 145.94,
            "debt_ratio": 46.04,
            "inventory_turnover_ratio": 0.52,
            "account_receivable_turnover_ratio": 1.12,
            "reinvestment_rate": 215.27,
            "research_to_sale_ratio": 5.19,
            "price_fair": 43.12,
            "eps_avg_yearly": 1.23,
            "eps_latest_yearly": 1.12,
            "eps_growth_yearly": 957.34
        },
        "20202": {
            "year_quarter": 20202,
            "year": 2020,
            "quarter": 2,
            "eps": 1.66,
            "eps_growth_year": null,
            "eps_4q": 1.94,
            "eps_4q_growth_year": 588.79,
            "roe": 7.08,
            "roe_4q": 6.34,
            "gross_profit": 247761,
            "gross_margin": 36.12,
            "gross_margin_4q_avg": 34.17,
            "net_income": 377651,
            "net_income_4q": null,
            "revenue": 685965,
            "revenue_4q": null,
            "common_shares": 2642205,
            "book_valuer_per_share": 17.4,
            "book_valuer_per_share_4q_avg": 15.62,
            "equity": 5879835,
            "current_ratio": 154.84,
            "debt_ratio": 43.45,
            "inventory_turnover_ratio": 0.4,
            "account_receivable_turnover_ratio": 0.99,
            "reinvestment_rate": 212.59,
            "research_to_sale_ratio": 6.09,
            "price_fair": 65.66,
            "eps_avg_yearly": 1.88,
            "eps_latest_yearly": 6.64,
            "eps_growth_yearly": 1193
        },
        "20203": {
            "year_quarter": 20203,
            "year": 2020,
            "quarter": 3,
            "eps": 0.28,
            "eps_growth_year": 460,
            "eps_4q": 2.18,
            "eps_4q_growth_year": 1095.04,
            "roe": 0.55,
            "roe_4q": 7.749999999999999,
            "gross_profit": 283799,
            "gross_margin": 38.29,
            "gross_margin_4q_avg": 36.27,
            "net_income": 32507,
            "net_income_4q": null,
            "revenue": 741264,
            "revenue_4q": null,
            "common_shares": 2826833,
            "book_valuer_per_share": 16.5,
            "book_valuer_per_share_4q_avg": 16.05,
            "equity": 5891353,
            "current_ratio": 191.64,
            "debt_ratio": 43.11,
            "inventory_turnover_ratio": 0.37,
            "account_receivable_turnover_ratio": 1.11,
            "reinvestment_rate": 172.59,
            "research_to_sale_ratio": 5.12,
            "price_fair": 69.16,
            "eps_avg_yearly": 1.98,
            "eps_latest_yearly": 1.12,
            "eps_growth_yearly": 1175.75
        },
        "20204": {
            "year_quarter": 20204,
            "year": 2020,
            "quarter": 4,
            "eps": 0.3,
            "eps_growth_year": 174.69,
            "eps_4q": 2.39,
            "eps_4q_growth_year": 1070.33,
            "roe": 0.63,
            "roe_4q": 8.82,
            "gross_profit": 323617,
            "gross_margin": 39.24,
            "gross_margin_4q_avg": 37.25,
            "net_income": 37603,
            "net_income_4q": null,
            "revenue": 824766,
            "revenue_4q": null,
            "common_shares": 2808183,
            "book_valuer_per_share": 16.84,
            "book_valuer_per_share_4q_avg": 16.49,
            "equity": 5954620,
            "current_ratio": 191.21,
            "debt_ratio": 42.62,
            "inventory_turnover_ratio": 0.4,
            "account_receivable_turnover_ratio": 1.19,
            "reinvestment_rate": 141.62,
            "research_to_sale_ratio": 4.72,
            "price_fair": 66.69,
            "eps_avg_yearly": 1.91,
            "eps_latest_yearly": 1.2,
            "eps_growth_yearly": 1071.46
        },
        "20211": {
            "year_quarter": 20211,
            "year": 2021,
            "quarter": 1,
            "eps": 0.23,
            "eps_growth_year": -17.86,
            "eps_4q": 2.39,
            "eps_4q_growth_year": 482.47,
            "roe": 0.31,
            "roe_4q": 8.57,
            "gross_profit": 296654,
            "gross_margin": 39.02,
            "gross_margin_4q_avg": 38.17,
            "net_income": 18222,
            "net_income_4q": null,
            "revenue": 760339,
            "revenue_4q": null,
            "common_shares": 2808183,
            "book_valuer_per_share": 16.7,
            "book_valuer_per_share_4q_avg": 16.86,
            "equity": 5844921,
            "current_ratio": 175.62,
            "debt_ratio": 43.44,
            "inventory_turnover_ratio": 0.39,
            "account_receivable_turnover_ratio": 1.06,
            "reinvestment_rate": 116.07,
            "research_to_sale_ratio": 7.01,
            "price_fair": 63.82,
            "eps_avg_yearly": 1.82,
            "eps_latest_yearly": 0.92,
            "eps_growth_yearly": 974.39
        },
        "20212": {
            "year_quarter": 20212,
            "year": 2021,
            "quarter": 2,
            "eps": 0.29,
            "eps_growth_year": -82.53,
            "eps_4q": 1.1,
            "eps_4q_growth_year": -43.18,
            "roe": 0.46,
            "roe_4q": 1.95,
            "gross_profit": 305124,
            "gross_margin": 39.21,
            "gross_margin_4q_avg": 38.94,
            "net_income": 26761,
            "net_income_4q": null,
            "revenue": 778151,
            "revenue_4q": null,
            "common_shares": 2808183,
            "book_valuer_per_share": 16.98,
            "book_valuer_per_share_4q_avg": 16.76,
            "equity": 5871563,
            "current_ratio": 165.64,
            "debt_ratio": 42.56,
            "inventory_turnover_ratio": 0.39,
            "account_receivable_turnover_ratio": 1.04,
            "reinvestment_rate": 93.26,
            "research_to_sale_ratio": 7.08,
            "price_fair": 62.03,
            "eps_avg_yearly": 1.77,
            "eps_latest_yearly": 1.16,
            "eps_growth_yearly": 907.46
        },
        "20213": {
            "year_quarter": 20213,
            "year": 2021,
            "quarter": 3,
            "eps": 0.24,
            "eps_growth_year": -14.29,
            "eps_4q": 0.97,
            "eps_4q_growth_year": -55.49,
            "roe": 0.43,
            "roe_4q": 1.83,
            "gross_profit": 309400,
            "gross_margin": 39.77,
            "gross_margin_4q_avg": 39.31,
            "net_income": 25370,
            "net_income_4q": null,
            "revenue": 777962,
            "revenue_4q": null,
            "common_shares": 3131342,
            "book_valuer_per_share": 15.42,
            "book_valuer_per_share_4q_avg": 16.49,
            "equity": 5832126,
            "current_ratio": 156.47,
            "debt_ratio": 42.38,
            "inventory_turnover_ratio": 0.38,
            "account_receivable_turnover_ratio": 1.05,
            "reinvestment_rate": 86.8,
            "research_to_sale_ratio": 7.35,
            "price_fair": 60,
            "eps_avg_yearly": 1.71,
            "eps_latest_yearly": 0.96,
            "eps_growth_yearly": 837.72
        },
        "20214": {
            "year_quarter": 20214,
            "year": 2021,
            "quarter": 4,
            "eps": 0.32,
            "eps_growth_year": 6.99,
            "eps_4q": 1.02,
            "eps_4q_growth_year": -57.2,
            "roe": 0.77,
            "roe_4q": 1.97,
            "gross_profit": 374190,
            "gross_margin": 40.74,
            "gross_margin_4q_avg": 39.69,
            "net_income": 45722,
            "net_income_4q": null,
            "revenue": 918508,
            "revenue_4q": null,
            "common_shares": 3131342,
            "book_valuer_per_share": 15.83,
            "book_valuer_per_share_4q_avg": 16.23,
            "equity": 6095362,
            "current_ratio": 164.06,
            "debt_ratio": 40.92,
            "inventory_turnover_ratio": 0.46,
            "account_receivable_turnover_ratio": 1.22,
            "reinvestment_rate": 72.36,
            "research_to_sale_ratio": 5.32,
            "price_fair": 62.1,
            "eps_avg_yearly": 1.77,
            "eps_latest_yearly": 1.28,
            "eps_growth_yearly": 812.96
        },
        "20221": {
            "year_quarter": 20221,
            "year": 2022,
            "quarter": 1,
            "eps": 0.42,
            "eps_growth_year": 82.61,
            "eps_4q": 1.24,
            "eps_4q_growth_year": -48.34,
            "roe": 1.37,
            "roe_4q": 3.0300000000000002,
            "gross_profit": 404500,
            "gross_margin": 41.84,
            "gross_margin_4q_avg": 40.39,
            "net_income": 83260,
            "net_income_4q": null,
            "revenue": 966668,
            "revenue_4q": null,
            "common_shares": 3131342,
            "book_valuer_per_share": 15.76,
            "book_valuer_per_share_4q_avg": 16,
            "equity": 6042483,
            "current_ratio": 175.14,
            "debt_ratio": 41.95,
            "inventory_turnover_ratio": 0.48,
            "account_receivable_turnover_ratio": 1.19,
            "reinvestment_rate": 119.62,
            "research_to_sale_ratio": 5.63,
            "price_fair": 45.2,
            "eps_avg_yearly": 1.29,
            "eps_latest_yearly": 1.68,
            "eps_growth_yearly": 302.41
        },
        "20222": {
            "year_quarter": 20222,
            "year": 2022,
            "quarter": 2,
            "eps": 1.24,
            "eps_growth_year": 327.59,
            "eps_4q": 2.14,
            "eps_4q_growth_year": 93.95,
            "roe": 5.74,
            "roe_4q": 8.31,
            "gross_profit": 448989,
            "gross_margin": 42.45,
            "gross_margin_4q_avg": 41.2,
            "net_income": 356601,
            "net_income_4q": null,
            "revenue": 1057731,
            "revenue_4q": null,
            "common_shares": 3136842,
            "book_valuer_per_share": 17,
            "book_valuer_per_share_4q_avg": 16,
            "equity": 6378170,
            "current_ratio": 186.39,
            "debt_ratio": 40.04,
            "inventory_turnover_ratio": 0.52,
            "account_receivable_turnover_ratio": 1.18,
            "reinvestment_rate": 79.02,
            "research_to_sale_ratio": 5.83,
            "price_fair": 57.3,
            "eps_avg_yearly": 1.64,
            "eps_latest_yearly": 4.96,
            "eps_growth_yearly": 386.35
        },
        "20223": {
            "year_quarter": 20223,
            "year": 2022,
            "quarter": 3,
            "eps": 0.35,
            "eps_growth_year": 45.83,
            "eps_4q": 2.27,
            "eps_4q_growth_year": 133.51,
            "roe": 1.03,
            "roe_4q": 8.91,
            "gross_profit": 435984,
            "gross_margin": 39.44,
            "gross_margin_4q_avg": 41.12,
            "net_income": 66464,
            "net_income_4q": null,
            "revenue": 1105557,
            "revenue_4q": null,
            "common_shares": 3437007,
            "book_valuer_per_share": 15.83,
            "book_valuer_per_share_4q_avg": 16.11,
            "equity": 6524504,
            "current_ratio": 186.65,
            "debt_ratio": 41.68,
            "inventory_turnover_ratio": 0.55,
            "account_receivable_turnover_ratio": 1.13,
            "reinvestment_rate": 77.64,
            "research_to_sale_ratio": 3.74,
            "price_fair": 59.1,
            "eps_avg_yearly": 1.69,
            "eps_latest_yearly": 1.4,
            "eps_growth_yearly": 232.51
        },
        "20224": {
            "year_quarter": 20224,
            "year": 2022,
            "quarter": 4,
            "eps": 0.49,
            "eps_growth_year": 52.12,
            "eps_4q": 2.46,
            "eps_4q_growth_year": 140.89,
            "roe": 1.71,
            "roe_4q": 9.850000000000001,
            "gross_profit": 537171,
            "gross_margin": 42.75,
            "gross_margin_4q_avg": 41.62,
            "net_income": 112560,
            "net_income_4q": null,
            "revenue": 1256408,
            "revenue_4q": null,
            "common_shares": 3437007,
            "book_valuer_per_share": 16.37,
            "book_valuer_per_share_4q_avg": 16.24,
            "equity": 6648821,
            "current_ratio": 172.57,
            "debt_ratio": 40.65,
            "inventory_turnover_ratio": 0.55,
            "account_receivable_turnover_ratio": 1.18,
            "reinvestment_rate": 69.29,
            "research_to_sale_ratio": 4.6,
            "price_fair": 63,
            "eps_avg_yearly": 1.8,
            "eps_latest_yearly": 1.96,
            "eps_growth_yearly": 255.71
        },
        "20231": {
            "year_quarter": 20231,
            "year": 2023,
            "quarter": 1,
            "eps": 0.39,
            "eps_growth_year": -7.14,
            "eps_4q": 2.46,
            "eps_4q_growth_year": 99.47,
            "roe": 1.2,
            "roe_4q": 9.68,
            "gross_profit": 510652,
            "gross_margin": 40.6,
            "gross_margin_4q_avg": 41.31,
            "net_income": 78962,
            "net_income_4q": null,
            "revenue": 1257728,
            "revenue_4q": null,
            "common_shares": 3437007,
            "book_valuer_per_share": 16.14,
            "book_valuer_per_share_4q_avg": 16.34,
            "equity": 6531445,
            "current_ratio": 146.94,
            "debt_ratio": 42.72,
            "inventory_turnover_ratio": 0.56,
            "account_receivable_turnover_ratio": 1.11,
            "reinvestment_rate": 23.67,
            "research_to_sale_ratio": 4.39,
            "price_fair": 66,
            "eps_avg_yearly": 1.89,
            "eps_latest_yearly": 1.56,
            "eps_growth_yearly": 252.73
        },
        "20232": {
            "year_quarter": 20232,
            "year": 2023,
            "quarter": 2,
            "eps": 0.5,
            "eps_growth_year": -59.68,
            "eps_4q": 1.47,
            "eps_4q_growth_year": -31.28,
            "roe": 1.74,
            "roe_4q": 5.680000000000001,
            "gross_profit": 550742,
            "gross_margin": 42.01,
            "gross_margin_4q_avg": 41.2,
            "net_income": 123182,
            "net_income_4q": null,
            "revenue": 1311097,
            "revenue_4q": null,
            "common_shares": 3687007,
            "book_valuer_per_share": 18.34,
            "book_valuer_per_share_4q_avg": 16.67,
            "equity": 7608827,
            "current_ratio": 188.75,
            "debt_ratio": 39.4,
            "inventory_turnover_ratio": 0.53,
            "account_receivable_turnover_ratio": 1.14,
            "reinvestment_rate": 21.03,
            "research_to_sale_ratio": 3.62,
            "price_fair": 66.27,
            "eps_avg_yearly": 1.89,
            "eps_latest_yearly": 2,
            "eps_growth_yearly": 243.41
        },
        "20233": {
            "year_quarter": 20233,
            "year": 2023,
            "quarter": 3,
            "eps": 0.35,
            "eps_growth_year": 0,
            "eps_4q": 1.53,
            "eps_4q_growth_year": -32.47,
            "roe": 1.18,
            "roe_4q": 5.83,
            "gross_profit": 508251,
            "gross_margin": 41.18,
            "gross_margin_4q_avg": 41.64,
            "net_income": 90523,
            "net_income_4q": null,
            "revenue": 1234216,
            "revenue_4q": null,
            "common_shares": 4014149,
            "book_valuer_per_share": 17.1,
            "book_valuer_per_share_4q_avg": 16.99,
            "equity": 7688027,
            "current_ratio": 184.5,
            "debt_ratio": 32.18,
            "inventory_turnover_ratio": 0.48,
            "account_receivable_turnover_ratio": 1.07,
            "reinvestment_rate": 18.9,
            "research_to_sale_ratio": 4.08,
            "price_fair": 65.19,
            "eps_avg_yearly": 1.86,
            "eps_latest_yearly": 1.4,
            "eps_growth_yearly": 220.69
        }
    },
    "months": {
        "2003-05": {
            "month": "2003-05",
            "price": "20.47",
            "revenue": 49158
        },
        "2003-06": {
            "month": "2003-06",
            "price": "18.48",
            "revenue": 29090
        },
        "2003-07": {
            "month": "2003-07",
            "price": "15.65",
            "revenue": 30340
        },
        "2003-08": {
            "month": "2003-08",
            "price": "12.89",
            "revenue": 24759
        },
        "2003-09": {
            "month": "2003-09",
            "price": "12.53",
            "revenue": 30739
        },
        "2003-10": {
            "month": "2003-10",
            "price": "12.13",
            "revenue": 35419
        },
        "2003-11": {
            "month": "2003-11",
            "price": "11.90",
            "revenue": 34671
        },
        "2003-12": {
            "month": "2003-12",
            "price": "12.22",
            "revenue": 42129
        },
        "2004-01": {
            "month": "2004-01",
            "price": "12.81",
            "revenue": 36259
        },
        "2004-02": {
            "month": "2004-02",
            "price": "13.12",
            "revenue": 32217
        },
        "2004-03": {
            "month": "2004-03",
            "price": "13.01",
            "revenue": 37371
        },
        "2004-04": {
            "month": "2004-04",
            "price": "14.42",
            "revenue": 35886
        },
        "2004-05": {
            "month": "2004-05",
            "price": "13.64",
            "revenue": 38581
        },
        "2004-06": {
            "month": "2004-06",
            "price": "14.00",
            "revenue": 35245
        },
        "2004-07": {
            "month": "2004-07",
            "price": "13.36",
            "revenue": 35028
        },
        "2004-08": {
            "month": "2004-08",
            "price": "11.40",
            "revenue": 35258
        },
        "2004-09": {
            "month": "2004-09",
            "price": "11.24",
            "revenue": 33211
        },
        "2004-10": {
            "month": "2004-10",
            "price": "11.39",
            "revenue": 36766
        },
        "2004-11": {
            "month": "2004-11",
            "price": "11.98",
            "revenue": 38700
        },
        "2004-12": {
            "month": "2004-12",
            "price": "12.38",
            "revenue": 41774
        },
        "2005-01": {
            "month": "2005-01",
            "price": "11.67",
            "revenue": 46358
        },
        "2005-02": {
            "month": "2005-02",
            "price": "12.59",
            "revenue": 30223
        },
        "2005-03": {
            "month": "2005-03",
            "price": "13.22",
            "revenue": 41421
        },
        "2005-04": {
            "month": "2005-04",
            "price": "13.97",
            "revenue": 39417
        },
        "2005-05": {
            "month": "2005-05",
            "price": "13.23",
            "revenue": 42075
        },
        "2005-06": {
            "month": "2005-06",
            "price": "13.34",
            "revenue": 40527
        },
        "2005-07": {
            "month": "2005-07",
            "price": "13.53",
            "revenue": 35866
        },
        "2005-08": {
            "month": "2005-08",
            "price": "13.20",
            "revenue": 39638
        },
        "2005-09": {
            "month": "2005-09",
            "price": "12.94",
            "revenue": 39001
        },
        "2005-10": {
            "month": "2005-10",
            "price": "13.24",
            "revenue": 40789
        },
        "2005-11": {
            "month": "2005-11",
            "price": "13.96",
            "revenue": 48585
        },
        "2005-12": {
            "month": "2005-12",
            "price": "14.16",
            "revenue": 50265
        },
        "2006-01": {
            "month": "2006-01",
            "price": "14.31",
            "revenue": 50352
        },
        "2006-02": {
            "month": "2006-02",
            "price": "14.34",
            "revenue": 34371
        },
        "2006-03": {
            "month": "2006-03",
            "price": "14.31",
            "revenue": 49235
        },
        "2006-04": {
            "month": "2006-04",
            "price": "13.62",
            "revenue": 45602
        },
        "2006-05": {
            "month": "2006-05",
            "price": "13.32",
            "revenue": 46423
        },
        "2006-06": {
            "month": "2006-06",
            "price": "13.12",
            "revenue": 48871
        },
        "2006-07": {
            "month": "2006-07",
            "price": "12.96",
            "revenue": 42331
        },
        "2006-08": {
            "month": "2006-08",
            "price": "12.77",
            "revenue": 44999
        },
        "2006-09": {
            "month": "2006-09",
            "price": "12.23",
            "revenue": 43625
        },
        "2006-10": {
            "month": "2006-10",
            "price": "12.11",
            "revenue": 46691
        },
        "2006-11": {
            "month": "2006-11",
            "price": "11.96",
            "revenue": 49828
        },
        "2006-12": {
            "month": "2006-12",
            "price": "12.42",
            "revenue": 47276
        },
        "2007-01": {
            "month": "2007-01",
            "price": "12.42",
            "revenue": 59396
        },
        "2007-02": {
            "month": "2007-02",
            "price": "12.85",
            "revenue": 55853
        },
        "2007-03": {
            "month": "2007-03",
            "price": "13.89",
            "revenue": 52101
        },
        "2007-04": {
            "month": "2007-04",
            "price": "15.45",
            "revenue": 56746
        },
        "2007-05": {
            "month": "2007-05",
            "price": "17.43",
            "revenue": 60257
        },
        "2007-06": {
            "month": "2007-06",
            "price": "25.28",
            "revenue": 57552
        },
        "2007-07": {
            "month": "2007-07",
            "price": "44.21",
            "revenue": 57278
        },
        "2007-08": {
            "month": "2007-08",
            "price": "38.35",
            "revenue": 61586
        },
        "2007-09": {
            "month": "2007-09",
            "price": "40.41",
            "revenue": 67875
        },
        "2007-10": {
            "month": "2007-10",
            "price": "39.30",
            "revenue": 72064
        },
        "2007-11": {
            "month": "2007-11",
            "price": "34.97",
            "revenue": 66810
        },
        "2007-12": {
            "month": "2007-12",
            "price": "33.76",
            "revenue": 69231
        },
        "2008-01": {
            "month": "2008-01",
            "price": "27.14",
            "revenue": 71418
        },
        "2008-02": {
            "month": "2008-02",
            "price": "26.32",
            "revenue": 48674
        },
        "2008-03": {
            "month": "2008-03",
            "price": "30.43",
            "revenue": 60908
        },
        "2008-04": {
            "month": "2008-04",
            "price": "35.21",
            "revenue": 59015
        },
        "2008-05": {
            "month": "2008-05",
            "price": "35.80",
            "revenue": 62642
        },
        "2008-06": {
            "month": "2008-06",
            "price": "28.20",
            "revenue": 65906
        },
        "2008-07": {
            "month": "2008-07",
            "price": "22.50",
            "revenue": 59982
        },
        "2008-08": {
            "month": "2008-08",
            "price": "23.81",
            "revenue": 59693
        },
        "2008-09": {
            "month": "2008-09",
            "price": "17.73",
            "revenue": 59299
        },
        "2008-10": {
            "month": "2008-10",
            "price": "16.67",
            "revenue": 73237
        },
        "2008-11": {
            "month": "2008-11",
            "price": "17.50",
            "revenue": 61398
        },
        "2008-12": {
            "month": "2008-12",
            "price": "18.64",
            "revenue": 72744
        },
        "2009-01": {
            "month": "2009-01",
            "price": "20.08",
            "revenue": 74216
        },
        "2009-02": {
            "month": "2009-02",
            "price": "19.50",
            "revenue": 58114
        },
        "2009-03": {
            "month": "2009-03",
            "price": "22.15",
            "revenue": 73488
        },
        "2009-04": {
            "month": "2009-04",
            "price": "37.84",
            "revenue": 67264
        },
        "2009-05": {
            "month": "2009-05",
            "price": "36.98",
            "revenue": 68058
        },
        "2009-06": {
            "month": "2009-06",
            "price": "33.95",
            "revenue": 73369
        },
        "2009-07": {
            "month": "2009-07",
            "price": "40.80",
            "revenue": 65249
        },
        "2009-08": {
            "month": "2009-08",
            "price": "36.58",
            "revenue": 58769
        },
        "2009-09": {
            "month": "2009-09",
            "price": "34.88",
            "revenue": 65832
        },
        "2009-10": {
            "month": "2009-10",
            "price": "33.33",
            "revenue": 71795
        },
        "2009-11": {
            "month": "2009-11",
            "price": "31.62",
            "revenue": 71774
        },
        "2009-12": {
            "month": "2009-12",
            "price": "36.77",
            "revenue": 78564
        },
        "2010-01": {
            "month": "2010-01",
            "price": "33.05",
            "revenue": 81142
        },
        "2010-02": {
            "month": "2010-02",
            "price": "28.87",
            "revenue": 52660
        },
        "2010-03": {
            "month": "2010-03",
            "price": "31.66",
            "revenue": 63759
        },
        "2010-04": {
            "month": "2010-04",
            "price": "37.25",
            "revenue": 65793
        },
        "2010-05": {
            "month": "2010-05",
            "price": "36.25",
            "revenue": 67361
        },
        "2010-06": {
            "month": "2010-06",
            "price": "39.30",
            "revenue": 63181
        },
        "2010-07": {
            "month": "2010-07",
            "price": "40.41",
            "revenue": 61476
        },
        "2010-08": {
            "month": "2010-08",
            "price": "38.37",
            "revenue": 62957
        },
        "2010-09": {
            "month": "2010-09",
            "price": "36.35",
            "revenue": 68032
        },
        "2010-10": {
            "month": "2010-10",
            "price": "38.55",
            "revenue": 60798
        },
        "2010-11": {
            "month": "2010-11",
            "price": "34.75",
            "revenue": 69020
        },
        "2010-12": {
            "month": "2010-12",
            "price": "34.94",
            "revenue": 76359
        },
        "2011-01": {
            "month": "2011-01",
            "price": "35.97",
            "revenue": 80287
        },
        "2011-02": {
            "month": "2011-02",
            "price": "35.60",
            "revenue": 42429
        },
        "2011-03": {
            "month": "2011-03",
            "price": "33.96",
            "revenue": 67926
        },
        "2011-04": {
            "month": "2011-04",
            "price": "34.04",
            "revenue": 69622
        },
        "2011-05": {
            "month": "2011-05",
            "price": "35.25",
            "revenue": 69938
        },
        "2011-06": {
            "month": "2011-06",
            "price": "34.89",
            "revenue": 71720
        },
        "2011-07": {
            "month": "2011-07",
            "price": "34.21",
            "revenue": 66488
        },
        "2011-08": {
            "month": "2011-08",
            "price": "28.89",
            "revenue": 66614
        },
        "2011-09": {
            "month": "2011-09",
            "price": "27.43",
            "revenue": 78480
        },
        "2011-10": {
            "month": "2011-10",
            "price": "26.63",
            "revenue": 73254
        },
        "2011-11": {
            "month": "2011-11",
            "price": "25.94",
            "revenue": 73842
        },
        "2011-12": {
            "month": "2011-12",
            "price": "24.40",
            "revenue": 84688
        },
        "2012-01": {
            "month": "2012-01",
            "price": "24.91",
            "revenue": 79825
        },
        "2012-02": {
            "month": "2012-02",
            "price": "29.58",
            "revenue": 68232
        },
        "2012-03": {
            "month": "2012-03",
            "price": "30.86",
            "revenue": 80001
        },
        "2012-04": {
            "month": "2012-04",
            "price": "30.67",
            "revenue": 80906
        },
        "2012-05": {
            "month": "2012-05",
            "price": "30.41",
            "revenue": 81103
        },
        "2012-06": {
            "month": "2012-06",
            "price": "28.44",
            "revenue": 76306
        },
        "2012-07": {
            "month": "2012-07",
            "price": "28.82",
            "revenue": 90352
        },
        "2012-08": {
            "month": "2012-08",
            "price": "30.64",
            "revenue": 72912
        },
        "2012-09": {
            "month": "2012-09",
            "price": "29.60",
            "revenue": 87384
        },
        "2012-10": {
            "month": "2012-10",
            "price": "31.29",
            "revenue": 91493
        },
        "2012-11": {
            "month": "2012-11",
            "price": "30.82",
            "revenue": 89579
        },
        "2012-12": {
            "month": "2012-12",
            "price": "35.62",
            "revenue": 94069
        },
        "2013-01": {
            "month": "2013-01",
            "price": "39.93",
            "revenue": 120419
        },
        "2013-02": {
            "month": "2013-02",
            "price": "42.00",
            "revenue": 67598
        },
        "2013-03": {
            "month": "2013-03",
            "price": "42.76",
            "revenue": 104930
        },
        "2013-04": {
            "month": "2013-04",
            "price": "37.98",
            "revenue": 101768
        },
        "2013-05": {
            "month": "2013-05",
            "price": "35.18",
            "revenue": 105386
        },
        "2013-06": {
            "month": "2013-06",
            "price": "35.98",
            "revenue": 107577
        },
        "2013-07": {
            "month": "2013-07",
            "price": "37.22",
            "revenue": 102061
        },
        "2013-08": {
            "month": "2013-08",
            "price": "40.00",
            "revenue": 101631
        },
        "2013-09": {
            "month": "2013-09",
            "price": "41.40",
            "revenue": 99221
        },
        "2013-10": {
            "month": "2013-10",
            "price": "43.57",
            "revenue": 115700
        },
        "2013-11": {
            "month": "2013-11",
            "price": "38.78",
            "revenue": 113930
        },
        "2013-12": {
            "month": "2013-12",
            "price": "37.42",
            "revenue": 113577
        },
        "2014-01": {
            "month": "2014-01",
            "price": "38.21",
            "revenue": 128765
        },
        "2014-02": {
            "month": "2014-02",
            "price": "42.78",
            "revenue": 86286
        },
        "2014-03": {
            "month": "2014-03",
            "price": "40.97",
            "revenue": 107107
        },
        "2014-04": {
            "month": "2014-04",
            "price": "40.34",
            "revenue": 119093
        },
        "2014-05": {
            "month": "2014-05",
            "price": "42.05",
            "revenue": 136040
        },
        "2014-06": {
            "month": "2014-06",
            "price": "49.28",
            "revenue": 121455
        },
        "2014-07": {
            "month": "2014-07",
            "price": "55.98",
            "revenue": 133674
        },
        "2014-08": {
            "month": "2014-08",
            "price": "47.37",
            "revenue": 127700
        },
        "2014-09": {
            "month": "2014-09",
            "price": "46.04",
            "revenue": 133193
        },
        "2014-10": {
            "month": "2014-10",
            "price": "42.06",
            "revenue": 135301
        },
        "2014-11": {
            "month": "2014-11",
            "price": "38.45",
            "revenue": 122712
        },
        "2014-12": {
            "month": "2014-12",
            "price": "41.16",
            "revenue": 140883
        },
        "2015-01": {
            "month": "2015-01",
            "price": "39.92",
            "revenue": 158681
        },
        "2015-02": {
            "month": "2015-02",
            "price": "40.72",
            "revenue": 114659
        },
        "2015-03": {
            "month": "2015-03",
            "price": "41.99",
            "revenue": 131782
        },
        "2015-04": {
            "month": "2015-04",
            "price": "40.91",
            "revenue": 142616
        },
        "2015-05": {
            "month": "2015-05",
            "price": "37.66",
            "revenue": 153787
        },
        "2015-06": {
            "month": "2015-06",
            "price": "33.64",
            "revenue": 150862
        },
        "2015-07": {
            "month": "2015-07",
            "price": "34.91",
            "revenue": 148928
        },
        "2015-08": {
            "month": "2015-08",
            "price": "29.56",
            "revenue": 154580
        },
        "2015-09": {
            "month": "2015-09",
            "price": "30.88",
            "revenue": 153044
        },
        "2015-10": {
            "month": "2015-10",
            "price": "32.97",
            "revenue": 161269
        },
        "2015-11": {
            "month": "2015-11",
            "price": "34.75",
            "revenue": 150259
        },
        "2015-12": {
            "month": "2015-12",
            "price": "36.24",
            "revenue": 155003
        },
        "2016-01": {
            "month": "2016-01",
            "price": "32.83",
            "revenue": 201677
        },
        "2016-02": {
            "month": "2016-02",
            "price": "33.02",
            "revenue": 104248
        },
        "2016-03": {
            "month": "2016-03",
            "price": "34.17",
            "revenue": 179993
        },
        "2016-04": {
            "month": "2016-04",
            "price": "34.52",
            "revenue": 177622
        },
        "2016-05": {
            "month": "2016-05",
            "price": "35.60",
            "revenue": 193210
        },
        "2016-06": {
            "month": "2016-06",
            "price": "35.00",
            "revenue": 148776
        },
        "2016-07": {
            "month": "2016-07",
            "price": "34.41",
            "revenue": 139979
        },
        "2016-08": {
            "month": "2016-08",
            "price": "33.34",
            "revenue": 149911
        },
        "2016-09": {
            "month": "2016-09",
            "price": "31.72",
            "revenue": 134792
        },
        "2016-10": {
            "month": "2016-10",
            "price": "30.22",
            "revenue": 154762
        },
        "2016-11": {
            "month": "2016-11",
            "price": "29.44",
            "revenue": 149466
        },
        "2016-12": {
            "month": "2016-12",
            "price": "30.13",
            "revenue": 138268
        },
        "2017-01": {
            "month": "2017-01",
            "price": "30.11",
            "revenue": 153378
        },
        "2017-02": {
            "month": "2017-02",
            "price": "31.46",
            "revenue": 130243
        },
        "2017-03": {
            "month": "2017-03",
            "price": "33.10",
            "revenue": 156906
        },
        "2017-04": {
            "month": "2017-04",
            "price": "32.03",
            "revenue": 150546
        },
        "2017-05": {
            "month": "2017-05",
            "price": "30.54",
            "revenue": 160136
        },
        "2017-06": {
            "month": "2017-06",
            "price": "29.62",
            "revenue": 159565
        },
        "2017-07": {
            "month": "2017-07",
            "price": "29.72",
            "revenue": 131101
        },
        "2017-08": {
            "month": "2017-08",
            "price": "27.50",
            "revenue": 156803
        },
        "2017-09": {
            "month": "2017-09",
            "price": "26.70",
            "revenue": 159857
        },
        "2017-10": {
            "month": "2017-10",
            "price": "26.83",
            "revenue": 143805
        },
        "2017-11": {
            "month": "2017-11",
            "price": "26.42",
            "revenue": 155329
        },
        "2017-12": {
            "month": "2017-12",
            "price": "26.12",
            "revenue": 203719
        },
        "2018-01": {
            "month": "2018-01",
            "price": "26.64",
            "revenue": 249174
        },
        "2018-02": {
            "month": "2018-02",
            "price": "26.58",
            "revenue": 152309
        },
        "2018-03": {
            "month": "2018-03",
            "price": "29.36",
            "revenue": 195862
        },
        "2018-04": {
            "month": "2018-04",
            "price": "30.23",
            "revenue": 166531
        },
        "2018-05": {
            "month": "2018-05",
            "price": "32.52",
            "revenue": 210164
        },
        "2018-06": {
            "month": "2018-06",
            "price": "33.12",
            "revenue": 194896
        },
        "2018-07": {
            "month": "2018-07",
            "price": "32.70",
            "revenue": 201878
        },
        "2018-08": {
            "month": "2018-08",
            "price": "30.50",
            "revenue": 184171
        },
        "2018-09": {
            "month": "2018-09",
            "price": "27.82",
            "revenue": 191496
        },
        "2018-10": {
            "month": "2018-10",
            "price": "26.74",
            "revenue": 201501
        },
        "2018-11": {
            "month": "2018-11",
            "price": "25.93",
            "revenue": 200321
        },
        "2018-12": {
            "month": "2018-12",
            "price": "27.68",
            "revenue": 199072
        },
        "2019-01": {
            "month": "2019-01",
            "price": "28.09",
            "revenue": 293461
        },
        "2019-02": {
            "month": "2019-02",
            "price": "28.76",
            "revenue": 133896
        },
        "2019-03": {
            "month": "2019-03",
            "price": "28.66",
            "revenue": 191506
        },
        "2019-04": {
            "month": "2019-04",
            "price": "29.19",
            "revenue": 236617
        },
        "2019-05": {
            "month": "2019-05",
            "price": "29.92",
            "revenue": 238029
        },
        "2019-06": {
            "month": "2019-06",
            "price": "29.55",
            "revenue": 197849
        },
        "2019-07": {
            "month": "2019-07",
            "price": "27.72",
            "revenue": 220328
        },
        "2019-08": {
            "month": "2019-08",
            "price": "25.20",
            "revenue": 248553
        },
        "2019-09": {
            "month": "2019-09",
            "price": "25.56",
            "revenue": 204692
        },
        "2019-10": {
            "month": "2019-10",
            "price": "24.45",
            "revenue": 221249
        },
        "2019-11": {
            "month": "2019-11",
            "price": "24.25",
            "revenue": 235838
        },
        "2019-12": {
            "month": "2019-12",
            "price": "24.34",
            "revenue": 259849
        },
        "2020-01": {
            "month": "2020-01",
            "price": "24.32",
            "revenue": 243447
        },
        "2020-02": {
            "month": "2020-02",
            "price": "23.62",
            "revenue": 257610
        },
        "2020-03": {
            "month": "2020-03",
            "price": "19.60",
            "revenue": 285789
        },
        "2020-04": {
            "month": "2020-04",
            "price": "21.48",
            "revenue": 243322
        },
        "2020-05": {
            "month": "2020-05",
            "price": "23.93",
            "revenue": 213770
        },
        "2020-06": {
            "month": "2020-06",
            "price": "24.32",
            "revenue": 226004
        },
        "2020-07": {
            "month": "2020-07",
            "price": "25.23",
            "revenue": 269514
        },
        "2020-08": {
            "month": "2020-08",
            "price": "26.57",
            "revenue": 245739
        },
        "2020-09": {
            "month": "2020-09",
            "price": "25.85",
            "revenue": 227924
        },
        "2020-10": {
            "month": "2020-10",
            "price": "24.73",
            "revenue": 280287
        },
        "2020-11": {
            "month": "2020-11",
            "price": "25.12",
            "revenue": 261226
        },
        "2020-12": {
            "month": "2020-12",
            "price": "25.10",
            "revenue": 283134
        },
        "2021-01": {
            "month": "2021-01",
            "price": "24.66",
            "revenue": 303170
        },
        "2021-02": {
            "month": "2021-02",
            "price": "24.75",
            "revenue": 194095
        },
        "2021-03": {
            "month": "2021-03",
            "price": "26.06",
            "revenue": 266639
        },
        "2021-04": {
            "month": "2021-04",
            "price": "26.51",
            "revenue": 250212
        },
        "2021-05": {
            "month": "2021-05",
            "price": "25.13",
            "revenue": 268559
        },
        "2021-06": {
            "month": "2021-06",
            "price": "25.20",
            "revenue": 259507
        },
        "2021-07": {
            "month": "2021-07",
            "price": "25.58",
            "revenue": 245788
        },
        "2021-08": {
            "month": "2021-08",
            "price": "25.08",
            "revenue": 258870
        },
        "2021-09": {
            "month": "2021-09",
            "price": "24.86",
            "revenue": 272225
        },
        "2021-10": {
            "month": "2021-10",
            "price": "23.11",
            "revenue": 282059
        },
        "2021-11": {
            "month": "2021-11",
            "price": "22.84",
            "revenue": 304619
        },
        "2021-12": {
            "month": "2021-12",
            "price": "23.15",
            "revenue": 333266
        },
        "2022-01": {
            "month": "2022-01",
            "price": "23.75",
            "revenue": 379338
        },
        "2022-02": {
            "month": "2022-02",
            "price": "24.35",
            "revenue": 248511
        },
        "2022-03": {
            "month": "2022-03",
            "price": "24.67",
            "revenue": 339478
        },
        "2022-04": {
            "month": "2022-04",
            "price": "27.26",
            "revenue": 334644
        },
        "2022-05": {
            "month": "2022-05",
            "price": "26.48",
            "revenue": 388153
        },
        "2022-06": {
            "month": "2022-06",
            "price": "29.69",
            "revenue": 335647
        },
        "2022-07": {
            "month": "2022-07",
            "price": "31.41",
            "revenue": 354587
        },
        "2022-08": {
            "month": "2022-08",
            "price": "34.50",
            "revenue": 373023
        },
        "2022-09": {
            "month": "2022-09",
            "price": "37.25",
            "revenue": 377791
        },
        "2022-10": {
            "month": "2022-10",
            "price": "33.63",
            "revenue": 400165
        },
        "2022-11": {
            "month": "2022-11",
            "price": "35.57",
            "revenue": 400986
        },
        "2022-12": {
            "month": "2022-12",
            "price": "47.67",
            "revenue": 462727
        },
        "2023-01": {
            "month": "2023-01",
            "price": "44.67",
            "revenue": 422413
        },
        "2023-02": {
            "month": "2023-02",
            "price": "46.58",
            "revenue": 346778
        },
        "2023-03": {
            "month": "2023-03",
            "price": "45.46",
            "revenue": 480880
        },
        "2023-04": {
            "month": "2023-04",
            "price": "46.98",
            "revenue": 401752
        },
        "2023-05": {
            "month": "2023-05",
            "price": "45.68",
            "revenue": 454477
        },
        "2023-06": {
            "month": "2023-06",
            "price": "44.23",
            "revenue": 454642
        },
        "2023-07": {
            "month": "2023-07",
            "price": "43.30",
            "revenue": 421153
        },
        "2023-08": {
            "month": "2023-08",
            "price": "37.98",
            "revenue": 419953
        },
        "2023-09": {
            "month": "2023-09",
            "price": "37.36",
            "revenue": 387689
        },
        "2023-10": {
            "month": "2023-10",
            "price": "36.88",
            "revenue": 451540
        },
        "2023-11": {
            "month": "2023-11",
            "price": "38.10",
            "revenue": 443880
        },
        "2023-12": {
            "month": "2023-12",
            "price": "39.54",
            "revenue": 433795
        }
    }
}
