{
    "summary": {
        "stock_name": "明基醫",
        "stock_id": "4116",
        "category": "生技醫療",
        "main_business": "醫療器材製造加工及銷售<br>醫療耗材製造及代理銷售<br>醫院工程及管理顧問",
        "website_url": "http://www.benqmedicaltech.com",
        "ceo": "管新寶",
        "pe_ratio": 22,
        "report_year_from": 2001,
        "report_year_to": 2023,
        "age": 23,
        "eps_negative_percentage": 0,
        "eps_growth_avg": {
            "last_all": 9.64,
            "last_2y": 3.3,
            "last_4y": 1.11,
            "last_8y": 9.64,
            "last_12y": null,
            "last_16y": null,
            "last_20y": null,
            "at_2006_last_3y": null,
            "at_2007_last_3y": null,
            "at_2008_last_3y": null,
            "at_2009_last_3y": null,
            "at_2010_last_3y": null,
            "at_2011_last_3y": null,
            "at_2012_last_3y": null,
            "at_2013_last_3y": null,
            "at_2014_last_3y": null,
            "at_2015_last_3y": null,
            "at_2016_last_3y": null,
            "at_2017_last_3y": null,
            "at_2018_last_3y": 20.3,
            "at_2019_last_3y": -1.37,
            "at_2020_last_3y": 9.74,
            "at_2021_last_3y": -3.41,
            "at_2022_last_3y": 10.53,
            "at_2023_last_3y": -1.94,
            "at_2024_last_3y": -1.94,
            "at_2006_last_all": null,
            "at_2007_last_all": null,
            "at_2008_last_all": null,
            "at_2009_last_all": null,
            "at_2010_last_all": null,
            "at_2011_last_all": null,
            "at_2012_last_all": null,
            "at_2013_last_all": null,
            "at_2014_last_all": null,
            "at_2015_last_all": null,
            "at_2016_last_all": 18.95,
            "at_2017_last_all": 12.32,
            "at_2018_last_all": 20.3,
            "at_2019_last_all": 18.9,
            "at_2020_last_all": 12.81,
            "at_2021_last_all": 3.33,
            "at_2022_last_all": 15.41,
            "at_2023_last_all": 9.64,
            "at_2024_last_all": 9.64
        },
        "latest_eps": 2.57,
        "latest_price": 57,
        "latest_roe": 11.3,
        "latest_gross_margin": 30.78,
        "latest_equity": 2180330,
        "latest_revenue": 1208656,
        "latest_gross_profit": 372023,
        "latest_net_income": 80593,
        "latest_debt_ratio": 53.73,
        "latest_current_ratio": 198.54,
        "latest_account_receivable_turnover_ratio": 1.42,
        "latest_inventory_turnover_ratio": 1.63,
        "latest_reinvestment_rate": 44.59,
        "latest_research_to_sale_ratio": 0.68
    },
    "eps_dividends": {
        "2001": {
            "cash": 0,
            "stock": 0,
            "eps": 0
        },
        "2002": {
            "cash": 0,
            "stock": 0,
            "eps": 0
        },
        "2003": {
            "cash": 0.5,
            "stock": 0,
            "eps": 0
        },
        "2004": {
            "cash": 0,
            "stock": 0,
            "eps": 0
        },
        "2005": {
            "cash": 0,
            "stock": 0,
            "eps": 0
        },
        "2006": {
            "cash": 0,
            "stock": 0,
            "eps": 0
        },
        "2007": {
            "cash": 0,
            "stock": 0,
            "eps": 0
        },
        "2008": {
            "cash": 0.8,
            "stock": 0,
            "eps": 0
        },
        "2009": {
            "cash": 1.2,
            "stock": 0,
            "eps": 0
        },
        "2010": {
            "cash": 0.4,
            "stock": 0,
            "eps": 0
        },
        "2011": {
            "cash": 1,
            "stock": 0,
            "eps": 0
        },
        "2012": {
            "cash": 0.5,
            "stock": 0,
            "eps": 0
        },
        "2013": {
            "cash": 0.5,
            "stock": 0,
            "eps": 0
        },
        "2014": {
            "cash": 0.6,
            "stock": 0,
            "eps": 0.56
        },
        "2015": {
            "cash": 1,
            "stock": 0,
            "eps": 2.77
        },
        "2016": {
            "cash": 1.5,
            "stock": 0,
            "eps": 1.05
        },
        "2017": {
            "cash": 0.7,
            "stock": 0,
            "eps": 1.04
        },
        "2018": {
            "cash": 1,
            "stock": 0,
            "eps": 1.5
        },
        "2019": {
            "cash": 1.35,
            "stock": 0,
            "eps": 1.7
        },
        "2020": {
            "cash": 1.35,
            "stock": 0,
            "eps": 1.4
        },
        "2021": {
            "cash": 1,
            "stock": 0,
            "eps": 0.65
        },
        "2022": {
            "cash": 0.5,
            "stock": 0,
            "eps": 4.05
        },
        "2023": {
            "cash": 2.1,
            "stock": 0,
            "eps": 2.57
        },
        "2024": {
            "cash": 2,
            "stock": 0,
            "eps": 0
        }
    },
    "dividends": {
        "2003-06-16": {
            "cash": 0.5,
            "stock": 0
        },
        "2008-03-17": {
            "cash": 0.8,
            "stock": 0
        },
        "2009-03-16": {
            "cash": 1.2,
            "stock": 0
        },
        "2010-04-09": {
            "cash": 0.4,
            "stock": 0
        },
        "2011-03-14": {
            "cash": 1,
            "stock": 0
        },
        "2012-05-28": {
            "cash": 0.5,
            "stock": 0
        },
        "2013-05-31": {
            "cash": 0.5,
            "stock": 0
        },
        "2014-05-29": {
            "cash": 0.6,
            "stock": 0
        },
        "2015-07-30": {
            "cash": 1,
            "stock": 0
        },
        "2016-07-29": {
            "cash": 1.5,
            "stock": 0
        },
        "2017-08-08": {
            "cash": 0.7,
            "stock": 0
        },
        "2018-08-08": {
            "cash": 1,
            "stock": 0
        },
        "2019-08-08": {
            "cash": 1.35,
            "stock": 0
        },
        "2020-08-10": {
            "cash": 1.35,
            "stock": 0
        },
        "2021-07-23": {
            "cash": 1,
            "stock": 0
        },
        "2022-07-22": {
            "cash": 0.5,
            "stock": 0
        },
        "2023-07-20": {
            "cash": 2.1,
            "stock": 0
        },
        "2024-02-29": {
            "cash": 2,
            "stock": 0
        }
    },
    "prices": {
        "200101": "無",
        "200102": "無",
        "200103": "無",
        "200104": "無",
        "200105": "無",
        "200106": "無",
        "200107": "無",
        "200108": "無",
        "200109": "無",
        "200110": "無",
        "200111": "無",
        "200112": "無",
        "200201": "無",
        "200202": "無",
        "200203": "無",
        "200204": "無",
        "200205": "無",
        "200206": "無",
        "200207": "無",
        "200208": "無",
        "200209": "無",
        "200210": "無",
        "200211": "無",
        "200212": "無",
        "200301": "無",
        "200302": "無",
        "200303": "無",
        "200304": "無",
        "200305": "無",
        "200306": "無",
        "200307": "無",
        "200308": "無",
        "200309": "無",
        "200310": "10.91",
        "200311": "12.20",
        "200312": "12.50",
        "200401": "11.00",
        "200402": "10.30",
        "200403": "10.00",
        "200404": "無",
        "200405": "無",
        "200406": "無",
        "200407": "無",
        "200408": "無",
        "200409": "10.00",
        "200410": "10.10",
        "200411": "9.32",
        "200412": "8.99",
        "200501": "無",
        "200502": "無",
        "200503": "9.45",
        "200504": "無",
        "200505": "無",
        "200506": "9.35",
        "200507": "8.47",
        "200508": "7.27",
        "200509": "5.30",
        "200510": "4.42",
        "200511": "4.08",
        "200512": "3.97",
        "200601": "無",
        "200602": "3.81",
        "200603": "4.00",
        "200604": "4.20",
        "200605": "4.15",
        "200606": "4.09",
        "200607": "4.13",
        "200608": "無",
        "200609": "無",
        "200610": "4.30",
        "200611": "4.30",
        "200612": "4.60",
        "200701": "4.69",
        "200702": "4.70",
        "200703": "4.69",
        "200704": "5.33",
        "200705": "7.09",
        "200706": "8.19",
        "200707": "12.54",
        "200708": "9.66",
        "200709": "9.64",
        "200710": "8.34",
        "200711": "7.32",
        "200712": "7.12",
        "200801": "7.14",
        "200802": "7.10",
        "200803": "7.13",
        "200804": "8.73",
        "200805": "10.10",
        "200806": "8.76",
        "200807": "6.98",
        "200808": "6.60",
        "200809": "5.08",
        "200810": "3.25",
        "200811": "4.56",
        "200812": "無",
        "200901": "4.90",
        "200902": "4.51",
        "200903": "6.16",
        "200904": "無",
        "200905": "5.00",
        "200906": "無",
        "200907": "5.31",
        "200908": "5.73",
        "200909": "6.35",
        "200910": "6.33",
        "200911": "6.00",
        "200912": "6.00",
        "201001": "6.00",
        "201002": "7.00",
        "201003": "8.00",
        "201004": "8.00",
        "201005": "7.00",
        "201006": "無",
        "201007": "8.10",
        "201008": "21.51",
        "201009": "29.13",
        "201010": "28.49",
        "201011": "25.68",
        "201012": "25.20",
        "201101": "24.81",
        "201102": "24.51",
        "201103": "24.94",
        "201104": "25.66",
        "201105": "26.03",
        "201106": "25.55",
        "201107": "23.84",
        "201108": "23.29",
        "201109": "21.75",
        "201110": "21.13",
        "201111": "20.55",
        "201112": "17.32",
        "201201": "15.96",
        "201202": "18.53",
        "201203": "20.75",
        "201204": "19.99",
        "201205": "19.22",
        "201206": "18.99",
        "201207": "19.01",
        "201208": "19.29",
        "201209": "無",
        "201210": "18.44",
        "201211": "19.04",
        "201212": "19.52",
        "201301": "20.60",
        "201302": "20.95",
        "201303": "21.76",
        "201304": "21.37",
        "201305": "21.58",
        "201306": "21.17",
        "201307": "21.63",
        "201308": "21.90",
        "201309": "21.37",
        "201310": "20.72",
        "201311": "19.52",
        "201312": "19.34",
        "201401": "24.68",
        "201402": "26.80",
        "201403": "35.59",
        "201404": "33.02",
        "201405": "34.21",
        "201406": "37.23",
        "201407": "36.25",
        "201408": "35.09",
        "201409": "35.98",
        "201410": "34.53",
        "201411": "33.96",
        "201412": "35.01",
        "201501": "37.19",
        "201502": "38.24",
        "201503": "38.59",
        "201504": "39.09",
        "201505": "38.51",
        "201506": "36.27",
        "201507": "34.98",
        "201508": "31.29",
        "201509": "31.85",
        "201510": "34.15",
        "201511": "47.15",
        "201512": "89.43",
        "201601": "68.69",
        "201602": "70.28",
        "201603": "67.72",
        "201604": "55.67",
        "201605": "46.25",
        "201606": "57.59",
        "201607": "51.12",
        "201608": "47.03",
        "201609": "46.35",
        "201610": "44.04",
        "201611": "38.87",
        "201612": "38.07",
        "201701": "37.87",
        "201702": "40.98",
        "201703": "40.55",
        "201704": "37.63",
        "201705": "36.95",
        "201706": "40.09",
        "201707": "38.20",
        "201708": "37.05",
        "201709": "37.33",
        "201710": "38.29",
        "201711": "37.79",
        "201712": "36.53",
        "201801": "37.12",
        "201802": "34.29",
        "201803": "34.56",
        "201804": "34.55",
        "201805": "33.03",
        "201806": "33.82",
        "201807": "33.13",
        "201808": "33.37",
        "201809": "32.61",
        "201810": "29.16",
        "201811": "27.56",
        "201812": "28.05",
        "201901": "30.33",
        "201902": "31.91",
        "201903": "35.45",
        "201904": "40.92",
        "201905": "37.45",
        "201906": "37.22",
        "201907": "39.52",
        "201908": "37.06",
        "201909": "37.01",
        "201910": "36.69",
        "201911": "37.54",
        "201912": "37.74",
        "202001": "36.73",
        "202002": "34.41",
        "202003": "28.61",
        "202004": "28.46",
        "202005": "31.20",
        "202006": "34.81",
        "202007": "35.32",
        "202008": "32.26",
        "202009": "31.54",
        "202010": "31.32",
        "202011": "30.91",
        "202012": "34.63",
        "202101": "34.04",
        "202102": "34.43",
        "202103": "35.66",
        "202104": "35.52",
        "202105": "32.50",
        "202106": "32.87",
        "202107": "31.31",
        "202108": "29.21",
        "202109": "27.83",
        "202110": "26.61",
        "202111": "27.66",
        "202112": "28.48",
        "202201": "31.45",
        "202202": "34.25",
        "202203": "33.03",
        "202204": "35.50",
        "202205": "53.47",
        "202206": "75.10",
        "202207": "72.06",
        "202208": "74.44",
        "202209": "67.77",
        "202210": "55.14",
        "202211": "59.27",
        "202212": "65.98",
        "202301": "63.52",
        "202302": "65.22",
        "202303": "61.94",
        "202304": "62.29",
        "202305": "61.23",
        "202306": "60.08",
        "202307": "61.33",
        "202308": "58.83",
        "202309": "56.62",
        "202310": "56.56",
        "202311": "61.25",
        "202312": "62.48"
    },
    "quarters": {
        "20011": {
            "year_quarter": 20011,
            "year": 2001,
            "quarter": 1,
            "eps": null,
            "eps_growth_year": null,
            "eps_4q": null,
            "eps_4q_growth_year": null,
            "roe": null,
            "roe_4q": 0,
            "gross_profit": null,
            "gross_margin": null,
            "gross_margin_4q_avg": 0,
            "net_income": null,
            "net_income_4q": null,
            "revenue": null,
            "revenue_4q": null,
            "common_shares": null,
            "book_valuer_per_share": null,
            "book_valuer_per_share_4q_avg": 0,
            "equity": null,
            "current_ratio": null,
            "debt_ratio": null,
            "inventory_turnover_ratio": null,
            "account_receivable_turnover_ratio": null,
            "reinvestment_rate": null,
            "research_to_sale_ratio": null,
            "price_fair": 0,
            "eps_avg_yearly": 0,
            "eps_latest_yearly": 0,
            "eps_growth_yearly": 0
        },
        "20012": {
            "year_quarter": 20012,
            "year": 2001,
            "quarter": 2,
            "eps": null,
            "eps_growth_year": null,
            "eps_4q": null,
            "eps_4q_growth_year": null,
            "roe": null,
            "roe_4q": 0,
            "gross_profit": null,
            "gross_margin": null,
            "gross_margin_4q_avg": 0,
            "net_income": null,
            "net_income_4q": null,
            "revenue": null,
            "revenue_4q": null,
            "common_shares": null,
            "book_valuer_per_share": null,
            "book_valuer_per_share_4q_avg": 0,
            "equity": null,
            "current_ratio": null,
            "debt_ratio": null,
            "inventory_turnover_ratio": null,
            "account_receivable_turnover_ratio": null,
            "reinvestment_rate": null,
            "research_to_sale_ratio": null,
            "price_fair": 0,
            "eps_avg_yearly": 0,
            "eps_latest_yearly": 0,
            "eps_growth_yearly": 0
        },
        "20013": {
            "year_quarter": 20013,
            "year": 2001,
            "quarter": 3,
            "eps": null,
            "eps_growth_year": null,
            "eps_4q": null,
            "eps_4q_growth_year": null,
            "roe": null,
            "roe_4q": 0,
            "gross_profit": null,
            "gross_margin": null,
            "gross_margin_4q_avg": 0,
            "net_income": null,
            "net_income_4q": null,
            "revenue": null,
            "revenue_4q": null,
            "common_shares": null,
            "book_valuer_per_share": null,
            "book_valuer_per_share_4q_avg": 0,
            "equity": null,
            "current_ratio": null,
            "debt_ratio": null,
            "inventory_turnover_ratio": null,
            "account_receivable_turnover_ratio": null,
            "reinvestment_rate": null,
            "research_to_sale_ratio": null,
            "price_fair": 0,
            "eps_avg_yearly": 0,
            "eps_latest_yearly": 0,
            "eps_growth_yearly": 0
        },
        "20014": {
            "year_quarter": 20014,
            "year": 2001,
            "quarter": 4,
            "eps": null,
            "eps_growth_year": null,
            "eps_4q": null,
            "eps_4q_growth_year": null,
            "roe": null,
            "roe_4q": 0,
            "gross_profit": null,
            "gross_margin": null,
            "gross_margin_4q_avg": 0,
            "net_income": null,
            "net_income_4q": null,
            "revenue": null,
            "revenue_4q": null,
            "common_shares": 431250,
            "book_valuer_per_share": 14.98,
            "book_valuer_per_share_4q_avg": 3.75,
            "equity": 646169,
            "current_ratio": 255.91,
            "debt_ratio": 29.46,
            "inventory_turnover_ratio": null,
            "account_receivable_turnover_ratio": null,
            "reinvestment_rate": null,
            "research_to_sale_ratio": null,
            "price_fair": 0,
            "eps_avg_yearly": 0,
            "eps_latest_yearly": 0,
            "eps_growth_yearly": 0
        },
        "20021": {
            "year_quarter": 20021,
            "year": 2002,
            "quarter": 1,
            "eps": null,
            "eps_growth_year": null,
            "eps_4q": null,
            "eps_4q_growth_year": null,
            "roe": null,
            "roe_4q": 0,
            "gross_profit": null,
            "gross_margin": null,
            "gross_margin_4q_avg": 0,
            "net_income": null,
            "net_income_4q": null,
            "revenue": null,
            "revenue_4q": null,
            "common_shares": null,
            "book_valuer_per_share": null,
            "book_valuer_per_share_4q_avg": 3.75,
            "equity": null,
            "current_ratio": null,
            "debt_ratio": null,
            "inventory_turnover_ratio": null,
            "account_receivable_turnover_ratio": null,
            "reinvestment_rate": null,
            "research_to_sale_ratio": null,
            "price_fair": 0,
            "eps_avg_yearly": 0,
            "eps_latest_yearly": 0,
            "eps_growth_yearly": 0
        },
        "20022": {
            "year_quarter": 20022,
            "year": 2002,
            "quarter": 2,
            "eps": null,
            "eps_growth_year": null,
            "eps_4q": null,
            "eps_4q_growth_year": null,
            "roe": null,
            "roe_4q": 0,
            "gross_profit": null,
            "gross_margin": null,
            "gross_margin_4q_avg": 0,
            "net_income": null,
            "net_income_4q": null,
            "revenue": null,
            "revenue_4q": null,
            "common_shares": null,
            "book_valuer_per_share": null,
            "book_valuer_per_share_4q_avg": 3.75,
            "equity": null,
            "current_ratio": null,
            "debt_ratio": null,
            "inventory_turnover_ratio": null,
            "account_receivable_turnover_ratio": null,
            "reinvestment_rate": null,
            "research_to_sale_ratio": null,
            "price_fair": 0,
            "eps_avg_yearly": 0,
            "eps_latest_yearly": 0,
            "eps_growth_yearly": 0
        },
        "20023": {
            "year_quarter": 20023,
            "year": 2002,
            "quarter": 3,
            "eps": null,
            "eps_growth_year": null,
            "eps_4q": null,
            "eps_4q_growth_year": null,
            "roe": null,
            "roe_4q": 0,
            "gross_profit": null,
            "gross_margin": null,
            "gross_margin_4q_avg": 0,
            "net_income": null,
            "net_income_4q": null,
            "revenue": null,
            "revenue_4q": null,
            "common_shares": null,
            "book_valuer_per_share": null,
            "book_valuer_per_share_4q_avg": 3.75,
            "equity": null,
            "current_ratio": null,
            "debt_ratio": null,
            "inventory_turnover_ratio": null,
            "account_receivable_turnover_ratio": null,
            "reinvestment_rate": null,
            "research_to_sale_ratio": null,
            "price_fair": 0,
            "eps_avg_yearly": 0,
            "eps_latest_yearly": 0,
            "eps_growth_yearly": 0
        },
        "20024": {
            "year_quarter": 20024,
            "year": 2002,
            "quarter": 4,
            "eps": null,
            "eps_growth_year": null,
            "eps_4q": null,
            "eps_4q_growth_year": null,
            "roe": null,
            "roe_4q": 0,
            "gross_profit": null,
            "gross_margin": null,
            "gross_margin_4q_avg": 0,
            "net_income": null,
            "net_income_4q": null,
            "revenue": null,
            "revenue_4q": null,
            "common_shares": 468337,
            "book_valuer_per_share": 13.98,
            "book_valuer_per_share_4q_avg": 3.5,
            "equity": 655188,
            "current_ratio": 215.2,
            "debt_ratio": 32.6,
            "inventory_turnover_ratio": null,
            "account_receivable_turnover_ratio": null,
            "reinvestment_rate": null,
            "research_to_sale_ratio": null,
            "price_fair": 0,
            "eps_avg_yearly": 0,
            "eps_latest_yearly": 0,
            "eps_growth_yearly": 0
        },
        "20031": {
            "year_quarter": 20031,
            "year": 2003,
            "quarter": 1,
            "eps": null,
            "eps_growth_year": null,
            "eps_4q": null,
            "eps_4q_growth_year": null,
            "roe": null,
            "roe_4q": 0,
            "gross_profit": null,
            "gross_margin": null,
            "gross_margin_4q_avg": 0,
            "net_income": null,
            "net_income_4q": null,
            "revenue": null,
            "revenue_4q": null,
            "common_shares": null,
            "book_valuer_per_share": null,
            "book_valuer_per_share_4q_avg": 3.5,
            "equity": null,
            "current_ratio": null,
            "debt_ratio": null,
            "inventory_turnover_ratio": null,
            "account_receivable_turnover_ratio": null,
            "reinvestment_rate": null,
            "research_to_sale_ratio": null,
            "price_fair": 0,
            "eps_avg_yearly": 0,
            "eps_latest_yearly": 0,
            "eps_growth_yearly": 0
        },
        "20032": {
            "year_quarter": 20032,
            "year": 2003,
            "quarter": 2,
            "eps": null,
            "eps_growth_year": null,
            "eps_4q": null,
            "eps_4q_growth_year": null,
            "roe": null,
            "roe_4q": 0,
            "gross_profit": null,
            "gross_margin": null,
            "gross_margin_4q_avg": 0,
            "net_income": null,
            "net_income_4q": null,
            "revenue": null,
            "revenue_4q": null,
            "common_shares": null,
            "book_valuer_per_share": null,
            "book_valuer_per_share_4q_avg": 3.5,
            "equity": null,
            "current_ratio": null,
            "debt_ratio": null,
            "inventory_turnover_ratio": null,
            "account_receivable_turnover_ratio": null,
            "reinvestment_rate": null,
            "research_to_sale_ratio": null,
            "price_fair": 0,
            "eps_avg_yearly": 0,
            "eps_latest_yearly": 0,
            "eps_growth_yearly": 0
        },
        "20033": {
            "year_quarter": 20033,
            "year": 2003,
            "quarter": 3,
            "eps": null,
            "eps_growth_year": null,
            "eps_4q": null,
            "eps_4q_growth_year": null,
            "roe": null,
            "roe_4q": 0,
            "gross_profit": null,
            "gross_margin": null,
            "gross_margin_4q_avg": 0,
            "net_income": null,
            "net_income_4q": null,
            "revenue": null,
            "revenue_4q": null,
            "common_shares": null,
            "book_valuer_per_share": null,
            "book_valuer_per_share_4q_avg": 3.5,
            "equity": null,
            "current_ratio": null,
            "debt_ratio": null,
            "inventory_turnover_ratio": null,
            "account_receivable_turnover_ratio": null,
            "reinvestment_rate": null,
            "research_to_sale_ratio": null,
            "price_fair": 0,
            "eps_avg_yearly": 0,
            "eps_latest_yearly": 0,
            "eps_growth_yearly": 0
        },
        "20034": {
            "year_quarter": 20034,
            "year": 2003,
            "quarter": 4,
            "eps": null,
            "eps_growth_year": null,
            "eps_4q": null,
            "eps_4q_growth_year": null,
            "roe": null,
            "roe_4q": 0,
            "gross_profit": null,
            "gross_margin": null,
            "gross_margin_4q_avg": 0,
            "net_income": null,
            "net_income_4q": null,
            "revenue": null,
            "revenue_4q": null,
            "common_shares": 468337,
            "book_valuer_per_share": 13.49,
            "book_valuer_per_share_4q_avg": 3.37,
            "equity": 632291,
            "current_ratio": 183.16,
            "debt_ratio": 40.37,
            "inventory_turnover_ratio": null,
            "account_receivable_turnover_ratio": null,
            "reinvestment_rate": null,
            "research_to_sale_ratio": null,
            "price_fair": 0,
            "eps_avg_yearly": 0,
            "eps_latest_yearly": 0,
            "eps_growth_yearly": 0
        },
        "20041": {
            "year_quarter": 20041,
            "year": 2004,
            "quarter": 1,
            "eps": null,
            "eps_growth_year": null,
            "eps_4q": null,
            "eps_4q_growth_year": null,
            "roe": null,
            "roe_4q": 0,
            "gross_profit": null,
            "gross_margin": null,
            "gross_margin_4q_avg": 0,
            "net_income": null,
            "net_income_4q": null,
            "revenue": null,
            "revenue_4q": null,
            "common_shares": null,
            "book_valuer_per_share": null,
            "book_valuer_per_share_4q_avg": 3.37,
            "equity": null,
            "current_ratio": null,
            "debt_ratio": null,
            "inventory_turnover_ratio": null,
            "account_receivable_turnover_ratio": null,
            "reinvestment_rate": null,
            "research_to_sale_ratio": null,
            "price_fair": 0,
            "eps_avg_yearly": 0,
            "eps_latest_yearly": 0,
            "eps_growth_yearly": 0
        },
        "20042": {
            "year_quarter": 20042,
            "year": 2004,
            "quarter": 2,
            "eps": null,
            "eps_growth_year": null,
            "eps_4q": null,
            "eps_4q_growth_year": null,
            "roe": null,
            "roe_4q": 0,
            "gross_profit": null,
            "gross_margin": null,
            "gross_margin_4q_avg": 0,
            "net_income": null,
            "net_income_4q": null,
            "revenue": null,
            "revenue_4q": null,
            "common_shares": null,
            "book_valuer_per_share": null,
            "book_valuer_per_share_4q_avg": 3.37,
            "equity": null,
            "current_ratio": null,
            "debt_ratio": null,
            "inventory_turnover_ratio": null,
            "account_receivable_turnover_ratio": null,
            "reinvestment_rate": null,
            "research_to_sale_ratio": null,
            "price_fair": 0,
            "eps_avg_yearly": 0,
            "eps_latest_yearly": 0,
            "eps_growth_yearly": 0
        },
        "20043": {
            "year_quarter": 20043,
            "year": 2004,
            "quarter": 3,
            "eps": null,
            "eps_growth_year": null,
            "eps_4q": null,
            "eps_4q_growth_year": null,
            "roe": null,
            "roe_4q": 0,
            "gross_profit": null,
            "gross_margin": null,
            "gross_margin_4q_avg": 0,
            "net_income": null,
            "net_income_4q": null,
            "revenue": null,
            "revenue_4q": null,
            "common_shares": null,
            "book_valuer_per_share": null,
            "book_valuer_per_share_4q_avg": 3.37,
            "equity": null,
            "current_ratio": null,
            "debt_ratio": null,
            "inventory_turnover_ratio": null,
            "account_receivable_turnover_ratio": null,
            "reinvestment_rate": null,
            "research_to_sale_ratio": null,
            "price_fair": 0,
            "eps_avg_yearly": 0,
            "eps_latest_yearly": 0,
            "eps_growth_yearly": 0
        },
        "20044": {
            "year_quarter": 20044,
            "year": 2004,
            "quarter": 4,
            "eps": null,
            "eps_growth_year": null,
            "eps_4q": null,
            "eps_4q_growth_year": null,
            "roe": null,
            "roe_4q": 0,
            "gross_profit": null,
            "gross_margin": null,
            "gross_margin_4q_avg": 0,
            "net_income": null,
            "net_income_4q": null,
            "revenue": null,
            "revenue_4q": null,
            "common_shares": 468337,
            "book_valuer_per_share": 12.48,
            "book_valuer_per_share_4q_avg": 3.12,
            "equity": 584967,
            "current_ratio": 165.08,
            "debt_ratio": 40.88,
            "inventory_turnover_ratio": null,
            "account_receivable_turnover_ratio": null,
            "reinvestment_rate": null,
            "research_to_sale_ratio": null,
            "price_fair": 0,
            "eps_avg_yearly": 0,
            "eps_latest_yearly": 0,
            "eps_growth_yearly": 0
        },
        "20051": {
            "year_quarter": 20051,
            "year": 2005,
            "quarter": 1,
            "eps": null,
            "eps_growth_year": null,
            "eps_4q": null,
            "eps_4q_growth_year": null,
            "roe": null,
            "roe_4q": 0,
            "gross_profit": null,
            "gross_margin": null,
            "gross_margin_4q_avg": 0,
            "net_income": null,
            "net_income_4q": null,
            "revenue": null,
            "revenue_4q": null,
            "common_shares": null,
            "book_valuer_per_share": null,
            "book_valuer_per_share_4q_avg": 3.12,
            "equity": null,
            "current_ratio": null,
            "debt_ratio": null,
            "inventory_turnover_ratio": null,
            "account_receivable_turnover_ratio": null,
            "reinvestment_rate": null,
            "research_to_sale_ratio": null,
            "price_fair": 0,
            "eps_avg_yearly": 0,
            "eps_latest_yearly": 0,
            "eps_growth_yearly": 0
        },
        "20052": {
            "year_quarter": 20052,
            "year": 2005,
            "quarter": 2,
            "eps": null,
            "eps_growth_year": null,
            "eps_4q": null,
            "eps_4q_growth_year": null,
            "roe": null,
            "roe_4q": 0,
            "gross_profit": null,
            "gross_margin": null,
            "gross_margin_4q_avg": 0,
            "net_income": null,
            "net_income_4q": null,
            "revenue": null,
            "revenue_4q": null,
            "common_shares": null,
            "book_valuer_per_share": null,
            "book_valuer_per_share_4q_avg": 3.12,
            "equity": null,
            "current_ratio": null,
            "debt_ratio": null,
            "inventory_turnover_ratio": null,
            "account_receivable_turnover_ratio": null,
            "reinvestment_rate": null,
            "research_to_sale_ratio": null,
            "price_fair": 0,
            "eps_avg_yearly": 0,
            "eps_latest_yearly": 0,
            "eps_growth_yearly": 0
        },
        "20053": {
            "year_quarter": 20053,
            "year": 2005,
            "quarter": 3,
            "eps": null,
            "eps_growth_year": null,
            "eps_4q": null,
            "eps_4q_growth_year": null,
            "roe": null,
            "roe_4q": 0,
            "gross_profit": null,
            "gross_margin": null,
            "gross_margin_4q_avg": 0,
            "net_income": null,
            "net_income_4q": null,
            "revenue": null,
            "revenue_4q": null,
            "common_shares": null,
            "book_valuer_per_share": null,
            "book_valuer_per_share_4q_avg": 3.12,
            "equity": null,
            "current_ratio": null,
            "debt_ratio": null,
            "inventory_turnover_ratio": null,
            "account_receivable_turnover_ratio": null,
            "reinvestment_rate": null,
            "research_to_sale_ratio": null,
            "price_fair": 0,
            "eps_avg_yearly": 0,
            "eps_latest_yearly": 0,
            "eps_growth_yearly": 0
        },
        "20054": {
            "year_quarter": 20054,
            "year": 2005,
            "quarter": 4,
            "eps": null,
            "eps_growth_year": null,
            "eps_4q": null,
            "eps_4q_growth_year": null,
            "roe": null,
            "roe_4q": 0,
            "gross_profit": null,
            "gross_margin": null,
            "gross_margin_4q_avg": 0,
            "net_income": null,
            "net_income_4q": null,
            "revenue": null,
            "revenue_4q": null,
            "common_shares": 468337,
            "book_valuer_per_share": 11.03,
            "book_valuer_per_share_4q_avg": 2.76,
            "equity": 516698,
            "current_ratio": 162.98,
            "debt_ratio": 40.45,
            "inventory_turnover_ratio": null,
            "account_receivable_turnover_ratio": null,
            "reinvestment_rate": null,
            "research_to_sale_ratio": null,
            "price_fair": 0,
            "eps_avg_yearly": 0,
            "eps_latest_yearly": 0,
            "eps_growth_yearly": 0
        },
        "20061": {
            "year_quarter": 20061,
            "year": 2006,
            "quarter": 1,
            "eps": null,
            "eps_growth_year": null,
            "eps_4q": null,
            "eps_4q_growth_year": null,
            "roe": null,
            "roe_4q": 0,
            "gross_profit": null,
            "gross_margin": null,
            "gross_margin_4q_avg": 0,
            "net_income": null,
            "net_income_4q": null,
            "revenue": null,
            "revenue_4q": null,
            "common_shares": null,
            "book_valuer_per_share": null,
            "book_valuer_per_share_4q_avg": 2.76,
            "equity": null,
            "current_ratio": null,
            "debt_ratio": null,
            "inventory_turnover_ratio": null,
            "account_receivable_turnover_ratio": null,
            "reinvestment_rate": null,
            "research_to_sale_ratio": null,
            "price_fair": 0,
            "eps_avg_yearly": 0,
            "eps_latest_yearly": 0,
            "eps_growth_yearly": 0
        },
        "20062": {
            "year_quarter": 20062,
            "year": 2006,
            "quarter": 2,
            "eps": null,
            "eps_growth_year": null,
            "eps_4q": null,
            "eps_4q_growth_year": null,
            "roe": null,
            "roe_4q": 0,
            "gross_profit": null,
            "gross_margin": null,
            "gross_margin_4q_avg": 0,
            "net_income": null,
            "net_income_4q": null,
            "revenue": null,
            "revenue_4q": null,
            "common_shares": null,
            "book_valuer_per_share": null,
            "book_valuer_per_share_4q_avg": 2.76,
            "equity": null,
            "current_ratio": null,
            "debt_ratio": null,
            "inventory_turnover_ratio": null,
            "account_receivable_turnover_ratio": null,
            "reinvestment_rate": null,
            "research_to_sale_ratio": null,
            "price_fair": 0,
            "eps_avg_yearly": 0,
            "eps_latest_yearly": 0,
            "eps_growth_yearly": 0
        },
        "20063": {
            "year_quarter": 20063,
            "year": 2006,
            "quarter": 3,
            "eps": null,
            "eps_growth_year": null,
            "eps_4q": null,
            "eps_4q_growth_year": null,
            "roe": null,
            "roe_4q": 0,
            "gross_profit": null,
            "gross_margin": null,
            "gross_margin_4q_avg": 0,
            "net_income": null,
            "net_income_4q": null,
            "revenue": null,
            "revenue_4q": null,
            "common_shares": null,
            "book_valuer_per_share": null,
            "book_valuer_per_share_4q_avg": 2.76,
            "equity": null,
            "current_ratio": null,
            "debt_ratio": null,
            "inventory_turnover_ratio": null,
            "account_receivable_turnover_ratio": null,
            "reinvestment_rate": null,
            "research_to_sale_ratio": null,
            "price_fair": 0,
            "eps_avg_yearly": 0,
            "eps_latest_yearly": 0,
            "eps_growth_yearly": 0
        },
        "20064": {
            "year_quarter": 20064,
            "year": 2006,
            "quarter": 4,
            "eps": null,
            "eps_growth_year": null,
            "eps_4q": null,
            "eps_4q_growth_year": null,
            "roe": null,
            "roe_4q": 0,
            "gross_profit": null,
            "gross_margin": null,
            "gross_margin_4q_avg": 0,
            "net_income": null,
            "net_income_4q": null,
            "revenue": null,
            "revenue_4q": null,
            "common_shares": 468337,
            "book_valuer_per_share": 10.57,
            "book_valuer_per_share_4q_avg": 2.64,
            "equity": 497972,
            "current_ratio": 181.44,
            "debt_ratio": 35.86,
            "inventory_turnover_ratio": null,
            "account_receivable_turnover_ratio": null,
            "reinvestment_rate": null,
            "research_to_sale_ratio": null,
            "price_fair": 0,
            "eps_avg_yearly": 0,
            "eps_latest_yearly": 0,
            "eps_growth_yearly": 0
        },
        "20071": {
            "year_quarter": 20071,
            "year": 2007,
            "quarter": 1,
            "eps": null,
            "eps_growth_year": null,
            "eps_4q": null,
            "eps_4q_growth_year": null,
            "roe": null,
            "roe_4q": 0,
            "gross_profit": null,
            "gross_margin": null,
            "gross_margin_4q_avg": 0,
            "net_income": null,
            "net_income_4q": null,
            "revenue": null,
            "revenue_4q": null,
            "common_shares": null,
            "book_valuer_per_share": null,
            "book_valuer_per_share_4q_avg": 2.64,
            "equity": null,
            "current_ratio": null,
            "debt_ratio": null,
            "inventory_turnover_ratio": null,
            "account_receivable_turnover_ratio": null,
            "reinvestment_rate": null,
            "research_to_sale_ratio": null,
            "price_fair": 0,
            "eps_avg_yearly": 0,
            "eps_latest_yearly": 0,
            "eps_growth_yearly": 0
        },
        "20072": {
            "year_quarter": 20072,
            "year": 2007,
            "quarter": 2,
            "eps": null,
            "eps_growth_year": null,
            "eps_4q": null,
            "eps_4q_growth_year": null,
            "roe": null,
            "roe_4q": 0,
            "gross_profit": null,
            "gross_margin": null,
            "gross_margin_4q_avg": 0,
            "net_income": null,
            "net_income_4q": null,
            "revenue": null,
            "revenue_4q": null,
            "common_shares": null,
            "book_valuer_per_share": null,
            "book_valuer_per_share_4q_avg": 2.64,
            "equity": null,
            "current_ratio": null,
            "debt_ratio": null,
            "inventory_turnover_ratio": null,
            "account_receivable_turnover_ratio": null,
            "reinvestment_rate": null,
            "research_to_sale_ratio": null,
            "price_fair": 0,
            "eps_avg_yearly": 0,
            "eps_latest_yearly": 0,
            "eps_growth_yearly": 0
        },
        "20073": {
            "year_quarter": 20073,
            "year": 2007,
            "quarter": 3,
            "eps": null,
            "eps_growth_year": null,
            "eps_4q": null,
            "eps_4q_growth_year": null,
            "roe": null,
            "roe_4q": 0,
            "gross_profit": null,
            "gross_margin": null,
            "gross_margin_4q_avg": 0,
            "net_income": null,
            "net_income_4q": null,
            "revenue": null,
            "revenue_4q": null,
            "common_shares": null,
            "book_valuer_per_share": null,
            "book_valuer_per_share_4q_avg": 2.64,
            "equity": null,
            "current_ratio": null,
            "debt_ratio": null,
            "inventory_turnover_ratio": null,
            "account_receivable_turnover_ratio": null,
            "reinvestment_rate": null,
            "research_to_sale_ratio": null,
            "price_fair": 0,
            "eps_avg_yearly": 0,
            "eps_latest_yearly": 0,
            "eps_growth_yearly": 0
        },
        "20074": {
            "year_quarter": 20074,
            "year": 2007,
            "quarter": 4,
            "eps": null,
            "eps_growth_year": null,
            "eps_4q": null,
            "eps_4q_growth_year": null,
            "roe": null,
            "roe_4q": 0,
            "gross_profit": null,
            "gross_margin": null,
            "gross_margin_4q_avg": 0,
            "net_income": null,
            "net_income_4q": null,
            "revenue": null,
            "revenue_4q": null,
            "common_shares": 468337,
            "book_valuer_per_share": 11.51,
            "book_valuer_per_share_4q_avg": 2.88,
            "equity": 539473,
            "current_ratio": 315.76,
            "debt_ratio": 25.32,
            "inventory_turnover_ratio": null,
            "account_receivable_turnover_ratio": null,
            "reinvestment_rate": null,
            "research_to_sale_ratio": null,
            "price_fair": 0,
            "eps_avg_yearly": 0,
            "eps_latest_yearly": 0,
            "eps_growth_yearly": 0
        },
        "20081": {
            "year_quarter": 20081,
            "year": 2008,
            "quarter": 1,
            "eps": null,
            "eps_growth_year": null,
            "eps_4q": null,
            "eps_4q_growth_year": null,
            "roe": null,
            "roe_4q": 0,
            "gross_profit": null,
            "gross_margin": null,
            "gross_margin_4q_avg": 0,
            "net_income": null,
            "net_income_4q": null,
            "revenue": null,
            "revenue_4q": null,
            "common_shares": null,
            "book_valuer_per_share": null,
            "book_valuer_per_share_4q_avg": 2.88,
            "equity": null,
            "current_ratio": null,
            "debt_ratio": null,
            "inventory_turnover_ratio": null,
            "account_receivable_turnover_ratio": null,
            "reinvestment_rate": null,
            "research_to_sale_ratio": null,
            "price_fair": 0,
            "eps_avg_yearly": 0,
            "eps_latest_yearly": 0,
            "eps_growth_yearly": 0
        },
        "20082": {
            "year_quarter": 20082,
            "year": 2008,
            "quarter": 2,
            "eps": null,
            "eps_growth_year": null,
            "eps_4q": null,
            "eps_4q_growth_year": null,
            "roe": null,
            "roe_4q": 0,
            "gross_profit": null,
            "gross_margin": null,
            "gross_margin_4q_avg": 0,
            "net_income": null,
            "net_income_4q": null,
            "revenue": null,
            "revenue_4q": null,
            "common_shares": null,
            "book_valuer_per_share": null,
            "book_valuer_per_share_4q_avg": 2.88,
            "equity": null,
            "current_ratio": null,
            "debt_ratio": null,
            "inventory_turnover_ratio": null,
            "account_receivable_turnover_ratio": null,
            "reinvestment_rate": null,
            "research_to_sale_ratio": null,
            "price_fair": 0,
            "eps_avg_yearly": 0,
            "eps_latest_yearly": 0,
            "eps_growth_yearly": 0
        },
        "20083": {
            "year_quarter": 20083,
            "year": 2008,
            "quarter": 3,
            "eps": null,
            "eps_growth_year": null,
            "eps_4q": null,
            "eps_4q_growth_year": null,
            "roe": null,
            "roe_4q": 0,
            "gross_profit": null,
            "gross_margin": null,
            "gross_margin_4q_avg": 0,
            "net_income": null,
            "net_income_4q": null,
            "revenue": null,
            "revenue_4q": null,
            "common_shares": null,
            "book_valuer_per_share": null,
            "book_valuer_per_share_4q_avg": 2.88,
            "equity": null,
            "current_ratio": null,
            "debt_ratio": null,
            "inventory_turnover_ratio": null,
            "account_receivable_turnover_ratio": null,
            "reinvestment_rate": null,
            "research_to_sale_ratio": null,
            "price_fair": 0,
            "eps_avg_yearly": 0,
            "eps_latest_yearly": 0,
            "eps_growth_yearly": 0
        },
        "20084": {
            "year_quarter": 20084,
            "year": 2008,
            "quarter": 4,
            "eps": null,
            "eps_growth_year": null,
            "eps_4q": null,
            "eps_4q_growth_year": null,
            "roe": null,
            "roe_4q": 0,
            "gross_profit": null,
            "gross_margin": null,
            "gross_margin_4q_avg": 0,
            "net_income": null,
            "net_income_4q": null,
            "revenue": null,
            "revenue_4q": null,
            "common_shares": 374670,
            "book_valuer_per_share": 12.12,
            "book_valuer_per_share_4q_avg": 3.03,
            "equity": 454364,
            "current_ratio": 361.96,
            "debt_ratio": 22.44,
            "inventory_turnover_ratio": null,
            "account_receivable_turnover_ratio": null,
            "reinvestment_rate": null,
            "research_to_sale_ratio": null,
            "price_fair": 0,
            "eps_avg_yearly": 0,
            "eps_latest_yearly": 0,
            "eps_growth_yearly": 0
        },
        "20091": {
            "year_quarter": 20091,
            "year": 2009,
            "quarter": 1,
            "eps": null,
            "eps_growth_year": null,
            "eps_4q": null,
            "eps_4q_growth_year": null,
            "roe": null,
            "roe_4q": 0,
            "gross_profit": null,
            "gross_margin": null,
            "gross_margin_4q_avg": 0,
            "net_income": null,
            "net_income_4q": null,
            "revenue": null,
            "revenue_4q": null,
            "common_shares": null,
            "book_valuer_per_share": null,
            "book_valuer_per_share_4q_avg": 3.03,
            "equity": null,
            "current_ratio": null,
            "debt_ratio": null,
            "inventory_turnover_ratio": null,
            "account_receivable_turnover_ratio": null,
            "reinvestment_rate": null,
            "research_to_sale_ratio": null,
            "price_fair": 0,
            "eps_avg_yearly": 0,
            "eps_latest_yearly": 0,
            "eps_growth_yearly": 0
        },
        "20092": {
            "year_quarter": 20092,
            "year": 2009,
            "quarter": 2,
            "eps": null,
            "eps_growth_year": null,
            "eps_4q": null,
            "eps_4q_growth_year": null,
            "roe": null,
            "roe_4q": 0,
            "gross_profit": null,
            "gross_margin": null,
            "gross_margin_4q_avg": 0,
            "net_income": null,
            "net_income_4q": null,
            "revenue": null,
            "revenue_4q": null,
            "common_shares": 374670,
            "book_valuer_per_share": null,
            "book_valuer_per_share_4q_avg": 3.03,
            "equity": 417387,
            "current_ratio": null,
            "debt_ratio": null,
            "inventory_turnover_ratio": null,
            "account_receivable_turnover_ratio": null,
            "reinvestment_rate": null,
            "research_to_sale_ratio": null,
            "price_fair": 0,
            "eps_avg_yearly": 0,
            "eps_latest_yearly": 0,
            "eps_growth_yearly": 0
        },
        "20093": {
            "year_quarter": 20093,
            "year": 2009,
            "quarter": 3,
            "eps": null,
            "eps_growth_year": null,
            "eps_4q": null,
            "eps_4q_growth_year": null,
            "roe": null,
            "roe_4q": 0,
            "gross_profit": null,
            "gross_margin": null,
            "gross_margin_4q_avg": 0,
            "net_income": null,
            "net_income_4q": null,
            "revenue": null,
            "revenue_4q": null,
            "common_shares": null,
            "book_valuer_per_share": null,
            "book_valuer_per_share_4q_avg": 3.03,
            "equity": null,
            "current_ratio": null,
            "debt_ratio": null,
            "inventory_turnover_ratio": null,
            "account_receivable_turnover_ratio": null,
            "reinvestment_rate": null,
            "research_to_sale_ratio": null,
            "price_fair": 0,
            "eps_avg_yearly": 0,
            "eps_latest_yearly": 0,
            "eps_growth_yearly": 0
        },
        "20094": {
            "year_quarter": 20094,
            "year": 2009,
            "quarter": 4,
            "eps": null,
            "eps_growth_year": null,
            "eps_4q": null,
            "eps_4q_growth_year": null,
            "roe": null,
            "roe_4q": 0,
            "gross_profit": null,
            "gross_margin": null,
            "gross_margin_4q_avg": 0,
            "net_income": null,
            "net_income_4q": null,
            "revenue": null,
            "revenue_4q": null,
            "common_shares": 374670,
            "book_valuer_per_share": 11.81,
            "book_valuer_per_share_4q_avg": 2.95,
            "equity": 442967,
            "current_ratio": 384.59,
            "debt_ratio": 22.22,
            "inventory_turnover_ratio": null,
            "account_receivable_turnover_ratio": null,
            "reinvestment_rate": null,
            "research_to_sale_ratio": null,
            "price_fair": 0,
            "eps_avg_yearly": 0,
            "eps_latest_yearly": 0,
            "eps_growth_yearly": 0
        },
        "20101": {
            "year_quarter": 20101,
            "year": 2010,
            "quarter": 1,
            "eps": null,
            "eps_growth_year": null,
            "eps_4q": null,
            "eps_4q_growth_year": null,
            "roe": null,
            "roe_4q": 0,
            "gross_profit": null,
            "gross_margin": null,
            "gross_margin_4q_avg": 0,
            "net_income": null,
            "net_income_4q": null,
            "revenue": null,
            "revenue_4q": null,
            "common_shares": null,
            "book_valuer_per_share": null,
            "book_valuer_per_share_4q_avg": 2.95,
            "equity": null,
            "current_ratio": null,
            "debt_ratio": null,
            "inventory_turnover_ratio": null,
            "account_receivable_turnover_ratio": null,
            "reinvestment_rate": null,
            "research_to_sale_ratio": null,
            "price_fair": 0,
            "eps_avg_yearly": 0,
            "eps_latest_yearly": 0,
            "eps_growth_yearly": 0
        },
        "20102": {
            "year_quarter": 20102,
            "year": 2010,
            "quarter": 2,
            "eps": null,
            "eps_growth_year": null,
            "eps_4q": null,
            "eps_4q_growth_year": null,
            "roe": null,
            "roe_4q": 0,
            "gross_profit": null,
            "gross_margin": null,
            "gross_margin_4q_avg": 0,
            "net_income": null,
            "net_income_4q": null,
            "revenue": null,
            "revenue_4q": null,
            "common_shares": 374670,
            "book_valuer_per_share": 12.56,
            "book_valuer_per_share_4q_avg": 6.09,
            "equity": 471116,
            "current_ratio": 254.31,
            "debt_ratio": 31.98,
            "inventory_turnover_ratio": null,
            "account_receivable_turnover_ratio": null,
            "reinvestment_rate": null,
            "research_to_sale_ratio": null,
            "price_fair": 0,
            "eps_avg_yearly": 0,
            "eps_latest_yearly": 0,
            "eps_growth_yearly": 0
        },
        "20103": {
            "year_quarter": 20103,
            "year": 2010,
            "quarter": 3,
            "eps": null,
            "eps_growth_year": null,
            "eps_4q": null,
            "eps_4q_growth_year": null,
            "roe": null,
            "roe_4q": 0,
            "gross_profit": null,
            "gross_margin": null,
            "gross_margin_4q_avg": 0,
            "net_income": null,
            "net_income_4q": null,
            "revenue": null,
            "revenue_4q": null,
            "common_shares": null,
            "book_valuer_per_share": null,
            "book_valuer_per_share_4q_avg": 6.09,
            "equity": null,
            "current_ratio": null,
            "debt_ratio": null,
            "inventory_turnover_ratio": null,
            "account_receivable_turnover_ratio": null,
            "reinvestment_rate": null,
            "research_to_sale_ratio": null,
            "price_fair": 0,
            "eps_avg_yearly": 0,
            "eps_latest_yearly": 0,
            "eps_growth_yearly": 0
        },
        "20104": {
            "year_quarter": 20104,
            "year": 2010,
            "quarter": 4,
            "eps": null,
            "eps_growth_year": null,
            "eps_4q": null,
            "eps_4q_growth_year": null,
            "roe": null,
            "roe_4q": 0,
            "gross_profit": null,
            "gross_margin": null,
            "gross_margin_4q_avg": 0,
            "net_income": null,
            "net_income_4q": null,
            "revenue": null,
            "revenue_4q": null,
            "common_shares": 374670,
            "book_valuer_per_share": 13.45,
            "book_valuer_per_share_4q_avg": 6.5,
            "equity": 504289,
            "current_ratio": 318.25,
            "debt_ratio": 26.07,
            "inventory_turnover_ratio": null,
            "account_receivable_turnover_ratio": null,
            "reinvestment_rate": null,
            "research_to_sale_ratio": null,
            "price_fair": 0,
            "eps_avg_yearly": 0,
            "eps_latest_yearly": 0,
            "eps_growth_yearly": 0
        },
        "20111": {
            "year_quarter": 20111,
            "year": 2011,
            "quarter": 1,
            "eps": null,
            "eps_growth_year": null,
            "eps_4q": null,
            "eps_4q_growth_year": null,
            "roe": null,
            "roe_4q": 0,
            "gross_profit": null,
            "gross_margin": null,
            "gross_margin_4q_avg": 0,
            "net_income": null,
            "net_income_4q": null,
            "revenue": null,
            "revenue_4q": null,
            "common_shares": null,
            "book_valuer_per_share": null,
            "book_valuer_per_share_4q_avg": 6.5,
            "equity": null,
            "current_ratio": null,
            "debt_ratio": null,
            "inventory_turnover_ratio": null,
            "account_receivable_turnover_ratio": null,
            "reinvestment_rate": null,
            "research_to_sale_ratio": null,
            "price_fair": 0,
            "eps_avg_yearly": 0,
            "eps_latest_yearly": 0,
            "eps_growth_yearly": 0
        },
        "20112": {
            "year_quarter": 20112,
            "year": 2011,
            "quarter": 2,
            "eps": null,
            "eps_growth_year": null,
            "eps_4q": null,
            "eps_4q_growth_year": null,
            "roe": null,
            "roe_4q": 0,
            "gross_profit": null,
            "gross_margin": null,
            "gross_margin_4q_avg": 0,
            "net_income": null,
            "net_income_4q": null,
            "revenue": null,
            "revenue_4q": null,
            "common_shares": 374670,
            "book_valuer_per_share": 12.85,
            "book_valuer_per_share_4q_avg": 6.58,
            "equity": 481724,
            "current_ratio": 256.28,
            "debt_ratio": 32.39,
            "inventory_turnover_ratio": null,
            "account_receivable_turnover_ratio": null,
            "reinvestment_rate": null,
            "research_to_sale_ratio": null,
            "price_fair": 0,
            "eps_avg_yearly": 0,
            "eps_latest_yearly": 0,
            "eps_growth_yearly": 0
        },
        "20113": {
            "year_quarter": 20113,
            "year": 2011,
            "quarter": 3,
            "eps": null,
            "eps_growth_year": null,
            "eps_4q": null,
            "eps_4q_growth_year": null,
            "roe": null,
            "roe_4q": 0,
            "gross_profit": null,
            "gross_margin": null,
            "gross_margin_4q_avg": 0,
            "net_income": null,
            "net_income_4q": null,
            "revenue": null,
            "revenue_4q": null,
            "common_shares": null,
            "book_valuer_per_share": null,
            "book_valuer_per_share_4q_avg": 6.58,
            "equity": null,
            "current_ratio": null,
            "debt_ratio": null,
            "inventory_turnover_ratio": null,
            "account_receivable_turnover_ratio": null,
            "reinvestment_rate": null,
            "research_to_sale_ratio": null,
            "price_fair": 0,
            "eps_avg_yearly": 0,
            "eps_latest_yearly": 0,
            "eps_growth_yearly": 0
        },
        "20114": {
            "year_quarter": 20114,
            "year": 2011,
            "quarter": 4,
            "eps": null,
            "eps_growth_year": null,
            "eps_4q": null,
            "eps_4q_growth_year": null,
            "roe": null,
            "roe_4q": 0,
            "gross_profit": null,
            "gross_margin": null,
            "gross_margin_4q_avg": 0,
            "net_income": null,
            "net_income_4q": null,
            "revenue": null,
            "revenue_4q": null,
            "common_shares": 374670,
            "book_valuer_per_share": 13.35,
            "book_valuer_per_share_4q_avg": 6.55,
            "equity": 500663,
            "current_ratio": 315.29,
            "debt_ratio": 26.81,
            "inventory_turnover_ratio": null,
            "account_receivable_turnover_ratio": null,
            "reinvestment_rate": null,
            "research_to_sale_ratio": null,
            "price_fair": 0,
            "eps_avg_yearly": 0,
            "eps_latest_yearly": 0,
            "eps_growth_yearly": 0
        },
        "20121": {
            "year_quarter": 20121,
            "year": 2012,
            "quarter": 1,
            "eps": null,
            "eps_growth_year": null,
            "eps_4q": null,
            "eps_4q_growth_year": null,
            "roe": null,
            "roe_4q": 0,
            "gross_profit": null,
            "gross_margin": null,
            "gross_margin_4q_avg": 0,
            "net_income": null,
            "net_income_4q": null,
            "revenue": null,
            "revenue_4q": null,
            "common_shares": null,
            "book_valuer_per_share": null,
            "book_valuer_per_share_4q_avg": 6.55,
            "equity": null,
            "current_ratio": null,
            "debt_ratio": null,
            "inventory_turnover_ratio": null,
            "account_receivable_turnover_ratio": null,
            "reinvestment_rate": null,
            "research_to_sale_ratio": null,
            "price_fair": 0,
            "eps_avg_yearly": 0,
            "eps_latest_yearly": 0,
            "eps_growth_yearly": 0
        },
        "20122": {
            "year_quarter": 20122,
            "year": 2012,
            "quarter": 2,
            "eps": null,
            "eps_growth_year": null,
            "eps_4q": null,
            "eps_4q_growth_year": null,
            "roe": null,
            "roe_4q": 0,
            "gross_profit": null,
            "gross_margin": null,
            "gross_margin_4q_avg": 0,
            "net_income": null,
            "net_income_4q": null,
            "revenue": null,
            "revenue_4q": null,
            "common_shares": 374670,
            "book_valuer_per_share": 13.24,
            "book_valuer_per_share_4q_avg": 6.65,
            "equity": 496490,
            "current_ratio": 286.02,
            "debt_ratio": 29.38,
            "inventory_turnover_ratio": null,
            "account_receivable_turnover_ratio": null,
            "reinvestment_rate": null,
            "research_to_sale_ratio": null,
            "price_fair": 0,
            "eps_avg_yearly": 0,
            "eps_latest_yearly": 0,
            "eps_growth_yearly": 0
        },
        "20123": {
            "year_quarter": 20123,
            "year": 2012,
            "quarter": 3,
            "eps": null,
            "eps_growth_year": null,
            "eps_4q": null,
            "eps_4q_growth_year": null,
            "roe": null,
            "roe_4q": 0,
            "gross_profit": null,
            "gross_margin": null,
            "gross_margin_4q_avg": 0,
            "net_income": null,
            "net_income_4q": null,
            "revenue": null,
            "revenue_4q": null,
            "common_shares": null,
            "book_valuer_per_share": null,
            "book_valuer_per_share_4q_avg": 6.65,
            "equity": null,
            "current_ratio": null,
            "debt_ratio": null,
            "inventory_turnover_ratio": null,
            "account_receivable_turnover_ratio": null,
            "reinvestment_rate": null,
            "research_to_sale_ratio": null,
            "price_fair": 0,
            "eps_avg_yearly": 0,
            "eps_latest_yearly": 0,
            "eps_growth_yearly": 0
        },
        "20124": {
            "year_quarter": 20124,
            "year": 2012,
            "quarter": 4,
            "eps": null,
            "eps_growth_year": null,
            "eps_4q": null,
            "eps_4q_growth_year": null,
            "roe": null,
            "roe_4q": 0,
            "gross_profit": null,
            "gross_margin": null,
            "gross_margin_4q_avg": 0,
            "net_income": null,
            "net_income_4q": null,
            "revenue": null,
            "revenue_4q": null,
            "common_shares": 374670,
            "book_valuer_per_share": 13.8,
            "book_valuer_per_share_4q_avg": 6.76,
            "equity": 517029,
            "current_ratio": 288.13,
            "debt_ratio": 26.7,
            "inventory_turnover_ratio": null,
            "account_receivable_turnover_ratio": null,
            "reinvestment_rate": null,
            "research_to_sale_ratio": null,
            "price_fair": 0,
            "eps_avg_yearly": 0,
            "eps_latest_yearly": 0,
            "eps_growth_yearly": 0
        },
        "20131": {
            "year_quarter": 20131,
            "year": 2013,
            "quarter": 1,
            "eps": null,
            "eps_growth_year": null,
            "eps_4q": null,
            "eps_4q_growth_year": null,
            "roe": null,
            "roe_4q": 0,
            "gross_profit": null,
            "gross_margin": null,
            "gross_margin_4q_avg": 0,
            "net_income": null,
            "net_income_4q": null,
            "revenue": null,
            "revenue_4q": null,
            "common_shares": null,
            "book_valuer_per_share": null,
            "book_valuer_per_share_4q_avg": 6.76,
            "equity": null,
            "current_ratio": null,
            "debt_ratio": null,
            "inventory_turnover_ratio": null,
            "account_receivable_turnover_ratio": null,
            "reinvestment_rate": null,
            "research_to_sale_ratio": null,
            "price_fair": 0,
            "eps_avg_yearly": 0,
            "eps_latest_yearly": 0,
            "eps_growth_yearly": 0
        },
        "20132": {
            "year_quarter": 20132,
            "year": 2013,
            "quarter": 2,
            "eps": null,
            "eps_growth_year": null,
            "eps_4q": null,
            "eps_4q_growth_year": null,
            "roe": null,
            "roe_4q": 0,
            "gross_profit": null,
            "gross_margin": null,
            "gross_margin_4q_avg": 0,
            "net_income": null,
            "net_income_4q": null,
            "revenue": null,
            "revenue_4q": null,
            "common_shares": 374670,
            "book_valuer_per_share": 13.66,
            "book_valuer_per_share_4q_avg": 6.87,
            "equity": 511748,
            "current_ratio": 121.12,
            "debt_ratio": 41.54,
            "inventory_turnover_ratio": null,
            "account_receivable_turnover_ratio": null,
            "reinvestment_rate": null,
            "research_to_sale_ratio": null,
            "price_fair": 0,
            "eps_avg_yearly": 0,
            "eps_latest_yearly": 0,
            "eps_growth_yearly": 0
        },
        "20133": {
            "year_quarter": 20133,
            "year": 2013,
            "quarter": 3,
            "eps": null,
            "eps_growth_year": null,
            "eps_4q": null,
            "eps_4q_growth_year": null,
            "roe": null,
            "roe_4q": 0,
            "gross_profit": null,
            "gross_margin": null,
            "gross_margin_4q_avg": 0,
            "net_income": null,
            "net_income_4q": null,
            "revenue": null,
            "revenue_4q": null,
            "common_shares": null,
            "book_valuer_per_share": null,
            "book_valuer_per_share_4q_avg": 6.87,
            "equity": null,
            "current_ratio": null,
            "debt_ratio": null,
            "inventory_turnover_ratio": null,
            "account_receivable_turnover_ratio": null,
            "reinvestment_rate": null,
            "research_to_sale_ratio": null,
            "price_fair": 0,
            "eps_avg_yearly": 0,
            "eps_latest_yearly": 0,
            "eps_growth_yearly": 0
        },
        "20134": {
            "year_quarter": 20134,
            "year": 2013,
            "quarter": 4,
            "eps": null,
            "eps_growth_year": null,
            "eps_4q": null,
            "eps_4q_growth_year": null,
            "roe": null,
            "roe_4q": 0,
            "gross_profit": null,
            "gross_margin": null,
            "gross_margin_4q_avg": 0,
            "net_income": null,
            "net_income_4q": null,
            "revenue": null,
            "revenue_4q": null,
            "common_shares": 374670,
            "book_valuer_per_share": 14.38,
            "book_valuer_per_share_4q_avg": 7.01,
            "equity": 538657,
            "current_ratio": 125.67,
            "debt_ratio": 37.08,
            "inventory_turnover_ratio": null,
            "account_receivable_turnover_ratio": null,
            "reinvestment_rate": null,
            "research_to_sale_ratio": null,
            "price_fair": 0,
            "eps_avg_yearly": 0,
            "eps_latest_yearly": 0,
            "eps_growth_yearly": 0
        },
        "20141": {
            "year_quarter": 20141,
            "year": 2014,
            "quarter": 1,
            "eps": null,
            "eps_growth_year": null,
            "eps_4q": null,
            "eps_4q_growth_year": null,
            "roe": null,
            "roe_4q": 0,
            "gross_profit": 70267,
            "gross_margin": null,
            "gross_margin_4q_avg": 0,
            "net_income": 8489,
            "net_income_4q": null,
            "revenue": 199020,
            "revenue_4q": null,
            "common_shares": 374670,
            "book_valuer_per_share": 14.6,
            "book_valuer_per_share_4q_avg": 10.66,
            "equity": 547183,
            "current_ratio": 115.94,
            "debt_ratio": 42.87,
            "inventory_turnover_ratio": null,
            "account_receivable_turnover_ratio": null,
            "reinvestment_rate": null,
            "research_to_sale_ratio": null,
            "price_fair": 0,
            "eps_avg_yearly": 0,
            "eps_latest_yearly": 0,
            "eps_growth_yearly": 0
        },
        "20142": {
            "year_quarter": 20142,
            "year": 2014,
            "quarter": 2,
            "eps": 0.56,
            "eps_growth_year": null,
            "eps_4q": null,
            "eps_4q_growth_year": null,
            "roe": 3.66,
            "roe_4q": 3.66,
            "gross_profit": 93043,
            "gross_margin": 35.47,
            "gross_margin_4q_avg": 8.87,
            "net_income": 20484,
            "net_income_4q": null,
            "revenue": 262345,
            "revenue_4q": null,
            "common_shares": 379060,
            "book_valuer_per_share": 14.74,
            "book_valuer_per_share_4q_avg": 10.93,
            "equity": 571369,
            "current_ratio": 120.64,
            "debt_ratio": 43.17,
            "inventory_turnover_ratio": 1.47,
            "account_receivable_turnover_ratio": 2.81,
            "reinvestment_rate": null,
            "research_to_sale_ratio": null,
            "price_fair": 0,
            "eps_avg_yearly": 0,
            "eps_latest_yearly": 0,
            "eps_growth_yearly": 0
        },
        "20143": {
            "year_quarter": 20143,
            "year": 2014,
            "quarter": 3,
            "eps": null,
            "eps_growth_year": null,
            "eps_4q": null,
            "eps_4q_growth_year": null,
            "roe": null,
            "roe_4q": 3.66,
            "gross_profit": 101419,
            "gross_margin": null,
            "gross_margin_4q_avg": 8.87,
            "net_income": 24930,
            "net_income_4q": null,
            "revenue": 279332,
            "revenue_4q": null,
            "common_shares": 380610,
            "book_valuer_per_share": 15.54,
            "book_valuer_per_share_4q_avg": 14.82,
            "equity": 600867,
            "current_ratio": 143.28,
            "debt_ratio": 41.46,
            "inventory_turnover_ratio": null,
            "account_receivable_turnover_ratio": null,
            "reinvestment_rate": null,
            "research_to_sale_ratio": null,
            "price_fair": 0,
            "eps_avg_yearly": 0,
            "eps_latest_yearly": 0,
            "eps_growth_yearly": 0
        },
        "20144": {
            "year_quarter": 20144,
            "year": 2014,
            "quarter": 4,
            "eps": null,
            "eps_growth_year": null,
            "eps_4q": null,
            "eps_4q_growth_year": null,
            "roe": null,
            "roe_4q": 3.66,
            "gross_profit": 99105,
            "gross_margin": null,
            "gross_margin_4q_avg": 8.87,
            "net_income": 21752,
            "net_income_4q": null,
            "revenue": 274532,
            "revenue_4q": null,
            "common_shares": 382440,
            "book_valuer_per_share": 16.06,
            "book_valuer_per_share_4q_avg": 15.24,
            "equity": 623170,
            "current_ratio": 158.02,
            "debt_ratio": 37.23,
            "inventory_turnover_ratio": null,
            "account_receivable_turnover_ratio": null,
            "reinvestment_rate": null,
            "research_to_sale_ratio": null,
            "price_fair": 0,
            "eps_avg_yearly": 0,
            "eps_latest_yearly": 0,
            "eps_growth_yearly": 0
        },
        "20151": {
            "year_quarter": 20151,
            "year": 2015,
            "quarter": 1,
            "eps": null,
            "eps_growth_year": null,
            "eps_4q": null,
            "eps_4q_growth_year": null,
            "roe": null,
            "roe_4q": 3.66,
            "gross_profit": 79119,
            "gross_margin": null,
            "gross_margin_4q_avg": 8.87,
            "net_income": 11786,
            "net_income_4q": null,
            "revenue": 229723,
            "revenue_4q": null,
            "common_shares": 382540,
            "book_valuer_per_share": 16.43,
            "book_valuer_per_share_4q_avg": 15.69,
            "equity": 636610,
            "current_ratio": 169.34,
            "debt_ratio": 34.46,
            "inventory_turnover_ratio": null,
            "account_receivable_turnover_ratio": null,
            "reinvestment_rate": null,
            "research_to_sale_ratio": null,
            "price_fair": 0,
            "eps_avg_yearly": 0,
            "eps_latest_yearly": 0,
            "eps_growth_yearly": 0
        },
        "20152": {
            "year_quarter": 20152,
            "year": 2015,
            "quarter": 2,
            "eps": 2.77,
            "eps_growth_year": 393.9,
            "eps_4q": 2.77,
            "eps_4q_growth_year": null,
            "roe": 15.74,
            "roe_4q": 15.74,
            "gross_profit": 75064,
            "gross_margin": 31.45,
            "gross_margin_4q_avg": 7.86,
            "net_income": 105494,
            "net_income_4q": null,
            "revenue": 238682,
            "revenue_4q": null,
            "common_shares": 383340,
            "book_valuer_per_share": 18.17,
            "book_valuer_per_share_4q_avg": 16.55,
            "equity": 704026,
            "current_ratio": 160.26,
            "debt_ratio": 35.36,
            "inventory_turnover_ratio": 1.24,
            "account_receivable_turnover_ratio": 2.76,
            "reinvestment_rate": null,
            "research_to_sale_ratio": 7.82,
            "price_fair": 0,
            "eps_avg_yearly": 0,
            "eps_latest_yearly": 0,
            "eps_growth_yearly": 0
        },
        "20153": {
            "year_quarter": 20153,
            "year": 2015,
            "quarter": 3,
            "eps": 0.21,
            "eps_growth_year": null,
            "eps_4q": 2.98,
            "eps_4q_growth_year": null,
            "roe": 1.05,
            "roe_4q": 16.79,
            "gross_profit": 69709,
            "gross_margin": 33.55,
            "gross_margin_4q_avg": 16.25,
            "net_income": 7436,
            "net_income_4q": null,
            "revenue": 207799,
            "revenue_4q": null,
            "common_shares": 383500,
            "book_valuer_per_share": 18.39,
            "book_valuer_per_share_4q_avg": 17.26,
            "equity": 711951,
            "current_ratio": 155.27,
            "debt_ratio": 31.95,
            "inventory_turnover_ratio": 1.08,
            "account_receivable_turnover_ratio": 1.3,
            "reinvestment_rate": null,
            "research_to_sale_ratio": 6.91,
            "price_fair": 2.52,
            "eps_avg_yearly": 0.84,
            "eps_latest_yearly": 0.84,
            "eps_growth_yearly": -369.68
        },
        "20154": {
            "year_quarter": 20154,
            "year": 2015,
            "quarter": 4,
            "eps": -0.21,
            "eps_growth_year": null,
            "eps_4q": 2.38,
            "eps_4q_growth_year": null,
            "roe": -1.12,
            "roe_4q": 15.67,
            "gross_profit": 84600,
            "gross_margin": 32.38,
            "gross_margin_4q_avg": 24.35,
            "net_income": -9760,
            "net_income_4q": null,
            "revenue": 261301,
            "revenue_4q": null,
            "common_shares": 442460,
            "book_valuer_per_share": 23.05,
            "book_valuer_per_share_4q_avg": 19.01,
            "equity": 1025874,
            "current_ratio": 227.02,
            "debt_ratio": 26.89,
            "inventory_turnover_ratio": 1.37,
            "account_receivable_turnover_ratio": 1.57,
            "reinvestment_rate": null,
            "research_to_sale_ratio": 10.91,
            "price_fair": 2.52,
            "eps_avg_yearly": 0.84,
            "eps_latest_yearly": 0.84,
            "eps_growth_yearly": -369.68
        },
        "20161": {
            "year_quarter": 20161,
            "year": 2016,
            "quarter": 1,
            "eps": 0.23,
            "eps_growth_year": null,
            "eps_4q": 2.61,
            "eps_4q_growth_year": null,
            "roe": 0.91,
            "roe_4q": 16.580000000000002,
            "gross_profit": 77963,
            "gross_margin": 35.92,
            "gross_margin_4q_avg": 33.33,
            "net_income": 9353,
            "net_income_4q": null,
            "revenue": 217059,
            "revenue_4q": null,
            "common_shares": 442460,
            "book_valuer_per_share": 23.28,
            "book_valuer_per_share_4q_avg": 20.72,
            "equity": 1035015,
            "current_ratio": 237.24,
            "debt_ratio": 23.86,
            "inventory_turnover_ratio": 1.11,
            "account_receivable_turnover_ratio": 1.29,
            "reinvestment_rate": null,
            "research_to_sale_ratio": 7.09,
            "price_fair": 2.52,
            "eps_avg_yearly": 0.84,
            "eps_latest_yearly": 0.84,
            "eps_growth_yearly": -369.68
        },
        "20162": {
            "year_quarter": 20162,
            "year": 2016,
            "quarter": 2,
            "eps": 0.29,
            "eps_growth_year": -89.53,
            "eps_4q": 0.5,
            "eps_4q_growth_year": -81.89,
            "roe": 1.33,
            "roe_4q": 2.17,
            "gross_profit": 77787,
            "gross_margin": 34.24,
            "gross_margin_4q_avg": 34.02,
            "net_income": 13401,
            "net_income_4q": null,
            "revenue": 227161,
            "revenue_4q": null,
            "common_shares": 442460,
            "book_valuer_per_share": 22.06,
            "book_valuer_per_share_4q_avg": 21.7,
            "equity": 981756,
            "current_ratio": 194.85,
            "debt_ratio": 29.43,
            "inventory_turnover_ratio": 1.21,
            "account_receivable_turnover_ratio": 1.36,
            "reinvestment_rate": null,
            "research_to_sale_ratio": 5.93,
            "price_fair": 3,
            "eps_avg_yearly": 1,
            "eps_latest_yearly": 1.16,
            "eps_growth_yearly": -132.66
        },
        "20163": {
            "year_quarter": 20163,
            "year": 2016,
            "quarter": 3,
            "eps": 0.2,
            "eps_growth_year": -4.76,
            "eps_4q": 0.51,
            "eps_4q_growth_year": -82.81,
            "roe": 0.89,
            "roe_4q": 2.0100000000000002,
            "gross_profit": 72650,
            "gross_margin": 33.5,
            "gross_margin_4q_avg": 34.01,
            "net_income": 8763,
            "net_income_4q": null,
            "revenue": 216847,
            "revenue_4q": null,
            "common_shares": 442460,
            "book_valuer_per_share": 22.25,
            "book_valuer_per_share_4q_avg": 22.66,
            "equity": 990020,
            "current_ratio": 187.47,
            "debt_ratio": 26.31,
            "inventory_turnover_ratio": 1.21,
            "account_receivable_turnover_ratio": 1.25,
            "reinvestment_rate": null,
            "research_to_sale_ratio": 6.06,
            "price_fair": 2.8,
            "eps_avg_yearly": 0.93,
            "eps_latest_yearly": 0.8,
            "eps_growth_yearly": -129.82
        },
        "20164": {
            "year_quarter": 20164,
            "year": 2016,
            "quarter": 4,
            "eps": 0.33,
            "eps_growth_year": null,
            "eps_4q": 1.05,
            "eps_4q_growth_year": -56.05,
            "roe": 1.46,
            "roe_4q": 4.59,
            "gross_profit": 79134,
            "gross_margin": 36.81,
            "gross_margin_4q_avg": 35.12,
            "net_income": 14591,
            "net_income_4q": null,
            "revenue": 214967,
            "revenue_4q": null,
            "common_shares": 442460,
            "book_valuer_per_share": 22.5,
            "book_valuer_per_share_4q_avg": 22.52,
            "equity": 1003027,
            "current_ratio": 185.44,
            "debt_ratio": 26.91,
            "inventory_turnover_ratio": 1.1,
            "account_receivable_turnover_ratio": 1.32,
            "reinvestment_rate": null,
            "research_to_sale_ratio": 6.25,
            "price_fair": 3.09,
            "eps_avg_yearly": 1.03,
            "eps_latest_yearly": 1.32,
            "eps_growth_yearly": -32.37
        },
        "20171": {
            "year_quarter": 20171,
            "year": 2017,
            "quarter": 1,
            "eps": 0.14,
            "eps_growth_year": -39.13,
            "eps_4q": 0.96,
            "eps_4q_growth_year": -63.21,
            "roe": 0.59,
            "roe_4q": 4.27,
            "gross_profit": 73549,
            "gross_margin": 34.61,
            "gross_margin_4q_avg": 34.79,
            "net_income": 5977,
            "net_income_4q": null,
            "revenue": 212513,
            "revenue_4q": null,
            "common_shares": 443200,
            "book_valuer_per_share": 22.55,
            "book_valuer_per_share_4q_avg": 22.34,
            "equity": 1007584,
            "current_ratio": 193.98,
            "debt_ratio": 24.58,
            "inventory_turnover_ratio": 1.17,
            "account_receivable_turnover_ratio": 1.36,
            "reinvestment_rate": null,
            "research_to_sale_ratio": 5.73,
            "price_fair": 2.81,
            "eps_avg_yearly": 0.94,
            "eps_latest_yearly": 0.56,
            "eps_growth_yearly": -71.95
        },
        "20172": {
            "year_quarter": 20172,
            "year": 2017,
            "quarter": 2,
            "eps": 0.28,
            "eps_growth_year": -3.45,
            "eps_4q": 0.94,
            "eps_4q_growth_year": 88.43,
            "roe": 1.27,
            "roe_4q": 4.21,
            "gross_profit": 92428,
            "gross_margin": 35.96,
            "gross_margin_4q_avg": 35.22,
            "net_income": 12940,
            "net_income_4q": null,
            "revenue": 257066,
            "revenue_4q": null,
            "common_shares": 443200,
            "book_valuer_per_share": 22.15,
            "book_valuer_per_share_4q_avg": 22.36,
            "equity": 1034260,
            "current_ratio": 151.44,
            "debt_ratio": 29.99,
            "inventory_turnover_ratio": 1.46,
            "account_receivable_turnover_ratio": 1.48,
            "reinvestment_rate": null,
            "research_to_sale_ratio": 4.76,
            "price_fair": 16.15,
            "eps_avg_yearly": 0.97,
            "eps_latest_yearly": 1.12,
            "eps_growth_yearly": 6.71
        },
        "20173": {
            "year_quarter": 20173,
            "year": 2017,
            "quarter": 3,
            "eps": 0.24,
            "eps_growth_year": 20,
            "eps_4q": 0.99,
            "eps_4q_growth_year": 93.04,
            "roe": 1.16,
            "roe_4q": 4.4799999999999995,
            "gross_profit": 110783,
            "gross_margin": 36.89,
            "gross_margin_4q_avg": 36.07,
            "net_income": 12116,
            "net_income_4q": null,
            "revenue": 300271,
            "revenue_4q": null,
            "common_shares": 445660,
            "book_valuer_per_share": 22.4,
            "book_valuer_per_share_4q_avg": 22.4,
            "equity": 1046797,
            "current_ratio": 144.39,
            "debt_ratio": 30.31,
            "inventory_turnover_ratio": 1.55,
            "account_receivable_turnover_ratio": 1.56,
            "reinvestment_rate": null,
            "research_to_sale_ratio": 3.91,
            "price_fair": 2.9,
            "eps_avg_yearly": 0.97,
            "eps_latest_yearly": 0.96,
            "eps_growth_yearly": -2.42
        },
        "20174": {
            "year_quarter": 20174,
            "year": 2017,
            "quarter": 4,
            "eps": 0.38,
            "eps_growth_year": 16.79,
            "eps_4q": 1.05,
            "eps_4q_growth_year": 0.08,
            "roe": 1.76,
            "roe_4q": 4.779999999999999,
            "gross_profit": 105315,
            "gross_margin": 39.38,
            "gross_margin_4q_avg": 36.71,
            "net_income": 18655,
            "net_income_4q": null,
            "revenue": 267427,
            "revenue_4q": null,
            "common_shares": 445660,
            "book_valuer_per_share": 22.82,
            "book_valuer_per_share_4q_avg": 22.48,
            "equity": 1067275,
            "current_ratio": 158.26,
            "debt_ratio": 30.83,
            "inventory_turnover_ratio": 1.27,
            "account_receivable_turnover_ratio": 1.47,
            "reinvestment_rate": 110.3,
            "research_to_sale_ratio": 3.82,
            "price_fair": 36.23,
            "eps_avg_yearly": 1.04,
            "eps_latest_yearly": 1.52,
            "eps_growth_yearly": 27.05
        },
        "20181": {
            "year_quarter": 20181,
            "year": 2018,
            "quarter": 1,
            "eps": 0.12,
            "eps_growth_year": -14.29,
            "eps_4q": 1.02,
            "eps_4q_growth_year": 6.42,
            "roe": 0.6,
            "roe_4q": 4.789999999999999,
            "gross_profit": 95226,
            "gross_margin": 36.61,
            "gross_margin_4q_avg": 37.21,
            "net_income": 6475,
            "net_income_4q": null,
            "revenue": 260093,
            "revenue_4q": null,
            "common_shares": 445660,
            "book_valuer_per_share": 22.94,
            "book_valuer_per_share_4q_avg": 22.58,
            "equity": 1074036,
            "current_ratio": 170.64,
            "debt_ratio": 28.03,
            "inventory_turnover_ratio": 1.18,
            "account_receivable_turnover_ratio": 1.55,
            "reinvestment_rate": 110.01,
            "research_to_sale_ratio": 3.71,
            "price_fair": 2.92,
            "eps_avg_yearly": 0.97,
            "eps_latest_yearly": 0.48,
            "eps_growth_yearly": -6.36
        },
        "20182": {
            "year_quarter": 20182,
            "year": 2018,
            "quarter": 2,
            "eps": 0.37,
            "eps_growth_year": 32.14,
            "eps_4q": 1.11,
            "eps_4q_growth_year": 17.2,
            "roe": 1.81,
            "roe_4q": 5.33,
            "gross_profit": 111257,
            "gross_margin": 35.16,
            "gross_margin_4q_avg": 37.01,
            "net_income": 19120,
            "net_income_4q": null,
            "revenue": 316426,
            "revenue_4q": null,
            "common_shares": 445660,
            "book_valuer_per_share": 22.3,
            "book_valuer_per_share_4q_avg": 22.62,
            "equity": 1042537,
            "current_ratio": 150.84,
            "debt_ratio": 30.3,
            "inventory_turnover_ratio": 1.45,
            "account_receivable_turnover_ratio": 1.74,
            "reinvestment_rate": 117.74,
            "research_to_sale_ratio": 2.94,
            "price_fair": 35.84,
            "eps_avg_yearly": 1.02,
            "eps_latest_yearly": 1.48,
            "eps_growth_yearly": 77.61
        },
        "20183": {
            "year_quarter": 20183,
            "year": 2018,
            "quarter": 3,
            "eps": 0.37,
            "eps_growth_year": 54.17,
            "eps_4q": 1.24,
            "eps_4q_growth_year": 25.48,
            "roe": 1.84,
            "roe_4q": 6.01,
            "gross_profit": 118781,
            "gross_margin": 38.34,
            "gross_margin_4q_avg": 37.37,
            "net_income": 19297,
            "net_income_4q": null,
            "revenue": 309796,
            "revenue_4q": null,
            "common_shares": 445660,
            "book_valuer_per_share": 22.64,
            "book_valuer_per_share_4q_avg": 22.68,
            "equity": 1060268,
            "current_ratio": 152.16,
            "debt_ratio": 31.12,
            "inventory_turnover_ratio": 1.33,
            "account_receivable_turnover_ratio": 1.52,
            "reinvestment_rate": 141.33,
            "research_to_sale_ratio": 3.14,
            "price_fair": 37.29,
            "eps_avg_yearly": 1.07,
            "eps_latest_yearly": 1.48,
            "eps_growth_yearly": 70.55
        },
        "20184": {
            "year_quarter": 20184,
            "year": 2018,
            "quarter": 4,
            "eps": 0.64,
            "eps_growth_year": 66.32,
            "eps_4q": 1.5,
            "eps_4q_growth_year": 43,
            "roe": 3.05,
            "roe_4q": 7.299999999999999,
            "gross_profit": 140747,
            "gross_margin": 40.54,
            "gross_margin_4q_avg": 37.66,
            "net_income": 32858,
            "net_income_4q": null,
            "revenue": 347145,
            "revenue_4q": null,
            "common_shares": 445660,
            "book_valuer_per_share": 23.26,
            "book_valuer_per_share_4q_avg": 22.79,
            "equity": 1092352,
            "current_ratio": 205.62,
            "debt_ratio": 35.04,
            "inventory_turnover_ratio": 1.35,
            "account_receivable_turnover_ratio": 1.74,
            "reinvestment_rate": 140.36,
            "research_to_sale_ratio": 2.8,
            "price_fair": 41.65,
            "eps_avg_yearly": 1.19,
            "eps_latest_yearly": 2.56,
            "eps_growth_yearly": 89
        },
        "20191": {
            "year_quarter": 20191,
            "year": 2019,
            "quarter": 1,
            "eps": 0.46,
            "eps_growth_year": 283.33,
            "eps_4q": 1.84,
            "eps_4q_growth_year": 80.07,
            "roe": 2.09,
            "roe_4q": 8.79,
            "gross_profit": 127419,
            "gross_margin": 38.24,
            "gross_margin_4q_avg": 38.07,
            "net_income": 23108,
            "net_income_4q": null,
            "revenue": 333184,
            "revenue_4q": null,
            "common_shares": 445660,
            "book_valuer_per_share": 23.73,
            "book_valuer_per_share_4q_avg": 22.98,
            "equity": 1115873,
            "current_ratio": 153.26,
            "debt_ratio": 31.99,
            "inventory_turnover_ratio": 1.32,
            "account_receivable_turnover_ratio": 1.72,
            "reinvestment_rate": 135.1,
            "research_to_sale_ratio": 2.77,
            "price_fair": 43.4,
            "eps_avg_yearly": 1.24,
            "eps_latest_yearly": 1.84,
            "eps_growth_yearly": 73.5
        },
        "20192": {
            "year_quarter": 20192,
            "year": 2019,
            "quarter": 2,
            "eps": 0.27,
            "eps_growth_year": -27.03,
            "eps_4q": 1.74,
            "eps_4q_growth_year": 57.09,
            "roe": 1.5,
            "roe_4q": 8.48,
            "gross_profit": 129938,
            "gross_margin": 38.14,
            "gross_margin_4q_avg": 38.82,
            "net_income": 16331,
            "net_income_4q": null,
            "revenue": 340701,
            "revenue_4q": null,
            "common_shares": 445660,
            "book_valuer_per_share": 22.64,
            "book_valuer_per_share_4q_avg": 23.07,
            "equity": 1060455,
            "current_ratio": 136.61,
            "debt_ratio": 35.44,
            "inventory_turnover_ratio": 1.38,
            "account_receivable_turnover_ratio": 1.79,
            "reinvestment_rate": 177.5,
            "research_to_sale_ratio": 3.39,
            "price_fair": 43,
            "eps_avg_yearly": 1.23,
            "eps_latest_yearly": 1.08,
            "eps_growth_yearly": 56.45
        },
        "20193": {
            "year_quarter": 20193,
            "year": 2019,
            "quarter": 3,
            "eps": 0.44,
            "eps_growth_year": 18.92,
            "eps_4q": 1.8,
            "eps_4q_growth_year": 45.19,
            "roe": 2.35,
            "roe_4q": 8.989999999999998,
            "gross_profit": 146515,
            "gross_margin": 41.93,
            "gross_margin_4q_avg": 39.71,
            "net_income": 25205,
            "net_income_4q": null,
            "revenue": 349392,
            "revenue_4q": null,
            "common_shares": 445660,
            "book_valuer_per_share": 23.04,
            "book_valuer_per_share_4q_avg": 23.17,
            "equity": 1084242,
            "current_ratio": 164.23,
            "debt_ratio": 35.11,
            "inventory_turnover_ratio": 1.32,
            "account_receivable_turnover_ratio": 1.91,
            "reinvestment_rate": 114.71,
            "research_to_sale_ratio": 3.41,
            "price_fair": 45.3,
            "eps_avg_yearly": 1.29,
            "eps_latest_yearly": 1.76,
            "eps_growth_yearly": 100.84
        },
        "20194": {
            "year_quarter": 20194,
            "year": 2019,
            "quarter": 4,
            "eps": 0.53,
            "eps_growth_year": -17.26,
            "eps_4q": 1.69,
            "eps_4q_growth_year": 13.08,
            "roe": 2.92,
            "roe_4q": 8.86,
            "gross_profit": 143983,
            "gross_margin": 40.33,
            "gross_margin_4q_avg": 39.66,
            "net_income": 32007,
            "net_income_4q": null,
            "revenue": 357012,
            "revenue_4q": null,
            "common_shares": 445660,
            "book_valuer_per_share": 23.57,
            "book_valuer_per_share_4q_avg": 23.25,
            "equity": 1105835,
            "current_ratio": 158.02,
            "debt_ratio": 34.61,
            "inventory_turnover_ratio": 1.27,
            "account_receivable_turnover_ratio": 1.99,
            "reinvestment_rate": 84.23,
            "research_to_sale_ratio": 3.39,
            "price_fair": 47.23,
            "eps_avg_yearly": 1.35,
            "eps_latest_yearly": 2.12,
            "eps_growth_yearly": 99.57
        },
        "20201": {
            "year_quarter": 20201,
            "year": 2020,
            "quarter": 1,
            "eps": 0.18,
            "eps_growth_year": -60.87,
            "eps_4q": 1.41,
            "eps_4q_growth_year": -23.19,
            "roe": 0.85,
            "roe_4q": 7.62,
            "gross_profit": 115245,
            "gross_margin": 38.35,
            "gross_margin_4q_avg": 39.69,
            "net_income": 9430,
            "net_income_4q": null,
            "revenue": 300547,
            "revenue_4q": null,
            "common_shares": 445660,
            "book_valuer_per_share": 23.73,
            "book_valuer_per_share_4q_avg": 23.25,
            "equity": 1119924,
            "current_ratio": 178.23,
            "debt_ratio": 34.13,
            "inventory_turnover_ratio": 1.03,
            "account_receivable_turnover_ratio": 1.65,
            "reinvestment_rate": 65.69,
            "research_to_sale_ratio": 3.48,
            "price_fair": 45.85,
            "eps_avg_yearly": 1.31,
            "eps_latest_yearly": 0.72,
            "eps_growth_yearly": 76.84
        },
        "20202": {
            "year_quarter": 20202,
            "year": 2020,
            "quarter": 2,
            "eps": 0.19,
            "eps_growth_year": -29.63,
            "eps_4q": 1.33,
            "eps_4q_growth_year": -23.38,
            "roe": 1.02,
            "roe_4q": 7.140000000000001,
            "gross_profit": 113813,
            "gross_margin": 35.16,
            "gross_margin_4q_avg": 38.94,
            "net_income": 11073,
            "net_income_4q": null,
            "revenue": 323687,
            "revenue_4q": null,
            "common_shares": 445660,
            "book_valuer_per_share": 22.55,
            "book_valuer_per_share_4q_avg": 23.22,
            "equity": 1050480,
            "current_ratio": 149.42,
            "debt_ratio": 39.06,
            "inventory_turnover_ratio": 1.1,
            "account_receivable_turnover_ratio": 1.59,
            "reinvestment_rate": 62.07,
            "research_to_sale_ratio": 3.32,
            "price_fair": 44.98,
            "eps_avg_yearly": 1.29,
            "eps_latest_yearly": 0.76,
            "eps_growth_yearly": 71.71
        },
        "20203": {
            "year_quarter": 20203,
            "year": 2020,
            "quarter": 3,
            "eps": 0.32,
            "eps_growth_year": -27.27,
            "eps_4q": 1.21,
            "eps_4q_growth_year": -32.78,
            "roe": 2.2,
            "roe_4q": 6.99,
            "gross_profit": 150140,
            "gross_margin": 40.88,
            "gross_margin_4q_avg": 38.68,
            "net_income": 23338,
            "net_income_4q": null,
            "revenue": 367307,
            "revenue_4q": null,
            "common_shares": 445660,
            "book_valuer_per_share": 22.89,
            "book_valuer_per_share_4q_avg": 23.19,
            "equity": 1074599,
            "current_ratio": 173.02,
            "debt_ratio": 38.02,
            "inventory_turnover_ratio": 1.11,
            "account_receivable_turnover_ratio": 1.74,
            "reinvestment_rate": 14.2,
            "research_to_sale_ratio": 2.89,
            "price_fair": 46.03,
            "eps_avg_yearly": 1.32,
            "eps_latest_yearly": 1.28,
            "eps_growth_yearly": 96.57
        },
        "20204": {
            "year_quarter": 20204,
            "year": 2020,
            "quarter": 4,
            "eps": 0.71,
            "eps_growth_year": 34.19,
            "eps_4q": 1.39,
            "eps_4q_growth_year": -17.71,
            "roe": 3.68,
            "roe_4q": 7.75,
            "gross_profit": 172430,
            "gross_margin": 42.13,
            "gross_margin_4q_avg": 39.13,
            "net_income": 40278,
            "net_income_4q": null,
            "revenue": 409309,
            "revenue_4q": null,
            "common_shares": 445660,
            "book_valuer_per_share": 23.65,
            "book_valuer_per_share_4q_avg": 23.21,
            "equity": 1117122,
            "current_ratio": 165.9,
            "debt_ratio": 37.76,
            "inventory_turnover_ratio": 1.18,
            "account_receivable_turnover_ratio": 2.09,
            "reinvestment_rate": 16.66,
            "research_to_sale_ratio": 3.05,
            "price_fair": 49.35,
            "eps_avg_yearly": 1.41,
            "eps_latest_yearly": 2.84,
            "eps_growth_yearly": 110.79
        },
        "20211": {
            "year_quarter": 20211,
            "year": 2021,
            "quarter": 1,
            "eps": 0.11,
            "eps_growth_year": -38.89,
            "eps_4q": 1.33,
            "eps_4q_growth_year": -6.13,
            "roe": 0.66,
            "roe_4q": 7.5600000000000005,
            "gross_profit": 120378,
            "gross_margin": 36.31,
            "gross_margin_4q_avg": 38.62,
            "net_income": 7363,
            "net_income_4q": null,
            "revenue": 331567,
            "revenue_4q": null,
            "common_shares": 445660,
            "book_valuer_per_share": 23.76,
            "book_valuer_per_share_4q_avg": 23.21,
            "equity": 1124630,
            "current_ratio": 166.98,
            "debt_ratio": 36.65,
            "inventory_turnover_ratio": 1.02,
            "account_receivable_turnover_ratio": 1.74,
            "reinvestment_rate": 15.1,
            "research_to_sale_ratio": 3.44,
            "price_fair": 49.09,
            "eps_avg_yearly": 1.4,
            "eps_latest_yearly": 0.44,
            "eps_growth_yearly": 104.06
        },
        "20212": {
            "year_quarter": 20212,
            "year": 2021,
            "quarter": 2,
            "eps": 0.08,
            "eps_growth_year": -57.89,
            "eps_4q": 1.21,
            "eps_4q_growth_year": -8.95,
            "roe": 0.49,
            "roe_4q": 7.03,
            "gross_profit": 102797,
            "gross_margin": 30.49,
            "gross_margin_4q_avg": 37.45,
            "net_income": 5317,
            "net_income_4q": null,
            "revenue": 337193,
            "revenue_4q": null,
            "common_shares": 445660,
            "book_valuer_per_share": 22.83,
            "book_valuer_per_share_4q_avg": 23.28,
            "equity": 1063490,
            "current_ratio": 151.64,
            "debt_ratio": 38.79,
            "inventory_turnover_ratio": 1.11,
            "account_receivable_turnover_ratio": 1.91,
            "reinvestment_rate": 3.95,
            "research_to_sale_ratio": 2.73,
            "price_fair": 47.34,
            "eps_avg_yearly": 1.35,
            "eps_latest_yearly": 0.32,
            "eps_growth_yearly": 72.24
        },
        "20213": {
            "year_quarter": 20213,
            "year": 2021,
            "quarter": 3,
            "eps": 0.19,
            "eps_growth_year": -40.62,
            "eps_4q": 1.08,
            "eps_4q_growth_year": -10.55,
            "roe": 1.32,
            "roe_4q": 6.15,
            "gross_profit": 129865,
            "gross_margin": 34.46,
            "gross_margin_4q_avg": 35.85,
            "net_income": 14156,
            "net_income_4q": null,
            "revenue": 376873,
            "revenue_4q": null,
            "common_shares": 445660,
            "book_valuer_per_share": 23.02,
            "book_valuer_per_share_4q_avg": 23.32,
            "equity": 1077560,
            "current_ratio": 169.97,
            "debt_ratio": 38.56,
            "inventory_turnover_ratio": 1.15,
            "account_receivable_turnover_ratio": 2.03,
            "reinvestment_rate": -29.4,
            "research_to_sale_ratio": 2.44,
            "price_fair": 46.9,
            "eps_avg_yearly": 1.34,
            "eps_latest_yearly": 0.76,
            "eps_growth_yearly": 110.19
        },
        "20214": {
            "year_quarter": 20214,
            "year": 2021,
            "quarter": 4,
            "eps": 0.27,
            "eps_growth_year": -61.51,
            "eps_4q": 0.65,
            "eps_4q_growth_year": -53.52,
            "roe": 2.04,
            "roe_4q": 4.510000000000001,
            "gross_profit": 159243,
            "gross_margin": 38.01,
            "gross_margin_4q_avg": 34.82,
            "net_income": 22200,
            "net_income_4q": null,
            "revenue": 418961,
            "revenue_4q": null,
            "common_shares": 445660,
            "book_valuer_per_share": 23.29,
            "book_valuer_per_share_4q_avg": 23.23,
            "equity": 1099786,
            "current_ratio": 187.68,
            "debt_ratio": 43.75,
            "inventory_turnover_ratio": 1.22,
            "account_receivable_turnover_ratio": 2.07,
            "reinvestment_rate": 13.15,
            "research_to_sale_ratio": 2.34,
            "price_fair": 45.94,
            "eps_avg_yearly": 1.31,
            "eps_latest_yearly": 1.08,
            "eps_growth_yearly": 106.13
        },
        "20221": {
            "year_quarter": 20221,
            "year": 2022,
            "quarter": 1,
            "eps": 1.97,
            "eps_growth_year": 1690.91,
            "eps_4q": 2.5,
            "eps_4q_growth_year": 89,
            "roe": 7.23,
            "roe_4q": 11.08,
            "gross_profit": 178097,
            "gross_margin": 28.96,
            "gross_margin_4q_avg": 32.98,
            "net_income": 98570,
            "net_income_4q": null,
            "revenue": 615021,
            "revenue_4q": null,
            "common_shares": 445660,
            "book_valuer_per_share": 24.8,
            "book_valuer_per_share_4q_avg": 23.49,
            "equity": 1628239,
            "current_ratio": 162.32,
            "debt_ratio": 50.29,
            "inventory_turnover_ratio": 1.75,
            "account_receivable_turnover_ratio": 1.79,
            "reinvestment_rate": 42.83,
            "research_to_sale_ratio": 1.42,
            "price_fair": 62.13,
            "eps_avg_yearly": 1.78,
            "eps_latest_yearly": 7.88,
            "eps_growth_yearly": 280.64
        },
        "20222": {
            "year_quarter": 20222,
            "year": 2022,
            "quarter": 2,
            "eps": 0.78,
            "eps_growth_year": 875,
            "eps_4q": 3.21,
            "eps_4q_growth_year": 164.88,
            "roe": 3.08,
            "roe_4q": 13.670000000000002,
            "gross_profit": 218446,
            "gross_margin": 27.25,
            "gross_margin_4q_avg": 32.17,
            "net_income": 50497,
            "net_income_4q": null,
            "revenue": 801514,
            "revenue_4q": null,
            "common_shares": 445660,
            "book_valuer_per_share": 25.57,
            "book_valuer_per_share_4q_avg": 24.17,
            "equity": 1647337,
            "current_ratio": 166.49,
            "debt_ratio": 49.17,
            "inventory_turnover_ratio": 2.09,
            "account_receivable_turnover_ratio": 1.58,
            "reinvestment_rate": 25.57,
            "research_to_sale_ratio": 1.27,
            "price_fair": 65.71,
            "eps_avg_yearly": 1.88,
            "eps_latest_yearly": 3.12,
            "eps_growth_yearly": 213.46
        },
        "20223": {
            "year_quarter": 20223,
            "year": 2022,
            "quarter": 3,
            "eps": 0.78,
            "eps_growth_year": 310.53,
            "eps_4q": 3.8,
            "eps_4q_growth_year": 250.7,
            "roe": 2.93,
            "roe_4q": 15.280000000000001,
            "gross_profit": 221160,
            "gross_margin": 29.25,
            "gross_margin_4q_avg": 30.87,
            "net_income": 48933,
            "net_income_4q": null,
            "revenue": 756161,
            "revenue_4q": null,
            "common_shares": 445660,
            "book_valuer_per_share": 26.36,
            "book_valuer_per_share_4q_avg": 25.01,
            "equity": 1696772,
            "current_ratio": 173.01,
            "debt_ratio": 49.21,
            "inventory_turnover_ratio": 1.99,
            "account_receivable_turnover_ratio": 1.4,
            "reinvestment_rate": 23.36,
            "research_to_sale_ratio": 1.32,
            "price_fair": 69.3,
            "eps_avg_yearly": 1.98,
            "eps_latest_yearly": 3.12,
            "eps_growth_yearly": 213.46
        },
        "20224": {
            "year_quarter": 20224,
            "year": 2022,
            "quarter": 4,
            "eps": 0.52,
            "eps_growth_year": 89.35,
            "eps_4q": 4.04,
            "eps_4q_growth_year": 524.98,
            "roe": 2.25,
            "roe_4q": 15.49,
            "gross_profit": 242546,
            "gross_margin": 31.15,
            "gross_margin_4q_avg": 29.15,
            "net_income": 38597,
            "net_income_4q": null,
            "revenue": 778664,
            "revenue_4q": null,
            "common_shares": 445660,
            "book_valuer_per_share": 26.9,
            "book_valuer_per_share_4q_avg": 25.91,
            "equity": 1736506,
            "current_ratio": 172.27,
            "debt_ratio": 48.9,
            "inventory_turnover_ratio": 2,
            "account_receivable_turnover_ratio": 1.42,
            "reinvestment_rate": 18.29,
            "research_to_sale_ratio": 1.37,
            "price_fair": 68.25,
            "eps_avg_yearly": 1.95,
            "eps_latest_yearly": 2.08,
            "eps_growth_yearly": 186.88
        },
        "20231": {
            "year_quarter": 20231,
            "year": 2023,
            "quarter": 1,
            "eps": 0.51,
            "eps_growth_year": -74.11,
            "eps_4q": 2.58,
            "eps_4q_growth_year": 3.21,
            "roe": 2.1,
            "roe_4q": 10.36,
            "gross_profit": 214535,
            "gross_margin": 31.26,
            "gross_margin_4q_avg": 29.73,
            "net_income": 35615,
            "net_income_4q": null,
            "revenue": 686236,
            "revenue_4q": null,
            "common_shares": 445660,
            "book_valuer_per_share": 25.31,
            "book_valuer_per_share_4q_avg": 26.04,
            "equity": 1658936,
            "current_ratio": 155.71,
            "debt_ratio": 50.76,
            "inventory_turnover_ratio": 1.65,
            "account_receivable_turnover_ratio": 1.31,
            "reinvestment_rate": 27.58,
            "research_to_sale_ratio": 1.1,
            "price_fair": 68.69,
            "eps_avg_yearly": 1.96,
            "eps_latest_yearly": 2.04,
            "eps_growth_yearly": 193.43
        },
        "20232": {
            "year_quarter": 20232,
            "year": 2023,
            "quarter": 2,
            "eps": 0.4,
            "eps_growth_year": -48.72,
            "eps_4q": 2.2,
            "eps_4q_growth_year": -31.42,
            "roe": 1.82,
            "roe_4q": 9.1,
            "gross_profit": 219796,
            "gross_margin": 29.9,
            "gross_margin_4q_avg": 30.39,
            "net_income": 30209,
            "net_income_4q": null,
            "revenue": 735001,
            "revenue_4q": null,
            "common_shares": 445660,
            "book_valuer_per_share": 25.67,
            "book_valuer_per_share_4q_avg": 26.06,
            "equity": 1660747,
            "current_ratio": 157.91,
            "debt_ratio": 48.35,
            "inventory_turnover_ratio": 1.77,
            "account_receivable_turnover_ratio": 1.47,
            "reinvestment_rate": 28.73,
            "research_to_sale_ratio": 1.17,
            "price_fair": 69.83,
            "eps_avg_yearly": 2,
            "eps_latest_yearly": 1.6,
            "eps_growth_yearly": 198.36
        },
        "20233": {
            "year_quarter": 20233,
            "year": 2023,
            "quarter": 3,
            "eps": 0.83,
            "eps_growth_year": 6.41,
            "eps_4q": 2.26,
            "eps_4q_growth_year": -40.56,
            "roe": 3.97,
            "roe_4q": 10.14,
            "gross_profit": 349896,
            "gross_margin": 30.3,
            "gross_margin_4q_avg": 30.65,
            "net_income": 74966,
            "net_income_4q": null,
            "revenue": 1154785,
            "revenue_4q": null,
            "common_shares": 445660,
            "book_valuer_per_share": 23.91,
            "book_valuer_per_share_4q_avg": 25.45,
            "equity": 2117289,
            "current_ratio": 196.26,
            "debt_ratio": 54.11,
            "inventory_turnover_ratio": 2.04,
            "account_receivable_turnover_ratio": 1.7,
            "reinvestment_rate": 58.97,
            "research_to_sale_ratio": 0.65,
            "price_fair": 73.24,
            "eps_avg_yearly": 2.09,
            "eps_latest_yearly": 3.32,
            "eps_growth_yearly": 209.5
        },
        "20234": {
            "year_quarter": 20234,
            "year": 2023,
            "quarter": 4,
            "eps": 0.83,
            "eps_growth_year": 60.35,
            "eps_4q": 2.57,
            "eps_4q_growth_year": -36.43,
            "roe": 3.75,
            "roe_4q": 11.64,
            "gross_profit": 372023,
            "gross_margin": 30.78,
            "gross_margin_4q_avg": 30.56,
            "net_income": 80593,
            "net_income_4q": null,
            "revenue": 1208656,
            "revenue_4q": null,
            "common_shares": 445660,
            "book_valuer_per_share": 24.68,
            "book_valuer_per_share_4q_avg": 24.89,
            "equity": 2180330,
            "current_ratio": 198.54,
            "debt_ratio": 53.73,
            "inventory_turnover_ratio": 1.63,
            "account_receivable_turnover_ratio": 1.42,
            "reinvestment_rate": 44.59,
            "research_to_sale_ratio": 0.68,
            "price_fair": 75.86,
            "eps_avg_yearly": 2.17,
            "eps_latest_yearly": 3.32,
            "eps_growth_yearly": 204.38
        }
    },
    "months": {
        "2003-10": {
            "month": "2003-10",
            "price": "10.91",
            "revenue": 64393
        },
        "2003-11": {
            "month": "2003-11",
            "price": "12.20",
            "revenue": 75894
        },
        "2003-12": {
            "month": "2003-12",
            "price": "12.50",
            "revenue": 99661
        },
        "2004-01": {
            "month": "2004-01",
            "price": "11.00",
            "revenue": 35979
        },
        "2004-02": {
            "month": "2004-02",
            "price": "10.30",
            "revenue": 30719
        },
        "2004-03": {
            "month": "2004-03",
            "price": "10.00",
            "revenue": 33427
        },
        "2004-09": {
            "month": "2004-09",
            "price": "10.00",
            "revenue": 63337
        },
        "2004-10": {
            "month": "2004-10",
            "price": "10.10",
            "revenue": 55752
        },
        "2004-11": {
            "month": "2004-11",
            "price": "9.32",
            "revenue": 64096
        },
        "2004-12": {
            "month": "2004-12",
            "price": "8.99",
            "revenue": 99072
        },
        "2005-03": {
            "month": "2005-03",
            "price": "9.45",
            "revenue": 27747
        },
        "2005-06": {
            "month": "2005-06",
            "price": "9.35",
            "revenue": 84104
        },
        "2005-07": {
            "month": "2005-07",
            "price": "8.47",
            "revenue": 42726
        },
        "2005-08": {
            "month": "2005-08",
            "price": "7.27",
            "revenue": 58637
        },
        "2005-09": {
            "month": "2005-09",
            "price": "5.30",
            "revenue": 56322
        },
        "2005-10": {
            "month": "2005-10",
            "price": "4.42",
            "revenue": 55314
        },
        "2005-11": {
            "month": "2005-11",
            "price": "4.08",
            "revenue": 56072
        },
        "2005-12": {
            "month": "2005-12",
            "price": "3.97",
            "revenue": 61885
        },
        "2006-02": {
            "month": "2006-02",
            "price": "3.81",
            "revenue": 26023
        },
        "2006-03": {
            "month": "2006-03",
            "price": "4.00",
            "revenue": 41186
        },
        "2006-04": {
            "month": "2006-04",
            "price": "4.20",
            "revenue": 42160
        },
        "2006-05": {
            "month": "2006-05",
            "price": "4.15",
            "revenue": 36625
        },
        "2006-06": {
            "month": "2006-06",
            "price": "4.09",
            "revenue": 34884
        },
        "2006-07": {
            "month": "2006-07",
            "price": "4.13",
            "revenue": 39419
        },
        "2006-10": {
            "month": "2006-10",
            "price": "4.30",
            "revenue": 45500
        },
        "2006-11": {
            "month": "2006-11",
            "price": "4.30",
            "revenue": 27269
        },
        "2006-12": {
            "month": "2006-12",
            "price": "4.60",
            "revenue": 49632
        },
        "2007-01": {
            "month": "2007-01",
            "price": "4.69",
            "revenue": 39956
        },
        "2007-02": {
            "month": "2007-02",
            "price": "4.70",
            "revenue": 27133
        },
        "2007-03": {
            "month": "2007-03",
            "price": "4.69",
            "revenue": 31003
        },
        "2007-04": {
            "month": "2007-04",
            "price": "5.33",
            "revenue": 38343
        },
        "2007-05": {
            "month": "2007-05",
            "price": "7.09",
            "revenue": 38677
        },
        "2007-06": {
            "month": "2007-06",
            "price": "8.19",
            "revenue": 40420
        },
        "2007-07": {
            "month": "2007-07",
            "price": "12.54",
            "revenue": 32627
        },
        "2007-08": {
            "month": "2007-08",
            "price": "9.66",
            "revenue": 63912
        },
        "2007-09": {
            "month": "2007-09",
            "price": "9.64",
            "revenue": 39424
        },
        "2007-10": {
            "month": "2007-10",
            "price": "8.34",
            "revenue": 39013
        },
        "2007-11": {
            "month": "2007-11",
            "price": "7.32",
            "revenue": 42570
        },
        "2007-12": {
            "month": "2007-12",
            "price": "7.12",
            "revenue": 52911
        },
        "2008-01": {
            "month": "2008-01",
            "price": "7.14",
            "revenue": 33231
        },
        "2008-02": {
            "month": "2008-02",
            "price": "7.10",
            "revenue": 27396
        },
        "2008-03": {
            "month": "2008-03",
            "price": "7.13",
            "revenue": 28809
        },
        "2008-04": {
            "month": "2008-04",
            "price": "8.73",
            "revenue": 36570
        },
        "2008-05": {
            "month": "2008-05",
            "price": "10.10",
            "revenue": 43329
        },
        "2008-06": {
            "month": "2008-06",
            "price": "8.76",
            "revenue": 29385
        },
        "2008-07": {
            "month": "2008-07",
            "price": "6.98",
            "revenue": 40488
        },
        "2008-08": {
            "month": "2008-08",
            "price": "6.60",
            "revenue": 39372
        },
        "2008-09": {
            "month": "2008-09",
            "price": "5.08",
            "revenue": 38814
        },
        "2008-10": {
            "month": "2008-10",
            "price": "3.25",
            "revenue": 55516
        },
        "2008-11": {
            "month": "2008-11",
            "price": "4.56",
            "revenue": 52734
        },
        "2009-01": {
            "month": "2009-01",
            "price": "4.90",
            "revenue": 27001
        },
        "2009-02": {
            "month": "2009-02",
            "price": "4.51",
            "revenue": 22626
        },
        "2009-03": {
            "month": "2009-03",
            "price": "6.16",
            "revenue": 41656
        },
        "2009-05": {
            "month": "2009-05",
            "price": "5.00",
            "revenue": 42581
        },
        "2009-07": {
            "month": "2009-07",
            "price": "5.31",
            "revenue": 40498
        },
        "2009-08": {
            "month": "2009-08",
            "price": "5.73",
            "revenue": 40869
        },
        "2009-09": {
            "month": "2009-09",
            "price": "6.35",
            "revenue": 40134
        },
        "2009-10": {
            "month": "2009-10",
            "price": "6.33",
            "revenue": 47500
        },
        "2009-11": {
            "month": "2009-11",
            "price": "6.00",
            "revenue": 40018
        },
        "2009-12": {
            "month": "2009-12",
            "price": "6.00",
            "revenue": 41595
        },
        "2010-01": {
            "month": "2010-01",
            "price": "6.00",
            "revenue": 29736
        },
        "2010-02": {
            "month": "2010-02",
            "price": "7.00",
            "revenue": 30246
        },
        "2010-03": {
            "month": "2010-03",
            "price": "8.00",
            "revenue": 40481
        },
        "2010-04": {
            "month": "2010-04",
            "price": "8.00",
            "revenue": 98140
        },
        "2010-05": {
            "month": "2010-05",
            "price": "7.00",
            "revenue": 33848
        },
        "2010-07": {
            "month": "2010-07",
            "price": "8.10",
            "revenue": 40944
        },
        "2010-08": {
            "month": "2010-08",
            "price": "21.51",
            "revenue": 51741
        },
        "2010-09": {
            "month": "2010-09",
            "price": "29.13",
            "revenue": 47902
        },
        "2010-10": {
            "month": "2010-10",
            "price": "28.49",
            "revenue": 42197
        },
        "2010-11": {
            "month": "2010-11",
            "price": "25.68",
            "revenue": 39963
        },
        "2010-12": {
            "month": "2010-12",
            "price": "25.20",
            "revenue": 44233
        },
        "2011-01": {
            "month": "2011-01",
            "price": "24.81",
            "revenue": 35605
        },
        "2011-02": {
            "month": "2011-02",
            "price": "24.51",
            "revenue": 36442
        },
        "2011-03": {
            "month": "2011-03",
            "price": "24.94",
            "revenue": 49673
        },
        "2011-04": {
            "month": "2011-04",
            "price": "25.66",
            "revenue": 41017
        },
        "2011-05": {
            "month": "2011-05",
            "price": "26.03",
            "revenue": 44120
        },
        "2011-06": {
            "month": "2011-06",
            "price": "25.55",
            "revenue": 39400
        },
        "2011-07": {
            "month": "2011-07",
            "price": "23.84",
            "revenue": 44032
        },
        "2011-08": {
            "month": "2011-08",
            "price": "23.29",
            "revenue": 41869
        },
        "2011-09": {
            "month": "2011-09",
            "price": "21.75",
            "revenue": 37936
        },
        "2011-10": {
            "month": "2011-10",
            "price": "21.13",
            "revenue": 42739
        },
        "2011-11": {
            "month": "2011-11",
            "price": "20.55",
            "revenue": 48938
        },
        "2011-12": {
            "month": "2011-12",
            "price": "17.32",
            "revenue": 44402
        },
        "2012-01": {
            "month": "2012-01",
            "price": "15.96",
            "revenue": 35624
        },
        "2012-02": {
            "month": "2012-02",
            "price": "18.53",
            "revenue": 46656
        },
        "2012-03": {
            "month": "2012-03",
            "price": "20.75",
            "revenue": 44303
        },
        "2012-04": {
            "month": "2012-04",
            "price": "19.99",
            "revenue": 47324
        },
        "2012-05": {
            "month": "2012-05",
            "price": "19.22",
            "revenue": 50807
        },
        "2012-06": {
            "month": "2012-06",
            "price": "18.99",
            "revenue": 54167
        },
        "2012-07": {
            "month": "2012-07",
            "price": "19.01",
            "revenue": 51976
        },
        "2012-08": {
            "month": "2012-08",
            "price": "19.29",
            "revenue": 56883
        },
        "2012-10": {
            "month": "2012-10",
            "price": "18.44",
            "revenue": 42613
        },
        "2012-11": {
            "month": "2012-11",
            "price": "19.04",
            "revenue": 42796
        },
        "2012-12": {
            "month": "2012-12",
            "price": "19.52",
            "revenue": 75241
        },
        "2013-01": {
            "month": "2013-01",
            "price": "20.60",
            "revenue": 34183
        },
        "2013-02": {
            "month": "2013-02",
            "price": "20.95",
            "revenue": 60703
        },
        "2013-03": {
            "month": "2013-03",
            "price": "21.76",
            "revenue": 68920
        },
        "2013-04": {
            "month": "2013-04",
            "price": "21.37",
            "revenue": 58548
        },
        "2013-05": {
            "month": "2013-05",
            "price": "21.58",
            "revenue": 76006
        },
        "2013-06": {
            "month": "2013-06",
            "price": "21.17",
            "revenue": 79914
        },
        "2013-07": {
            "month": "2013-07",
            "price": "21.63",
            "revenue": 73738
        },
        "2013-08": {
            "month": "2013-08",
            "price": "21.90",
            "revenue": 63444
        },
        "2013-09": {
            "month": "2013-09",
            "price": "21.37",
            "revenue": 70066
        },
        "2013-10": {
            "month": "2013-10",
            "price": "20.72",
            "revenue": 73766
        },
        "2013-11": {
            "month": "2013-11",
            "price": "19.52",
            "revenue": 69854
        },
        "2013-12": {
            "month": "2013-12",
            "price": "19.34",
            "revenue": 76579
        },
        "2014-01": {
            "month": "2014-01",
            "price": "24.68",
            "revenue": 65261
        },
        "2014-02": {
            "month": "2014-02",
            "price": "26.80",
            "revenue": 67971
        },
        "2014-03": {
            "month": "2014-03",
            "price": "35.59",
            "revenue": 67050
        },
        "2014-04": {
            "month": "2014-04",
            "price": "33.02",
            "revenue": 90128
        },
        "2014-05": {
            "month": "2014-05",
            "price": "34.21",
            "revenue": 84627
        },
        "2014-06": {
            "month": "2014-06",
            "price": "37.23",
            "revenue": 86328
        },
        "2014-07": {
            "month": "2014-07",
            "price": "36.25",
            "revenue": 101541
        },
        "2014-08": {
            "month": "2014-08",
            "price": "35.09",
            "revenue": 98674
        },
        "2014-09": {
            "month": "2014-09",
            "price": "35.98",
            "revenue": 79117
        },
        "2014-10": {
            "month": "2014-10",
            "price": "34.53",
            "revenue": 93033
        },
        "2014-11": {
            "month": "2014-11",
            "price": "33.96",
            "revenue": 85731
        },
        "2014-12": {
            "month": "2014-12",
            "price": "35.01",
            "revenue": 95768
        },
        "2015-01": {
            "month": "2015-01",
            "price": "37.19",
            "revenue": 79081
        },
        "2015-02": {
            "month": "2015-02",
            "price": "38.24",
            "revenue": 66199
        },
        "2015-03": {
            "month": "2015-03",
            "price": "38.59",
            "revenue": 84443
        },
        "2015-04": {
            "month": "2015-04",
            "price": "39.09",
            "revenue": 74179
        },
        "2015-05": {
            "month": "2015-05",
            "price": "38.51",
            "revenue": 71712
        },
        "2015-06": {
            "month": "2015-06",
            "price": "36.27",
            "revenue": 93198
        },
        "2015-07": {
            "month": "2015-07",
            "price": "34.98",
            "revenue": 62144
        },
        "2015-08": {
            "month": "2015-08",
            "price": "31.29",
            "revenue": 84192
        },
        "2015-09": {
            "month": "2015-09",
            "price": "31.85",
            "revenue": 61056
        },
        "2015-10": {
            "month": "2015-10",
            "price": "34.15",
            "revenue": 93861
        },
        "2015-11": {
            "month": "2015-11",
            "price": "47.15",
            "revenue": 89363
        },
        "2015-12": {
            "month": "2015-12",
            "price": "89.43",
            "revenue": 78077
        },
        "2016-01": {
            "month": "2016-01",
            "price": "68.69",
            "revenue": 80929
        },
        "2016-02": {
            "month": "2016-02",
            "price": "70.28",
            "revenue": 45211
        },
        "2016-03": {
            "month": "2016-03",
            "price": "67.72",
            "revenue": 90919
        },
        "2016-04": {
            "month": "2016-04",
            "price": "55.67",
            "revenue": 72438
        },
        "2016-05": {
            "month": "2016-05",
            "price": "46.25",
            "revenue": 76318
        },
        "2016-06": {
            "month": "2016-06",
            "price": "57.59",
            "revenue": 78405
        },
        "2016-07": {
            "month": "2016-07",
            "price": "51.12",
            "revenue": 63848
        },
        "2016-08": {
            "month": "2016-08",
            "price": "47.03",
            "revenue": 79738
        },
        "2016-09": {
            "month": "2016-09",
            "price": "46.35",
            "revenue": 73262
        },
        "2016-10": {
            "month": "2016-10",
            "price": "44.04",
            "revenue": 62300
        },
        "2016-11": {
            "month": "2016-11",
            "price": "38.87",
            "revenue": 73569
        },
        "2016-12": {
            "month": "2016-12",
            "price": "38.07",
            "revenue": 79098
        },
        "2017-01": {
            "month": "2017-01",
            "price": "37.87",
            "revenue": 67092
        },
        "2017-02": {
            "month": "2017-02",
            "price": "40.98",
            "revenue": 59577
        },
        "2017-03": {
            "month": "2017-03",
            "price": "40.55",
            "revenue": 85844
        },
        "2017-04": {
            "month": "2017-04",
            "price": "37.63",
            "revenue": 74267
        },
        "2017-05": {
            "month": "2017-05",
            "price": "36.95",
            "revenue": 77155
        },
        "2017-06": {
            "month": "2017-06",
            "price": "40.09",
            "revenue": 105644
        },
        "2017-07": {
            "month": "2017-07",
            "price": "38.20",
            "revenue": 93360
        },
        "2017-08": {
            "month": "2017-08",
            "price": "37.05",
            "revenue": 102708
        },
        "2017-09": {
            "month": "2017-09",
            "price": "37.33",
            "revenue": 104203
        },
        "2017-10": {
            "month": "2017-10",
            "price": "38.29",
            "revenue": 79822
        },
        "2017-11": {
            "month": "2017-11",
            "price": "37.79",
            "revenue": 84890
        },
        "2017-12": {
            "month": "2017-12",
            "price": "36.53",
            "revenue": 102715
        },
        "2018-01": {
            "month": "2018-01",
            "price": "37.12",
            "revenue": 83063
        },
        "2018-02": {
            "month": "2018-02",
            "price": "34.29",
            "revenue": 70791
        },
        "2018-03": {
            "month": "2018-03",
            "price": "34.56",
            "revenue": 106239
        },
        "2018-04": {
            "month": "2018-04",
            "price": "34.55",
            "revenue": 90407
        },
        "2018-05": {
            "month": "2018-05",
            "price": "33.03",
            "revenue": 105938
        },
        "2018-06": {
            "month": "2018-06",
            "price": "33.82",
            "revenue": 120080
        },
        "2018-07": {
            "month": "2018-07",
            "price": "33.13",
            "revenue": 93235
        },
        "2018-08": {
            "month": "2018-08",
            "price": "33.37",
            "revenue": 108051
        },
        "2018-09": {
            "month": "2018-09",
            "price": "32.61",
            "revenue": 108510
        },
        "2018-10": {
            "month": "2018-10",
            "price": "29.16",
            "revenue": 111208
        },
        "2018-11": {
            "month": "2018-11",
            "price": "27.56",
            "revenue": 115523
        },
        "2018-12": {
            "month": "2018-12",
            "price": "28.05",
            "revenue": 120414
        },
        "2019-01": {
            "month": "2019-01",
            "price": "30.33",
            "revenue": 119523
        },
        "2019-02": {
            "month": "2019-02",
            "price": "31.91",
            "revenue": 84272
        },
        "2019-03": {
            "month": "2019-03",
            "price": "35.45",
            "revenue": 129389
        },
        "2019-04": {
            "month": "2019-04",
            "price": "40.92",
            "revenue": 106479
        },
        "2019-05": {
            "month": "2019-05",
            "price": "37.45",
            "revenue": 111364
        },
        "2019-06": {
            "month": "2019-06",
            "price": "37.22",
            "revenue": 122858
        },
        "2019-07": {
            "month": "2019-07",
            "price": "39.52",
            "revenue": 116990
        },
        "2019-08": {
            "month": "2019-08",
            "price": "37.06",
            "revenue": 110445
        },
        "2019-09": {
            "month": "2019-09",
            "price": "37.01",
            "revenue": 121958
        },
        "2019-10": {
            "month": "2019-10",
            "price": "36.69",
            "revenue": 112876
        },
        "2019-11": {
            "month": "2019-11",
            "price": "37.54",
            "revenue": 119716
        },
        "2019-12": {
            "month": "2019-12",
            "price": "37.74",
            "revenue": 124419
        },
        "2020-01": {
            "month": "2020-01",
            "price": "36.73",
            "revenue": 98234
        },
        "2020-02": {
            "month": "2020-02",
            "price": "34.41",
            "revenue": 103570
        },
        "2020-03": {
            "month": "2020-03",
            "price": "28.61",
            "revenue": 98743
        },
        "2020-04": {
            "month": "2020-04",
            "price": "28.46",
            "revenue": 104447
        },
        "2020-05": {
            "month": "2020-05",
            "price": "31.20",
            "revenue": 97581
        },
        "2020-06": {
            "month": "2020-06",
            "price": "34.81",
            "revenue": 121659
        },
        "2020-07": {
            "month": "2020-07",
            "price": "35.32",
            "revenue": 111273
        },
        "2020-08": {
            "month": "2020-08",
            "price": "32.26",
            "revenue": 129032
        },
        "2020-09": {
            "month": "2020-09",
            "price": "31.54",
            "revenue": 127002
        },
        "2020-10": {
            "month": "2020-10",
            "price": "31.32",
            "revenue": 132834
        },
        "2020-11": {
            "month": "2020-11",
            "price": "30.91",
            "revenue": 136695
        },
        "2020-12": {
            "month": "2020-12",
            "price": "34.63",
            "revenue": 139780
        },
        "2021-01": {
            "month": "2021-01",
            "price": "34.04",
            "revenue": 117752
        },
        "2021-02": {
            "month": "2021-02",
            "price": "34.43",
            "revenue": 86757
        },
        "2021-03": {
            "month": "2021-03",
            "price": "35.66",
            "revenue": 127058
        },
        "2021-04": {
            "month": "2021-04",
            "price": "35.52",
            "revenue": 95311
        },
        "2021-05": {
            "month": "2021-05",
            "price": "32.50",
            "revenue": 120438
        },
        "2021-06": {
            "month": "2021-06",
            "price": "32.87",
            "revenue": 121444
        },
        "2021-07": {
            "month": "2021-07",
            "price": "31.31",
            "revenue": 116972
        },
        "2021-08": {
            "month": "2021-08",
            "price": "29.21",
            "revenue": 116631
        },
        "2021-09": {
            "month": "2021-09",
            "price": "27.83",
            "revenue": 143270
        },
        "2021-10": {
            "month": "2021-10",
            "price": "26.61",
            "revenue": 120557
        },
        "2021-11": {
            "month": "2021-11",
            "price": "27.66",
            "revenue": 137587
        },
        "2021-12": {
            "month": "2021-12",
            "price": "28.48",
            "revenue": 160817
        },
        "2022-01": {
            "month": "2022-01",
            "price": "31.45",
            "revenue": 196572
        },
        "2022-02": {
            "month": "2022-02",
            "price": "34.25",
            "revenue": 192664
        },
        "2022-03": {
            "month": "2022-03",
            "price": "33.03",
            "revenue": 225785
        },
        "2022-04": {
            "month": "2022-04",
            "price": "35.50",
            "revenue": 238005
        },
        "2022-05": {
            "month": "2022-05",
            "price": "53.47",
            "revenue": 285880
        },
        "2022-06": {
            "month": "2022-06",
            "price": "75.10",
            "revenue": 277629
        },
        "2022-07": {
            "month": "2022-07",
            "price": "72.06",
            "revenue": 234386
        },
        "2022-08": {
            "month": "2022-08",
            "price": "74.44",
            "revenue": 243757
        },
        "2022-09": {
            "month": "2022-09",
            "price": "67.77",
            "revenue": 278018
        },
        "2022-10": {
            "month": "2022-10",
            "price": "55.14",
            "revenue": 266725
        },
        "2022-11": {
            "month": "2022-11",
            "price": "59.27",
            "revenue": 256406
        },
        "2022-12": {
            "month": "2022-12",
            "price": "65.98",
            "revenue": 255614
        },
        "2023-01": {
            "month": "2023-01",
            "price": "63.52",
            "revenue": 212124
        },
        "2023-02": {
            "month": "2023-02",
            "price": "65.22",
            "revenue": 224010
        },
        "2023-03": {
            "month": "2023-03",
            "price": "61.94",
            "revenue": 250103
        },
        "2023-04": {
            "month": "2023-04",
            "price": "62.29",
            "revenue": 229005
        },
        "2023-05": {
            "month": "2023-05",
            "price": "61.23",
            "revenue": 246488
        },
        "2023-06": {
            "month": "2023-06",
            "price": "60.08",
            "revenue": 259508
        },
        "2023-07": {
            "month": "2023-07",
            "price": "61.33",
            "revenue": 244009
        },
        "2023-08": {
            "month": "2023-08",
            "price": "58.83",
            "revenue": 261521
        },
        "2023-09": {
            "month": "2023-09",
            "price": "56.62",
            "revenue": 377715
        },
        "2023-10": {
            "month": "2023-10",
            "price": "56.56",
            "revenue": 394401
        },
        "2023-11": {
            "month": "2023-11",
            "price": "61.25",
            "revenue": 398629
        },
        "2023-12": {
            "month": "2023-12",
            "price": "62.48",
            "revenue": 415609
        }
    }
}
