{
    "summary": {
        "stock_name": "旭富",
        "stock_id": "4119",
        "category": "生技醫療",
        "main_business": "原料藥,原料藥中間體,特殊及精密化學品之加工,製造及銷售",
        "website_url": "http://www.sci-pharmtech.com.tw",
        "ceo": "周文智",
        "pe_ratio": 34,
        "report_year_from": 2002,
        "report_year_to": 2023,
        "age": 21,
        "eps_negative_percentage": 0,
        "eps_growth_avg": {
            "last_all": 9.27,
            "last_2y": -7.37,
            "last_4y": 21.04,
            "last_8y": 12.92,
            "last_12y": 9.95,
            "last_16y": 14.16,
            "last_20y": null,
            "at_2006_last_3y": null,
            "at_2007_last_3y": 12.95,
            "at_2008_last_3y": 27.11,
            "at_2009_last_3y": 27.85,
            "at_2010_last_3y": 20.68,
            "at_2011_last_3y": -17.08,
            "at_2012_last_3y": 8.19,
            "at_2013_last_3y": 3.29,
            "at_2014_last_3y": 14.05,
            "at_2015_last_3y": 35.1,
            "at_2016_last_3y": 10.77,
            "at_2017_last_3y": 2.77,
            "at_2018_last_3y": 20.07,
            "at_2019_last_3y": 18.6,
            "at_2020_last_3y": 8.71,
            "at_2021_last_3y": 1.3,
            "at_2022_last_3y": 1.3,
            "at_2023_last_3y": 1.3,
            "at_2006_last_all": -16.07,
            "at_2007_last_all": 12.95,
            "at_2008_last_all": 10.14,
            "at_2009_last_all": 7.8,
            "at_2010_last_all": 4.93,
            "at_2011_last_all": -2.07,
            "at_2012_last_all": 9.27,
            "at_2013_last_all": 5.99,
            "at_2014_last_all": 8.25,
            "at_2015_last_all": 10.32,
            "at_2016_last_all": 9.73,
            "at_2017_last_all": 5.07,
            "at_2018_last_all": 11.4,
            "at_2019_last_all": 12.39,
            "at_2020_last_all": 9.49,
            "at_2021_last_all": 4.23,
            "at_2022_last_all": 9.27,
            "at_2023_last_all": 9.27
        },
        "latest_eps": 3.47,
        "latest_price": 118,
        "latest_roe": 9.37,
        "latest_gross_margin": 35.99,
        "latest_equity": 3689151,
        "latest_revenue": 341779,
        "latest_gross_profit": 123012,
        "latest_net_income": 63438,
        "latest_debt_ratio": 29.28,
        "latest_current_ratio": 115.34,
        "latest_account_receivable_turnover_ratio": 1.6,
        "latest_inventory_turnover_ratio": 0.42,
        "latest_reinvestment_rate": 142.95,
        "latest_research_to_sale_ratio": 3.5
    },
    "eps_dividends": {
        "2001": {
            "cash": 0,
            "stock": 0,
            "eps": 0
        },
        "2002": {
            "cash": 0,
            "stock": 0,
            "eps": 0
        },
        "2003": {
            "cash": 0,
            "stock": 1,
            "eps": 3.1
        },
        "2004": {
            "cash": 1,
            "stock": 1,
            "eps": 1.31
        },
        "2005": {
            "cash": 1,
            "stock": 0,
            "eps": 1.22
        },
        "2006": {
            "cash": 1,
            "stock": 0,
            "eps": 1.42
        },
        "2007": {
            "cash": 1,
            "stock": 0,
            "eps": 4.63
        },
        "2008": {
            "cash": 3,
            "stock": 1,
            "eps": 4.58
        },
        "2009": {
            "cash": 3,
            "stock": 1,
            "eps": 4.4
        },
        "2010": {
            "cash": 3,
            "stock": 1,
            "eps": 3.86
        },
        "2011": {
            "cash": 5,
            "stock": 1,
            "eps": 1.89
        },
        "2012": {
            "cash": 0,
            "stock": 0,
            "eps": 3.95
        },
        "2013": {
            "cash": 3,
            "stock": 1,
            "eps": 3.02
        },
        "2014": {
            "cash": 2,
            "stock": 1,
            "eps": 3.95
        },
        "2015": {
            "cash": 3,
            "stock": 0,
            "eps": 5.26
        },
        "2016": {
            "cash": 4,
            "stock": 0,
            "eps": 5.4
        },
        "2017": {
            "cash": 4,
            "stock": 0,
            "eps": 2.4
        },
        "2018": {
            "cash": 2,
            "stock": 0,
            "eps": 5.64
        },
        "2019": {
            "cash": 4,
            "stock": 0,
            "eps": 7.18
        },
        "2020": {
            "cash": 6,
            "stock": 0,
            "eps": 4.53
        },
        "2021": {
            "cash": 1,
            "stock": 2,
            "eps": 0.67
        },
        "2022": {
            "cash": 0,
            "stock": 0,
            "eps": 3.23
        },
        "2023": {
            "cash": 0,
            "stock": 1,
            "eps": 0.67
        }
    },
    "dividends": {
        "2003-03-21": {
            "cash": 0,
            "stock": 1.2
        },
        "2004-03-24": {
            "cash": 0.75,
            "stock": 0.75
        },
        "2005-04-28": {
            "cash": 1.18,
            "stock": 0
        },
        "2006-04-07": {
            "cash": 1.05,
            "stock": 0
        },
        "2007-03-28": {
            "cash": 1.2,
            "stock": 0
        },
        "2008-03-21": {
            "cash": 2.9,
            "stock": 1
        },
        "2009-03-27": {
            "cash": 2.68,
            "stock": 0.99
        },
        "2010-04-13": {
            "cash": 2.59,
            "stock": 1
        },
        "2011-01-01": {
            "cash": 1.58,
            "stock": 0
        },
        "2011-03-11": {
            "cash": 2.6,
            "stock": 0.76
        },
        "2013-03-08": {
            "cash": 2.68,
            "stock": 0.8
        },
        "2014-09-15": {
            "cash": 1.8,
            "stock": 0.5
        },
        "2015-08-18": {
            "cash": 3.3,
            "stock": 0
        },
        "2016-08-19": {
            "cash": 4,
            "stock": 0
        },
        "2017-08-18": {
            "cash": 4.2,
            "stock": 0
        },
        "2018-08-17": {
            "cash": 2.15,
            "stock": 0
        },
        "2019-08-16": {
            "cash": 4.2,
            "stock": 0
        },
        "2020-08-18": {
            "cash": 5.8,
            "stock": 0
        },
        "2021-09-28": {
            "cash": 0.5,
            "stock": 2
        },
        "2023-03-14": {
            "cash": 0.25,
            "stock": 1.25
        }
    },
    "prices": {
        "200101": "無",
        "200102": "無",
        "200103": "無",
        "200104": "無",
        "200105": "無",
        "200106": "無",
        "200107": "無",
        "200108": "無",
        "200109": "無",
        "200110": "無",
        "200111": "無",
        "200112": "無",
        "200201": "無",
        "200202": "無",
        "200203": "無",
        "200204": "無",
        "200205": "無",
        "200206": "無",
        "200207": "無",
        "200208": "無",
        "200209": "無",
        "200210": "無",
        "200211": "無",
        "200212": "無",
        "200301": "無",
        "200302": "無",
        "200303": "無",
        "200304": "無",
        "200305": "無",
        "200306": "無",
        "200307": "無",
        "200308": "無",
        "200309": "無",
        "200310": "無",
        "200311": "無",
        "200312": "46.56",
        "200401": "40.58",
        "200402": "38.60",
        "200403": "35.70",
        "200404": "32.34",
        "200405": "28.97",
        "200406": "28.38",
        "200407": "26.23",
        "200408": "25.06",
        "200409": "23.70",
        "200410": "21.69",
        "200411": "20.80",
        "200412": "21.72",
        "200501": "21.19",
        "200502": "21.37",
        "200503": "20.68",
        "200504": "19.20",
        "200505": "16.60",
        "200506": "18.11",
        "200507": "17.00",
        "200508": "16.21",
        "200509": "15.94",
        "200510": "17.56",
        "200511": "18.49",
        "200512": "19.73",
        "200601": "18.65",
        "200602": "18.23",
        "200603": "17.63",
        "200604": "17.37",
        "200605": "18.58",
        "200606": "17.92",
        "200607": "17.14",
        "200608": "16.93",
        "200609": "16.17",
        "200610": "16.20",
        "200611": "17.16",
        "200612": "19.05",
        "200701": "20.61",
        "200702": "20.83",
        "200703": "24.10",
        "200704": "27.50",
        "200705": "35.60",
        "200706": "40.38",
        "200707": "64.84",
        "200708": "64.98",
        "200709": "70.37",
        "200710": "69.53",
        "200711": "53.21",
        "200712": "60.43",
        "200801": "55.48",
        "200802": "54.19",
        "200803": "59.46",
        "200804": "73.88",
        "200805": "82.67",
        "200806": "70.20",
        "200807": "72.68",
        "200808": "72.80",
        "200809": "53.93",
        "200810": "49.07",
        "200811": "58.42",
        "200812": "56.43",
        "200901": "57.56",
        "200902": "56.18",
        "200903": "62.51",
        "200904": "79.25",
        "200905": "76.64",
        "200906": "68.35",
        "200907": "80.18",
        "200908": "73.91",
        "200909": "73.78",
        "200910": "71.40",
        "200911": "71.53",
        "200912": "74.46",
        "201001": "70.44",
        "201002": "65.19",
        "201003": "67.64",
        "201004": "68.41",
        "201005": "63.85",
        "201006": "63.35",
        "201007": "67.37",
        "201008": "65.80",
        "201009": "68.18",
        "201010": "71.60",
        "201011": "67.16",
        "201012": "66.89",
        "201101": "66.28",
        "201102": "65.84",
        "201103": "63.80",
        "201104": "64.68",
        "201105": "69.28",
        "201106": "68.24",
        "201107": "69.48",
        "201108": "56.29",
        "201109": "52.82",
        "201110": "52.81",
        "201111": "52.34",
        "201112": "49.26",
        "201201": "49.61",
        "201202": "60.10",
        "201203": "59.16",
        "201204": "53.86",
        "201205": "53.95",
        "201206": "53.01",
        "201207": "53.49",
        "201208": "53.90",
        "201209": "55.98",
        "201210": "64.69",
        "201211": "66.53",
        "201212": "73.08",
        "201301": "69.11",
        "201302": "69.45",
        "201303": "75.69",
        "201304": "72.28",
        "201305": "71.21",
        "201306": "70.06",
        "201307": "71.01",
        "201308": "71.49",
        "201309": "73.20",
        "201310": "70.96",
        "201311": "63.25",
        "201312": "60.90",
        "201401": "60.71",
        "201402": "63.59",
        "201403": "66.45",
        "201404": "66.50",
        "201405": "69.30",
        "201406": "73.08",
        "201407": "71.95",
        "201408": "66.02",
        "201409": "65.27",
        "201410": "61.45",
        "201411": "59.60",
        "201412": "61.60",
        "201501": "61.30",
        "201502": "63.60",
        "201503": "67.95",
        "201504": "67.03",
        "201505": "69.17",
        "201506": "74.88",
        "201507": "81.52",
        "201508": "75.83",
        "201509": "72.14",
        "201510": "77.43",
        "201511": "89.11",
        "201512": "94.03",
        "201601": "77.23",
        "201602": "76.41",
        "201603": "79.48",
        "201604": "83.95",
        "201605": "82.46",
        "201606": "90.98",
        "201607": "94.33",
        "201608": "85.40",
        "201609": "86.84",
        "201610": "83.86",
        "201611": "74.24",
        "201612": "74.04",
        "201701": "73.70",
        "201702": "75.28",
        "201703": "76.94",
        "201704": "73.84",
        "201705": "70.08",
        "201706": "70.53",
        "201707": "69.40",
        "201708": "61.65",
        "201709": "61.93",
        "201710": "60.37",
        "201711": "59.82",
        "201712": "57.86",
        "201801": "60.19",
        "201802": "58.11",
        "201803": "62.89",
        "201804": "63.19",
        "201805": "62.16",
        "201806": "65.26",
        "201807": "68.46",
        "201808": "71.10",
        "201809": "84.21",
        "201810": "78.95",
        "201811": "69.05",
        "201812": "70.82",
        "201901": "75.47",
        "201902": "78.15",
        "201903": "92.08",
        "201904": "91.00",
        "201905": "94.04",
        "201906": "92.88",
        "201907": "102.80",
        "201908": "97.10",
        "201909": "99.75",
        "201910": "105.69",
        "201911": "109.21",
        "201912": "108.00",
        "202001": "103.50",
        "202002": "113.32",
        "202003": "115.99",
        "202004": "135.82",
        "202005": "139.70",
        "202006": "141.62",
        "202007": "127.76",
        "202008": "125.60",
        "202009": "124.09",
        "202010": "118.84",
        "202011": "122.31",
        "202012": "111.64",
        "202101": "92.42",
        "202102": "92.04",
        "202103": "93.40",
        "202104": "91.88",
        "202105": "85.43",
        "202106": "88.35",
        "202107": "89.28",
        "202108": "88.93",
        "202109": "82.74",
        "202110": "78.20",
        "202111": "78.08",
        "202112": "80.20",
        "202201": "83.45",
        "202202": "88.02",
        "202203": "86.73",
        "202204": "84.22",
        "202205": "82.41",
        "202206": "82.65",
        "202207": "80.50",
        "202208": "84.15",
        "202209": "89.22",
        "202210": "87.50",
        "202211": "90.74",
        "202212": "95.84",
        "202301": "96.07",
        "202302": "102.76",
        "202303": "113.52",
        "202304": "125.91",
        "202305": "124.00"
    },
    "quarters": {
        "20011": {
            "year_quarter": 20011,
            "year": 2001,
            "quarter": 1,
            "eps": null,
            "eps_growth_year": null,
            "eps_4q": null,
            "eps_4q_growth_year": null,
            "roe": null,
            "roe_4q": 0,
            "gross_profit": null,
            "gross_margin": null,
            "gross_margin_4q_avg": 0,
            "net_income": null,
            "revenue": null,
            "common_shares": null,
            "book_valuer_per_share": null,
            "book_valuer_per_share_4q_avg": 0,
            "equity": null,
            "current_ratio": null,
            "debt_ratio": null,
            "inventory_turnover_ratio": null,
            "account_receivable_turnover_ratio": null,
            "reinvestment_rate": null,
            "research_to_sale_ratio": null,
            "price_fair": 0,
            "eps_avg_yearly": 0,
            "eps_latest_yearly": 0,
            "eps_growth_yearly": 0
        },
        "20012": {
            "year_quarter": 20012,
            "year": 2001,
            "quarter": 2,
            "eps": null,
            "eps_growth_year": null,
            "eps_4q": null,
            "eps_4q_growth_year": null,
            "roe": null,
            "roe_4q": 0,
            "gross_profit": null,
            "gross_margin": null,
            "gross_margin_4q_avg": 0,
            "net_income": null,
            "revenue": null,
            "common_shares": null,
            "book_valuer_per_share": null,
            "book_valuer_per_share_4q_avg": 0,
            "equity": null,
            "current_ratio": null,
            "debt_ratio": null,
            "inventory_turnover_ratio": null,
            "account_receivable_turnover_ratio": null,
            "reinvestment_rate": null,
            "research_to_sale_ratio": null,
            "price_fair": 0,
            "eps_avg_yearly": 0,
            "eps_latest_yearly": 0,
            "eps_growth_yearly": 0
        },
        "20013": {
            "year_quarter": 20013,
            "year": 2001,
            "quarter": 3,
            "eps": null,
            "eps_growth_year": null,
            "eps_4q": null,
            "eps_4q_growth_year": null,
            "roe": null,
            "roe_4q": 0,
            "gross_profit": null,
            "gross_margin": null,
            "gross_margin_4q_avg": 0,
            "net_income": null,
            "revenue": null,
            "common_shares": null,
            "book_valuer_per_share": null,
            "book_valuer_per_share_4q_avg": 0,
            "equity": null,
            "current_ratio": null,
            "debt_ratio": null,
            "inventory_turnover_ratio": null,
            "account_receivable_turnover_ratio": null,
            "reinvestment_rate": null,
            "research_to_sale_ratio": null,
            "price_fair": 0,
            "eps_avg_yearly": 0,
            "eps_latest_yearly": 0,
            "eps_growth_yearly": 0
        },
        "20014": {
            "year_quarter": 20014,
            "year": 2001,
            "quarter": 4,
            "eps": null,
            "eps_growth_year": null,
            "eps_4q": null,
            "eps_4q_growth_year": null,
            "roe": null,
            "roe_4q": 0,
            "gross_profit": null,
            "gross_margin": null,
            "gross_margin_4q_avg": 0,
            "net_income": null,
            "revenue": null,
            "common_shares": 200000,
            "book_valuer_per_share": 22.53,
            "book_valuer_per_share_4q_avg": 5.63,
            "equity": 450655,
            "current_ratio": 84.66,
            "debt_ratio": 41.99,
            "inventory_turnover_ratio": null,
            "account_receivable_turnover_ratio": null,
            "reinvestment_rate": null,
            "research_to_sale_ratio": null,
            "price_fair": 0,
            "eps_avg_yearly": 0,
            "eps_latest_yearly": 0,
            "eps_growth_yearly": 0
        },
        "20021": {
            "year_quarter": 20021,
            "year": 2002,
            "quarter": 1,
            "eps": null,
            "eps_growth_year": null,
            "eps_4q": null,
            "eps_4q_growth_year": null,
            "roe": null,
            "roe_4q": 0,
            "gross_profit": null,
            "gross_margin": null,
            "gross_margin_4q_avg": 0,
            "net_income": null,
            "revenue": null,
            "common_shares": null,
            "book_valuer_per_share": null,
            "book_valuer_per_share_4q_avg": 5.63,
            "equity": null,
            "current_ratio": null,
            "debt_ratio": null,
            "inventory_turnover_ratio": null,
            "account_receivable_turnover_ratio": null,
            "reinvestment_rate": null,
            "research_to_sale_ratio": null,
            "price_fair": 0,
            "eps_avg_yearly": 0,
            "eps_latest_yearly": 0,
            "eps_growth_yearly": 0
        },
        "20022": {
            "year_quarter": 20022,
            "year": 2002,
            "quarter": 2,
            "eps": null,
            "eps_growth_year": null,
            "eps_4q": null,
            "eps_4q_growth_year": null,
            "roe": null,
            "roe_4q": 0,
            "gross_profit": null,
            "gross_margin": null,
            "gross_margin_4q_avg": 0,
            "net_income": null,
            "revenue": null,
            "common_shares": null,
            "book_valuer_per_share": null,
            "book_valuer_per_share_4q_avg": 5.63,
            "equity": null,
            "current_ratio": null,
            "debt_ratio": null,
            "inventory_turnover_ratio": null,
            "account_receivable_turnover_ratio": null,
            "reinvestment_rate": null,
            "research_to_sale_ratio": null,
            "price_fair": 0,
            "eps_avg_yearly": 0,
            "eps_latest_yearly": 0,
            "eps_growth_yearly": 0
        },
        "20023": {
            "year_quarter": 20023,
            "year": 2002,
            "quarter": 3,
            "eps": null,
            "eps_growth_year": null,
            "eps_4q": null,
            "eps_4q_growth_year": null,
            "roe": null,
            "roe_4q": 0,
            "gross_profit": null,
            "gross_margin": null,
            "gross_margin_4q_avg": 0,
            "net_income": null,
            "revenue": null,
            "common_shares": null,
            "book_valuer_per_share": null,
            "book_valuer_per_share_4q_avg": 5.63,
            "equity": null,
            "current_ratio": null,
            "debt_ratio": null,
            "inventory_turnover_ratio": null,
            "account_receivable_turnover_ratio": null,
            "reinvestment_rate": null,
            "research_to_sale_ratio": null,
            "price_fair": 0,
            "eps_avg_yearly": 0,
            "eps_latest_yearly": 0,
            "eps_growth_yearly": 0
        },
        "20024": {
            "year_quarter": 20024,
            "year": 2002,
            "quarter": 4,
            "eps": null,
            "eps_growth_year": null,
            "eps_4q": null,
            "eps_4q_growth_year": null,
            "roe": null,
            "roe_4q": 0,
            "gross_profit": null,
            "gross_margin": null,
            "gross_margin_4q_avg": 0,
            "net_income": null,
            "revenue": null,
            "common_shares": 228000,
            "book_valuer_per_share": 23.95,
            "book_valuer_per_share_4q_avg": 5.99,
            "equity": 546059,
            "current_ratio": 129.91,
            "debt_ratio": 32.07,
            "inventory_turnover_ratio": null,
            "account_receivable_turnover_ratio": null,
            "reinvestment_rate": null,
            "research_to_sale_ratio": null,
            "price_fair": 0,
            "eps_avg_yearly": 0,
            "eps_latest_yearly": 0,
            "eps_growth_yearly": 0
        },
        "20031": {
            "year_quarter": 20031,
            "year": 2003,
            "quarter": 1,
            "eps": 1.38,
            "eps_growth_year": null,
            "eps_4q": null,
            "eps_4q_growth_year": null,
            "roe": 5.91,
            "roe_4q": 5.91,
            "gross_profit": 64782,
            "gross_margin": 45.37,
            "gross_margin_4q_avg": 11.34,
            "net_income": 36932,
            "revenue": 142779,
            "common_shares": 268000,
            "book_valuer_per_share": 26.23,
            "book_valuer_per_share_4q_avg": 12.55,
            "equity": 702990,
            "current_ratio": 320.01,
            "debt_ratio": 15.47,
            "inventory_turnover_ratio": 0.55,
            "account_receivable_turnover_ratio": null,
            "reinvestment_rate": null,
            "research_to_sale_ratio": null,
            "price_fair": 0,
            "eps_avg_yearly": 0,
            "eps_latest_yearly": 0,
            "eps_growth_yearly": 0
        },
        "20032": {
            "year_quarter": 20032,
            "year": 2003,
            "quarter": 2,
            "eps": 0.29,
            "eps_growth_year": null,
            "eps_4q": null,
            "eps_4q_growth_year": null,
            "roe": 1.15,
            "roe_4q": 7.0600000000000005,
            "gross_profit": 30954,
            "gross_margin": 23.31,
            "gross_margin_4q_avg": 17.17,
            "net_income": 8151,
            "revenue": 132777,
            "common_shares": 301290,
            "book_valuer_per_share": 23.52,
            "book_valuer_per_share_4q_avg": 18.43,
            "equity": 708516,
            "current_ratio": 297.81,
            "debt_ratio": 15.4,
            "inventory_turnover_ratio": 0.74,
            "account_receivable_turnover_ratio": null,
            "reinvestment_rate": null,
            "research_to_sale_ratio": null,
            "price_fair": 3.48,
            "eps_avg_yearly": 1.16,
            "eps_latest_yearly": 1.16,
            "eps_growth_yearly": -315.94
        },
        "20033": {
            "year_quarter": 20033,
            "year": 2003,
            "quarter": 3,
            "eps": 0.56,
            "eps_growth_year": null,
            "eps_4q": null,
            "eps_4q_growth_year": null,
            "roe": 2.33,
            "roe_4q": 9.39,
            "gross_profit": 41741,
            "gross_margin": 35.09,
            "gross_margin_4q_avg": 25.94,
            "net_income": 16729,
            "revenue": 118962,
            "common_shares": 301290,
            "book_valuer_per_share": 24.07,
            "book_valuer_per_share_4q_avg": 24.44,
            "equity": 725245,
            "current_ratio": 403.13,
            "debt_ratio": 11.1,
            "inventory_turnover_ratio": 0.61,
            "account_receivable_turnover_ratio": null,
            "reinvestment_rate": null,
            "research_to_sale_ratio": null,
            "price_fair": 59.5,
            "eps_avg_yearly": 1.7,
            "eps_latest_yearly": 2.24,
            "eps_growth_yearly": 28.24
        },
        "20034": {
            "year_quarter": 20034,
            "year": 2003,
            "quarter": 4,
            "eps": 0.87,
            "eps_growth_year": null,
            "eps_4q": 2.99,
            "eps_4q_growth_year": null,
            "roe": 3.44,
            "roe_4q": 12.83,
            "gross_profit": 44657,
            "gross_margin": 37.24,
            "gross_margin_4q_avg": 35.25,
            "net_income": 25383,
            "revenue": 119913,
            "common_shares": 301290,
            "book_valuer_per_share": 24.91,
            "book_valuer_per_share_4q_avg": 24.68,
            "equity": 750629,
            "current_ratio": 369.92,
            "debt_ratio": 12.07,
            "inventory_turnover_ratio": 0.57,
            "account_receivable_turnover_ratio": null,
            "reinvestment_rate": null,
            "research_to_sale_ratio": null,
            "price_fair": 80.27,
            "eps_avg_yearly": 2.29,
            "eps_latest_yearly": 3.48,
            "eps_growth_yearly": 92.63
        },
        "20041": {
            "year_quarter": 20041,
            "year": 2004,
            "quarter": 1,
            "eps": 0.28,
            "eps_growth_year": -79.71,
            "eps_4q": 1.93,
            "eps_4q_growth_year": null,
            "roe": 1.13,
            "roe_4q": 8.05,
            "gross_profit": 24532,
            "gross_margin": 23.31,
            "gross_margin_4q_avg": 29.74,
            "net_income": 8520,
            "revenue": 105257,
            "common_shares": 301290,
            "book_valuer_per_share": 25.2,
            "book_valuer_per_share_4q_avg": 24.43,
            "equity": 759148,
            "current_ratio": 475.92,
            "debt_ratio": 9.34,
            "inventory_turnover_ratio": 0.57,
            "account_receivable_turnover_ratio": null,
            "reinvestment_rate": null,
            "research_to_sale_ratio": null,
            "price_fair": 23.32,
            "eps_avg_yearly": 2,
            "eps_latest_yearly": 1.12,
            "eps_growth_yearly": 1.66
        },
        "20042": {
            "year_quarter": 20042,
            "year": 2004,
            "quarter": 2,
            "eps": 0.3,
            "eps_growth_year": 3.45,
            "eps_4q": 1.85,
            "eps_4q_growth_year": null,
            "roe": 1.3,
            "roe_4q": 8.2,
            "gross_profit": 31327,
            "gross_margin": 24.9,
            "gross_margin_4q_avg": 30.14,
            "net_income": 9784,
            "revenue": 125787,
            "common_shares": 325107,
            "book_valuer_per_share": 22.87,
            "book_valuer_per_share_4q_avg": 24.26,
            "equity": 743629,
            "current_ratio": 295.84,
            "debt_ratio": 15.34,
            "inventory_turnover_ratio": 0.69,
            "account_receivable_turnover_ratio": null,
            "reinvestment_rate": null,
            "research_to_sale_ratio": null,
            "price_fair": 31.36,
            "eps_avg_yearly": 1.84,
            "eps_latest_yearly": 1.2,
            "eps_growth_yearly": 7.04
        },
        "20043": {
            "year_quarter": 20043,
            "year": 2004,
            "quarter": 3,
            "eps": 0.22,
            "eps_growth_year": -60.71,
            "eps_4q": 1.59,
            "eps_4q_growth_year": null,
            "roe": 0.94,
            "roe_4q": 6.8100000000000005,
            "gross_profit": 20505,
            "gross_margin": 21.31,
            "gross_margin_4q_avg": 26.69,
            "net_income": 7039,
            "revenue": 96227,
            "common_shares": 325107,
            "book_valuer_per_share": 23.09,
            "book_valuer_per_share_4q_avg": 24.02,
            "equity": 750668,
            "current_ratio": 294.64,
            "debt_ratio": 15.55,
            "inventory_turnover_ratio": 0.58,
            "account_receivable_turnover_ratio": null,
            "reinvestment_rate": null,
            "research_to_sale_ratio": null,
            "price_fair": 5.04,
            "eps_avg_yearly": 1.68,
            "eps_latest_yearly": 0.88,
            "eps_growth_yearly": -11.91
        },
        "20044": {
            "year_quarter": 20044,
            "year": 2004,
            "quarter": 4,
            "eps": 0.51,
            "eps_growth_year": -41.38,
            "eps_4q": 1.3,
            "eps_4q_growth_year": -56.62,
            "roe": 2.17,
            "roe_4q": 5.54,
            "gross_profit": 42789,
            "gross_margin": 32.76,
            "gross_margin_4q_avg": 25.57,
            "net_income": 16437,
            "revenue": 130606,
            "common_shares": 325107,
            "book_valuer_per_share": 23.6,
            "book_valuer_per_share_4q_avg": 23.69,
            "equity": 767104,
            "current_ratio": 327.6,
            "debt_ratio": 14.4,
            "inventory_turnover_ratio": 0.66,
            "account_receivable_turnover_ratio": null,
            "reinvestment_rate": null,
            "research_to_sale_ratio": null,
            "price_fair": 60.6,
            "eps_avg_yearly": 1.73,
            "eps_latest_yearly": 2.04,
            "eps_growth_yearly": 65.12
        },
        "20051": {
            "year_quarter": 20051,
            "year": 2005,
            "quarter": 1,
            "eps": 0.24,
            "eps_growth_year": -14.29,
            "eps_4q": 1.25,
            "eps_4q_growth_year": -35.41,
            "roe": 1.03,
            "roe_4q": 5.44,
            "gross_profit": 25561,
            "gross_margin": 22.63,
            "gross_margin_4q_avg": 25.4,
            "net_income": 7921,
            "revenue": 112965,
            "common_shares": 325107,
            "book_valuer_per_share": 23.84,
            "book_valuer_per_share_4q_avg": 23.35,
            "equity": 775026,
            "current_ratio": 384.45,
            "debt_ratio": 12.39,
            "inventory_turnover_ratio": 0.66,
            "account_receivable_turnover_ratio": null,
            "reinvestment_rate": null,
            "research_to_sale_ratio": null,
            "price_fair": 57.23,
            "eps_avg_yearly": 1.64,
            "eps_latest_yearly": 0.96,
            "eps_growth_yearly": 30.51
        },
        "20052": {
            "year_quarter": 20052,
            "year": 2005,
            "quarter": 2,
            "eps": 0.08,
            "eps_growth_year": -73.33,
            "eps_4q": 1.06,
            "eps_4q_growth_year": -42.82,
            "roe": 0.34,
            "roe_4q": 4.48,
            "gross_profit": 17690,
            "gross_margin": 15.5,
            "gross_margin_4q_avg": 23.05,
            "net_income": 2565,
            "revenue": 114153,
            "common_shares": 325107,
            "book_valuer_per_share": 22.69,
            "book_valuer_per_share_4q_avg": 23.31,
            "equity": 737510,
            "current_ratio": 288.04,
            "debt_ratio": 16.59,
            "inventory_turnover_ratio": 0.72,
            "account_receivable_turnover_ratio": null,
            "reinvestment_rate": null,
            "research_to_sale_ratio": null,
            "price_fair": 4.47,
            "eps_avg_yearly": 1.49,
            "eps_latest_yearly": 0.32,
            "eps_growth_yearly": -2.51
        },
        "20053": {
            "year_quarter": 20053,
            "year": 2005,
            "quarter": 3,
            "eps": 0.56,
            "eps_growth_year": 154.55,
            "eps_4q": 1.39,
            "eps_4q_growth_year": -12.21,
            "roe": 2.43,
            "roe_4q": 5.97,
            "gross_profit": 35054,
            "gross_margin": 28.84,
            "gross_margin_4q_avg": 24.93,
            "net_income": 18125,
            "revenue": 121549,
            "common_shares": 325107,
            "book_valuer_per_share": 23.24,
            "book_valuer_per_share_4q_avg": 23.34,
            "equity": 755635,
            "current_ratio": 506.09,
            "debt_ratio": 8.89,
            "inventory_turnover_ratio": 0.68,
            "account_receivable_turnover_ratio": null,
            "reinvestment_rate": null,
            "research_to_sale_ratio": null,
            "price_fair": 54.74,
            "eps_avg_yearly": 1.56,
            "eps_latest_yearly": 2.24,
            "eps_growth_yearly": 237.74
        },
        "20054": {
            "year_quarter": 20054,
            "year": 2005,
            "quarter": 4,
            "eps": 0.34,
            "eps_growth_year": -33.33,
            "eps_4q": 1.21,
            "eps_4q_growth_year": -6.52,
            "roe": 1.47,
            "roe_4q": 5.2700000000000005,
            "gross_profit": 27625,
            "gross_margin": 26.2,
            "gross_margin_4q_avg": 23.29,
            "net_income": 11158,
            "revenue": 105444,
            "common_shares": 325107,
            "book_valuer_per_share": 23.59,
            "book_valuer_per_share_4q_avg": 23.34,
            "equity": 766793,
            "current_ratio": 457.86,
            "debt_ratio": 10.1,
            "inventory_turnover_ratio": 0.61,
            "account_receivable_turnover_ratio": null,
            "reinvestment_rate": null,
            "research_to_sale_ratio": null,
            "price_fair": 54.09,
            "eps_avg_yearly": 1.55,
            "eps_latest_yearly": 1.36,
            "eps_growth_yearly": 201.84
        },
        "20061": {
            "year_quarter": 20061,
            "year": 2006,
            "quarter": 1,
            "eps": 0.28,
            "eps_growth_year": 16.67,
            "eps_4q": 1.28,
            "eps_4q_growth_year": 2.36,
            "roe": 1.16,
            "roe_4q": 5.4,
            "gross_profit": 23842,
            "gross_margin": 19.28,
            "gross_margin_4q_avg": 22.46,
            "net_income": 8943,
            "revenue": 123651,
            "common_shares": 325107,
            "book_valuer_per_share": 23.86,
            "book_valuer_per_share_4q_avg": 23.35,
            "equity": 775736,
            "current_ratio": 416.88,
            "debt_ratio": 10.79,
            "inventory_turnover_ratio": 0.78,
            "account_receivable_turnover_ratio": null,
            "reinvestment_rate": null,
            "research_to_sale_ratio": null,
            "price_fair": 52.85,
            "eps_avg_yearly": 1.51,
            "eps_latest_yearly": 1.12,
            "eps_growth_yearly": 179.14
        },
        "20062": {
            "year_quarter": 20062,
            "year": 2006,
            "quarter": 2,
            "eps": 0.36,
            "eps_growth_year": 350,
            "eps_4q": 1.54,
            "eps_4q_growth_year": 45.4,
            "roe": 1.53,
            "roe_4q": 6.59,
            "gross_profit": 30368,
            "gross_margin": 21.44,
            "gross_margin_4q_avg": 23.94,
            "net_income": 11661,
            "revenue": 141610,
            "common_shares": 325107,
            "book_valuer_per_share": 23.12,
            "book_valuer_per_share_4q_avg": 23.45,
            "equity": 751634,
            "current_ratio": 287.85,
            "debt_ratio": 15.92,
            "inventory_turnover_ratio": 0.93,
            "account_receivable_turnover_ratio": null,
            "reinvestment_rate": null,
            "research_to_sale_ratio": null,
            "price_fair": 52.66,
            "eps_avg_yearly": 1.5,
            "eps_latest_yearly": 1.44,
            "eps_growth_yearly": 174.15
        },
        "20063": {
            "year_quarter": 20063,
            "year": 2006,
            "quarter": 3,
            "eps": 0.46,
            "eps_growth_year": -17.86,
            "eps_4q": 1.44,
            "eps_4q_growth_year": 3.41,
            "roe": 1.97,
            "roe_4q": 6.13,
            "gross_profit": 30567,
            "gross_margin": 24.31,
            "gross_margin_4q_avg": 22.81,
            "net_income": 14919,
            "revenue": 125720,
            "common_shares": 325107,
            "book_valuer_per_share": 23.58,
            "book_valuer_per_share_4q_avg": 23.54,
            "equity": 766553,
            "current_ratio": 300.48,
            "debt_ratio": 13.61,
            "inventory_turnover_ratio": 0.78,
            "account_receivable_turnover_ratio": null,
            "reinvestment_rate": null,
            "research_to_sale_ratio": null,
            "price_fair": 53.5,
            "eps_avg_yearly": 1.53,
            "eps_latest_yearly": 1.84,
            "eps_growth_yearly": 169.65
        },
        "20064": {
            "year_quarter": 20064,
            "year": 2006,
            "quarter": 4,
            "eps": 0.32,
            "eps_growth_year": -5.88,
            "eps_4q": 1.41,
            "eps_4q_growth_year": 16.14,
            "roe": 1.35,
            "roe_4q": 6.010000000000001,
            "gross_profit": 24455,
            "gross_margin": 19.73,
            "gross_margin_4q_avg": 21.19,
            "net_income": 10454,
            "revenue": 123958,
            "common_shares": 325107,
            "book_valuer_per_share": 23.9,
            "book_valuer_per_share_4q_avg": 23.62,
            "equity": 777007,
            "current_ratio": 341.57,
            "debt_ratio": 10.89,
            "inventory_turnover_ratio": 0.8,
            "account_receivable_turnover_ratio": null,
            "reinvestment_rate": 24.41,
            "research_to_sale_ratio": null,
            "price_fair": 52.92,
            "eps_avg_yearly": 1.51,
            "eps_latest_yearly": 1.28,
            "eps_growth_yearly": 150.22
        },
        "20071": {
            "year_quarter": 20071,
            "year": 2007,
            "quarter": 1,
            "eps": 0.74,
            "eps_growth_year": 164.29,
            "eps_4q": 1.87,
            "eps_4q_growth_year": 46.72,
            "roe": 3.06,
            "roe_4q": 7.91,
            "gross_profit": 43388,
            "gross_margin": 26.69,
            "gross_margin_4q_avg": 23.04,
            "net_income": 24171,
            "revenue": 162589,
            "common_shares": 325107,
            "book_valuer_per_share": 24.64,
            "book_valuer_per_share_4q_avg": 23.81,
            "equity": 801178,
            "current_ratio": 289.57,
            "debt_ratio": 13.46,
            "inventory_turnover_ratio": 0.95,
            "account_receivable_turnover_ratio": null,
            "reinvestment_rate": 34.5,
            "research_to_sale_ratio": null,
            "price_fair": 56.09,
            "eps_avg_yearly": 1.6,
            "eps_latest_yearly": 2.96,
            "eps_growth_yearly": 173.64
        },
        "20072": {
            "year_quarter": 20072,
            "year": 2007,
            "quarter": 2,
            "eps": 1.06,
            "eps_growth_year": 194.44,
            "eps_4q": 2.59,
            "eps_4q_growth_year": 67.89,
            "roe": 4.32,
            "roe_4q": 10.700000000000001,
            "gross_profit": 67808,
            "gross_margin": 37.21,
            "gross_margin_4q_avg": 26.99,
            "net_income": 34422,
            "revenue": 182231,
            "common_shares": 325107,
            "book_valuer_per_share": 24.43,
            "book_valuer_per_share_4q_avg": 24.14,
            "equity": 794220,
            "current_ratio": 213.29,
            "debt_ratio": 17.65,
            "inventory_turnover_ratio": 0.91,
            "account_receivable_turnover_ratio": null,
            "reinvestment_rate": 39.87,
            "research_to_sale_ratio": null,
            "price_fair": 62.83,
            "eps_avg_yearly": 1.8,
            "eps_latest_yearly": 4.24,
            "eps_growth_yearly": 204.2
        },
        "20073": {
            "year_quarter": 20073,
            "year": 2007,
            "quarter": 3,
            "eps": 0.97,
            "eps_growth_year": 110.87,
            "eps_4q": 3.1,
            "eps_4q_growth_year": 115.69,
            "roe": 3.87,
            "roe_4q": 12.600000000000001,
            "gross_profit": 59182,
            "gross_margin": 27.55,
            "gross_margin_4q_avg": 27.8,
            "net_income": 31379,
            "revenue": 214838,
            "common_shares": 325107,
            "book_valuer_per_share": 25.39,
            "book_valuer_per_share_4q_avg": 24.59,
            "equity": 825599,
            "current_ratio": 198.75,
            "debt_ratio": 20.35,
            "inventory_turnover_ratio": 1.13,
            "account_receivable_turnover_ratio": null,
            "reinvestment_rate": 41.69,
            "research_to_sale_ratio": null,
            "price_fair": 66.41,
            "eps_avg_yearly": 1.9,
            "eps_latest_yearly": 3.88,
            "eps_growth_yearly": 178.8
        },
        "20074": {
            "year_quarter": 20074,
            "year": 2007,
            "quarter": 4,
            "eps": 1.86,
            "eps_growth_year": 481.25,
            "eps_4q": 4.62,
            "eps_4q_growth_year": 228.57,
            "roe": 7.07,
            "roe_4q": 18.32,
            "gross_profit": 95796,
            "gross_margin": 39.39,
            "gross_margin_4q_avg": 32.71,
            "net_income": 60541,
            "revenue": 243206,
            "common_shares": 325107,
            "book_valuer_per_share": 27.26,
            "book_valuer_per_share_4q_avg": 25.43,
            "equity": 886140,
            "current_ratio": 245.86,
            "debt_ratio": 16.63,
            "inventory_turnover_ratio": 0.94,
            "account_receivable_turnover_ratio": null,
            "reinvestment_rate": 38.64,
            "research_to_sale_ratio": null,
            "price_fair": 75.08,
            "eps_avg_yearly": 2.15,
            "eps_latest_yearly": 7.44,
            "eps_growth_yearly": 187.9
        },
        "20081": {
            "year_quarter": 20081,
            "year": 2008,
            "quarter": 1,
            "eps": 1.34,
            "eps_growth_year": 81.08,
            "eps_4q": 5.23,
            "eps_4q_growth_year": 179.08,
            "roe": 4.79,
            "roe_4q": 20.05,
            "gross_profit": 86759,
            "gross_margin": 34.7,
            "gross_margin_4q_avg": 34.71,
            "net_income": 43529,
            "revenue": 250007,
            "common_shares": 325107,
            "book_valuer_per_share": 28.6,
            "book_valuer_per_share_4q_avg": 26.42,
            "equity": 929669,
            "current_ratio": 269.79,
            "debt_ratio": 15.44,
            "inventory_turnover_ratio": 1.05,
            "account_receivable_turnover_ratio": null,
            "reinvestment_rate": 41.19,
            "research_to_sale_ratio": null,
            "price_fair": 84.35,
            "eps_avg_yearly": 2.41,
            "eps_latest_yearly": 5.36,
            "eps_growth_yearly": 197.87
        },
        "20082": {
            "year_quarter": 20082,
            "year": 2008,
            "quarter": 2,
            "eps": 1.19,
            "eps_growth_year": 12.26,
            "eps_4q": 5.35,
            "eps_4q_growth_year": 106.74,
            "roe": 4.31,
            "roe_4q": 20.040000000000003,
            "gross_profit": 74381,
            "gross_margin": 31.71,
            "gross_margin_4q_avg": 33.34,
            "net_income": 38786,
            "revenue": 234568,
            "common_shares": 325107,
            "book_valuer_per_share": 26.78,
            "book_valuer_per_share_4q_avg": 27.01,
            "equity": 870585,
            "current_ratio": 163.14,
            "debt_ratio": 24.56,
            "inventory_turnover_ratio": 1.11,
            "account_receivable_turnover_ratio": null,
            "reinvestment_rate": 47.84,
            "research_to_sale_ratio": null,
            "price_fair": 92.14,
            "eps_avg_yearly": 2.63,
            "eps_latest_yearly": 4.76,
            "eps_growth_yearly": 193.28
        },
        "20083": {
            "year_quarter": 20083,
            "year": 2008,
            "quarter": 3,
            "eps": 1.29,
            "eps_growth_year": 32.99,
            "eps_4q": 5.24,
            "eps_4q_growth_year": 68.74,
            "roe": 5.22,
            "roe_4q": 21.39,
            "gross_profit": 79688,
            "gross_margin": 35.66,
            "gross_margin_4q_avg": 35.37,
            "net_income": 46672,
            "revenue": 223480,
            "common_shares": 361617,
            "book_valuer_per_share": 25.4,
            "book_valuer_per_share_4q_avg": 27.01,
            "equity": 918666,
            "current_ratio": 192.01,
            "debt_ratio": 21.72,
            "inventory_turnover_ratio": 0.82,
            "account_receivable_turnover_ratio": null,
            "reinvestment_rate": 43.15,
            "research_to_sale_ratio": null,
            "price_fair": 101.5,
            "eps_avg_yearly": 2.9,
            "eps_latest_yearly": 5.16,
            "eps_growth_yearly": 202.05
        },
        "20084": {
            "year_quarter": 20084,
            "year": 2008,
            "quarter": 4,
            "eps": 0.76,
            "eps_growth_year": -59.14,
            "eps_4q": 4.31,
            "eps_4q_growth_year": -6.79,
            "roe": 2.97,
            "roe_4q": 17.29,
            "gross_profit": 65345,
            "gross_margin": 27.53,
            "gross_margin_4q_avg": 32.4,
            "net_income": 27612,
            "revenue": 237364,
            "common_shares": 361617,
            "book_valuer_per_share": 26.06,
            "book_valuer_per_share_4q_avg": 26.71,
            "equity": 942507,
            "current_ratio": 244.01,
            "debt_ratio": 16.79,
            "inventory_turnover_ratio": 0.88,
            "account_receivable_turnover_ratio": 1.08,
            "reinvestment_rate": 50.89,
            "research_to_sale_ratio": null,
            "price_fair": 103.69,
            "eps_avg_yearly": 2.96,
            "eps_latest_yearly": 3.04,
            "eps_growth_yearly": 158.82
        },
        "20091": {
            "year_quarter": 20091,
            "year": 2009,
            "quarter": 1,
            "eps": 1.6,
            "eps_growth_year": 19.4,
            "eps_4q": 4.72,
            "eps_4q_growth_year": -9.76,
            "roe": 5.97,
            "roe_4q": 18.47,
            "gross_profit": 100535,
            "gross_margin": 38.05,
            "gross_margin_4q_avg": 33.24,
            "net_income": 58005,
            "revenue": 264242,
            "common_shares": 361617,
            "book_valuer_per_share": 27.69,
            "book_valuer_per_share_4q_avg": 26.48,
            "equity": 1001440,
            "current_ratio": 272.69,
            "debt_ratio": 16.35,
            "inventory_turnover_ratio": 1.03,
            "account_receivable_turnover_ratio": 1.24,
            "reinvestment_rate": 46.44,
            "research_to_sale_ratio": null,
            "price_fair": 115.59,
            "eps_avg_yearly": 3.3,
            "eps_latest_yearly": 6.4,
            "eps_growth_yearly": 199.69
        },
        "20092": {
            "year_quarter": 20092,
            "year": 2009,
            "quarter": 2,
            "eps": 0.9,
            "eps_growth_year": -24.37,
            "eps_4q": 4.56,
            "eps_4q_growth_year": -14.7,
            "roe": 3.33,
            "roe_4q": 17.490000000000002,
            "gross_profit": 74764,
            "gross_margin": 40.45,
            "gross_margin_4q_avg": 35.42,
            "net_income": 32529,
            "revenue": 184853,
            "common_shares": 361617,
            "book_valuer_per_share": 26.38,
            "book_valuer_per_share_4q_avg": 26.38,
            "equity": 954030,
            "current_ratio": 186.56,
            "debt_ratio": 24.25,
            "inventory_turnover_ratio": 0.65,
            "account_receivable_turnover_ratio": 0.95,
            "reinvestment_rate": 49.51,
            "research_to_sale_ratio": null,
            "price_fair": 122.76,
            "eps_avg_yearly": 3.51,
            "eps_latest_yearly": 3.6,
            "eps_growth_yearly": 205.42
        },
        "20093": {
            "year_quarter": 20093,
            "year": 2009,
            "quarter": 3,
            "eps": 1,
            "eps_growth_year": -22.48,
            "eps_4q": 3.97,
            "eps_4q_growth_year": -24.25,
            "roe": 4.07,
            "roe_4q": 16.34,
            "gross_profit": 80426,
            "gross_margin": 37.02,
            "gross_margin_4q_avg": 35.76,
            "net_income": 39803,
            "revenue": 217274,
            "common_shares": 401212,
            "book_valuer_per_share": 24.97,
            "book_valuer_per_share_4q_avg": 26.28,
            "equity": 1001820,
            "current_ratio": 250.28,
            "debt_ratio": 16.01,
            "inventory_turnover_ratio": 0.66,
            "account_receivable_turnover_ratio": 1.16,
            "reinvestment_rate": 53.02,
            "research_to_sale_ratio": null,
            "price_fair": 126.61,
            "eps_avg_yearly": 3.62,
            "eps_latest_yearly": 4,
            "eps_growth_yearly": 58.2
        },
        "20094": {
            "year_quarter": 20094,
            "year": 2009,
            "quarter": 4,
            "eps": 0.9,
            "eps_growth_year": 18.42,
            "eps_4q": 4.11,
            "eps_4q_growth_year": -4.64,
            "roe": 3.53,
            "roe_4q": 16.9,
            "gross_profit": 75645,
            "gross_margin": 31.6,
            "gross_margin_4q_avg": 36.78,
            "net_income": 35975,
            "revenue": 239369,
            "common_shares": 404622,
            "book_valuer_per_share": 25.65,
            "book_valuer_per_share_4q_avg": 26.17,
            "equity": 1037838,
            "current_ratio": 237.19,
            "debt_ratio": 17.12,
            "inventory_turnover_ratio": 0.78,
            "account_receivable_turnover_ratio": 2.52,
            "reinvestment_rate": 59.98,
            "research_to_sale_ratio": null,
            "price_fair": 131.51,
            "eps_avg_yearly": 3.76,
            "eps_latest_yearly": 3.6,
            "eps_growth_yearly": 65.52
        },
        "20101": {
            "year_quarter": 20101,
            "year": 2010,
            "quarter": 1,
            "eps": 1.02,
            "eps_growth_year": -36.25,
            "eps_4q": 3.69,
            "eps_4q_growth_year": -21.88,
            "roe": 3.89,
            "roe_4q": 14.82,
            "gross_profit": 75186,
            "gross_margin": 32.69,
            "gross_margin_4q_avg": 35.44,
            "net_income": 41289,
            "revenue": 230013,
            "common_shares": 405822,
            "book_valuer_per_share": 26.68,
            "book_valuer_per_share_4q_avg": 25.92,
            "equity": 1082689,
            "current_ratio": 173.79,
            "debt_ratio": 20.81,
            "inventory_turnover_ratio": 0.75,
            "account_receivable_turnover_ratio": 1.14,
            "reinvestment_rate": 71.75,
            "research_to_sale_ratio": 3.26,
            "price_fair": 137.99,
            "eps_avg_yearly": 3.94,
            "eps_latest_yearly": 4.08,
            "eps_growth_yearly": 73.26
        },
        "20102": {
            "year_quarter": 20102,
            "year": 2010,
            "quarter": 2,
            "eps": 1.04,
            "eps_growth_year": 16.06,
            "eps_4q": 3.56,
            "eps_4q_growth_year": -22.01,
            "roe": 4.57,
            "roe_4q": 16.060000000000002,
            "gross_profit": 86207,
            "gross_margin": 35.98,
            "gross_margin_4q_avg": 34.32,
            "net_income": 48677,
            "revenue": 239564,
            "common_shares": 405822,
            "book_valuer_per_share": 25.79,
            "book_valuer_per_share_4q_avg": 25.77,
            "equity": 1046649,
            "current_ratio": 134.19,
            "debt_ratio": 27.73,
            "inventory_turnover_ratio": 0.71,
            "account_receivable_turnover_ratio": 1.07,
            "reinvestment_rate": 78.65,
            "research_to_sale_ratio": 3.56,
            "price_fair": 143.94,
            "eps_avg_yearly": 4.11,
            "eps_latest_yearly": 4.16,
            "eps_growth_yearly": 66.61
        },
        "20103": {
            "year_quarter": 20103,
            "year": 2010,
            "quarter": 3,
            "eps": 0.83,
            "eps_growth_year": -17.05,
            "eps_4q": 3.62,
            "eps_4q_growth_year": -8.87,
            "roe": 3.51,
            "roe_4q": 15.5,
            "gross_profit": 75193,
            "gross_margin": 30.2,
            "gross_margin_4q_avg": 32.62,
            "net_income": 37484,
            "revenue": 248957,
            "common_shares": 451901,
            "book_valuer_per_share": 24.09,
            "book_valuer_per_share_4q_avg": 25.55,
            "equity": 1088783,
            "current_ratio": 136.93,
            "debt_ratio": 25.52,
            "inventory_turnover_ratio": 0.76,
            "account_receivable_turnover_ratio": 1.16,
            "reinvestment_rate": 75.61,
            "research_to_sale_ratio": 3.91,
            "price_fair": 147.18,
            "eps_avg_yearly": 4.21,
            "eps_latest_yearly": 3.32,
            "eps_growth_yearly": 54.62
        },
        "20104": {
            "year_quarter": 20104,
            "year": 2010,
            "quarter": 4,
            "eps": 0.97,
            "eps_growth_year": 7.5,
            "eps_4q": 3.78,
            "eps_4q_growth_year": -7.96,
            "roe": 3.95,
            "roe_4q": 15.920000000000002,
            "gross_profit": 92372,
            "gross_margin": 33.45,
            "gross_margin_4q_avg": 33.08,
            "net_income": 43794,
            "revenue": 276142,
            "common_shares": 452671,
            "book_valuer_per_share": 24.99,
            "book_valuer_per_share_4q_avg": 25.39,
            "equity": 1131234,
            "current_ratio": 146.84,
            "debt_ratio": 24.82,
            "inventory_turnover_ratio": 0.75,
            "account_receivable_turnover_ratio": 1.4,
            "reinvestment_rate": 69,
            "research_to_sale_ratio": 3.23,
            "price_fair": 152.86,
            "eps_avg_yearly": 4.37,
            "eps_latest_yearly": 3.88,
            "eps_growth_yearly": 66.44
        },
        "20111": {
            "year_quarter": 20111,
            "year": 2011,
            "quarter": 1,
            "eps": 1.05,
            "eps_growth_year": 2.94,
            "eps_4q": 3.92,
            "eps_4q_growth_year": 6.44,
            "roe": 4.12,
            "roe_4q": 16.15,
            "gross_profit": 91550,
            "gross_margin": 34.35,
            "gross_margin_4q_avg": 33.5,
            "net_income": 47653,
            "revenue": 266496,
            "common_shares": 452671,
            "book_valuer_per_share": 26.05,
            "book_valuer_per_share_4q_avg": 25.23,
            "equity": 1179414,
            "current_ratio": 176.97,
            "debt_ratio": 19.86,
            "inventory_turnover_ratio": 0.65,
            "account_receivable_turnover_ratio": 1.43,
            "reinvestment_rate": 63.92,
            "research_to_sale_ratio": 3.63,
            "price_fair": 155.58,
            "eps_avg_yearly": 4.45,
            "eps_latest_yearly": 4.2,
            "eps_growth_yearly": 35.69
        },
        "20112": {
            "year_quarter": 20112,
            "year": 2011,
            "quarter": 2,
            "eps": 0.7,
            "eps_growth_year": -32.84,
            "eps_4q": 3.24,
            "eps_4q_growth_year": -8.78,
            "roe": 3.1,
            "roe_4q": 14.680000000000001,
            "gross_profit": 73431,
            "gross_margin": 29.71,
            "gross_margin_4q_avg": 31.93,
            "net_income": 35568,
            "revenue": 247193,
            "common_shares": 452671,
            "book_valuer_per_share": 24.67,
            "book_valuer_per_share_4q_avg": 24.95,
            "equity": 1116917,
            "current_ratio": 139.11,
            "debt_ratio": 26.04,
            "inventory_turnover_ratio": 0.63,
            "account_receivable_turnover_ratio": 1.37,
            "reinvestment_rate": 59.02,
            "research_to_sale_ratio": 3.93,
            "price_fair": 115.63,
            "eps_avg_yearly": 4.36,
            "eps_latest_yearly": 2.8,
            "eps_growth_yearly": 16.55
        },
        "20113": {
            "year_quarter": 20113,
            "year": 2011,
            "quarter": 3,
            "eps": 0.78,
            "eps_growth_year": -6.11,
            "eps_4q": 3.36,
            "eps_4q_growth_year": -7.03,
            "roe": 3.36,
            "roe_4q": 14.530000000000001,
            "gross_profit": 68636,
            "gross_margin": 27.18,
            "gross_margin_4q_avg": 31.17,
            "net_income": 38292,
            "revenue": 252556,
            "common_shares": 491663,
            "book_valuer_per_share": 23.61,
            "book_valuer_per_share_4q_avg": 24.83,
            "equity": 1160580,
            "current_ratio": 146.61,
            "debt_ratio": 24.38,
            "inventory_turnover_ratio": 0.66,
            "account_receivable_turnover_ratio": 1.3,
            "reinvestment_rate": 59.76,
            "research_to_sale_ratio": 3.9,
            "price_fair": 135.81,
            "eps_avg_yearly": 4.31,
            "eps_latest_yearly": 3.12,
            "eps_growth_yearly": 21.53
        },
        "20114": {
            "year_quarter": 20114,
            "year": 2011,
            "quarter": 4,
            "eps": -0.64,
            "eps_growth_year": -166.22,
            "eps_4q": 1.83,
            "eps_4q_growth_year": -51.6,
            "roe": -2.75,
            "roe_4q": 7.83,
            "gross_profit": 73572,
            "gross_margin": 27.09,
            "gross_margin_4q_avg": 29.58,
            "net_income": -31497,
            "revenue": 271608,
            "common_shares": 491663,
            "book_valuer_per_share": 23.01,
            "book_valuer_per_share_4q_avg": 24.34,
            "equity": 1131205,
            "current_ratio": 156.38,
            "debt_ratio": 25.41,
            "inventory_turnover_ratio": 0.67,
            "account_receivable_turnover_ratio": 1.35,
            "reinvestment_rate": 53.16,
            "research_to_sale_ratio": 3.22,
            "price_fair": 12.3,
            "eps_avg_yearly": 4.1,
            "eps_latest_yearly": 3.12,
            "eps_growth_yearly": -1.5
        },
        "20121": {
            "year_quarter": 20121,
            "year": 2012,
            "quarter": 1,
            "eps": 1.16,
            "eps_growth_year": 10.48,
            "eps_4q": 2.02,
            "eps_4q_growth_year": -48.59,
            "roe": 4.9,
            "roe_4q": 8.61,
            "gross_profit": 113886,
            "gross_margin": 31.78,
            "gross_margin_4q_avg": 28.94,
            "net_income": 56869,
            "revenue": 358346,
            "common_shares": 491913,
            "book_valuer_per_share": 24.16,
            "book_valuer_per_share_4q_avg": 23.86,
            "equity": 1188509,
            "current_ratio": 195.63,
            "debt_ratio": 19.36,
            "inventory_turnover_ratio": 0.88,
            "account_receivable_turnover_ratio": 1.75,
            "reinvestment_rate": 45.92,
            "research_to_sale_ratio": 2.47,
            "price_fair": 65.65,
            "eps_avg_yearly": 4.01,
            "eps_latest_yearly": 3.12,
            "eps_growth_yearly": 6.38
        },
        "20122": {
            "year_quarter": 20122,
            "year": 2012,
            "quarter": 2,
            "eps": 0.71,
            "eps_growth_year": 1.57,
            "eps_4q": 2.01,
            "eps_4q_growth_year": -38.14,
            "roe": 3,
            "roe_4q": 8.51,
            "gross_profit": 76820,
            "gross_margin": 27.27,
            "gross_margin_4q_avg": 28.33,
            "net_income": 35048,
            "revenue": 281663,
            "common_shares": 491913,
            "book_valuer_per_share": 23.29,
            "book_valuer_per_share_4q_avg": 23.52,
            "equity": 1145735,
            "current_ratio": 159.67,
            "debt_ratio": 23.29,
            "inventory_turnover_ratio": 0.82,
            "account_receivable_turnover_ratio": 1.31,
            "reinvestment_rate": 45.83,
            "research_to_sale_ratio": 2.72,
            "price_fair": 11.61,
            "eps_avg_yearly": 3.87,
            "eps_latest_yearly": 2.84,
            "eps_growth_yearly": -1.51
        },
        "20123": {
            "year_quarter": 20123,
            "year": 2012,
            "quarter": 3,
            "eps": 0.95,
            "eps_growth_year": 22.04,
            "eps_4q": 2.18,
            "eps_4q_growth_year": -35.27,
            "roe": 4,
            "roe_4q": 9.15,
            "gross_profit": 97304,
            "gross_margin": 31.07,
            "gross_margin_4q_avg": 29.3,
            "net_income": 46841,
            "revenue": 313216,
            "common_shares": 492823,
            "book_valuer_per_share": 24.24,
            "book_valuer_per_share_4q_avg": 23.68,
            "equity": 1194728,
            "current_ratio": 183.64,
            "debt_ratio": 19.67,
            "inventory_turnover_ratio": 0.86,
            "account_receivable_turnover_ratio": 1.55,
            "reinvestment_rate": 49.66,
            "research_to_sale_ratio": 3.4,
            "price_fair": 59.44,
            "eps_avg_yearly": 3.77,
            "eps_latest_yearly": 3.8,
            "eps_growth_yearly": 5.75
        },
        "20124": {
            "year_quarter": 20124,
            "year": 2012,
            "quarter": 4,
            "eps": 1.13,
            "eps_growth_year": null,
            "eps_4q": 3.94,
            "eps_4q_growth_year": 115.35,
            "roe": 4.53,
            "roe_4q": 16.43,
            "gross_profit": 109878,
            "gross_margin": 35.52,
            "gross_margin_4q_avg": 31.41,
            "net_income": 55691,
            "revenue": 309347,
            "common_shares": 493173,
            "book_valuer_per_share": 25.59,
            "book_valuer_per_share_4q_avg": 24.32,
            "equity": 1261898,
            "current_ratio": 188.12,
            "debt_ratio": 20.29,
            "inventory_turnover_ratio": 0.74,
            "account_receivable_turnover_ratio": 1.57,
            "reinvestment_rate": 49.55,
            "research_to_sale_ratio": 1.6,
            "price_fair": 127.66,
            "eps_avg_yearly": 3.88,
            "eps_latest_yearly": 4.52,
            "eps_growth_yearly": 22.9
        },
        "20131": {
            "year_quarter": 20131,
            "year": 2013,
            "quarter": 1,
            "eps": 1.09,
            "eps_growth_year": -6.03,
            "eps_4q": 3.88,
            "eps_4q_growth_year": 92.17,
            "roe": 4.18,
            "roe_4q": 15.71,
            "gross_profit": 104448,
            "gross_margin": 31,
            "gross_margin_4q_avg": 31.22,
            "net_income": 53600,
            "revenue": 336923,
            "common_shares": 493173,
            "book_valuer_per_share": 26.4,
            "book_valuer_per_share_4q_avg": 24.88,
            "equity": 1301923,
            "current_ratio": 98.4,
            "debt_ratio": 39.21,
            "inventory_turnover_ratio": 0.76,
            "account_receivable_turnover_ratio": 1.54,
            "reinvestment_rate": 88.6,
            "research_to_sale_ratio": 2.21,
            "price_fair": 11.2,
            "eps_avg_yearly": 3.73,
            "eps_latest_yearly": 4.36,
            "eps_growth_yearly": -9.69
        },
        "20132": {
            "year_quarter": 20132,
            "year": 2013,
            "quarter": 2,
            "eps": 0.95,
            "eps_growth_year": 33.34,
            "eps_4q": 3.8,
            "eps_4q_growth_year": 89.61,
            "roe": 3.7,
            "roe_4q": 16.41,
            "gross_profit": 96678,
            "gross_margin": 31.48,
            "gross_margin_4q_avg": 32.27,
            "net_income": 46619,
            "revenue": 307093,
            "common_shares": 493423,
            "book_valuer_per_share": 24.67,
            "book_valuer_per_share_4q_avg": 25.23,
            "equity": 1217280,
            "current_ratio": 62.73,
            "debt_ratio": 45.2,
            "inventory_turnover_ratio": 0.63,
            "account_receivable_turnover_ratio": 1.42,
            "reinvestment_rate": 112.7,
            "research_to_sale_ratio": 2.53,
            "price_fair": 11.25,
            "eps_avg_yearly": 3.75,
            "eps_latest_yearly": 3.8,
            "eps_growth_yearly": -0.86
        },
        "20133": {
            "year_quarter": 20133,
            "year": 2013,
            "quarter": 3,
            "eps": 0.42,
            "eps_growth_year": -55.81,
            "eps_4q": 2.72,
            "eps_4q_growth_year": 24.96,
            "roe": 1.4,
            "roe_4q": 13.809999999999999,
            "gross_profit": 104487,
            "gross_margin": 30.13,
            "gross_margin_4q_avg": 32.03,
            "net_income": 22778,
            "revenue": 346832,
            "common_shares": 657001,
            "book_valuer_per_share": 30.89,
            "book_valuer_per_share_4q_avg": 26.89,
            "equity": 2029293,
            "current_ratio": 500.11,
            "debt_ratio": 29.24,
            "inventory_turnover_ratio": 0.69,
            "account_receivable_turnover_ratio": 1.62,
            "reinvestment_rate": 134.83,
            "research_to_sale_ratio": 1.99,
            "price_fair": 10.75,
            "eps_avg_yearly": 3.58,
            "eps_latest_yearly": 1.68,
            "eps_growth_yearly": -19.97
        },
        "20134": {
            "year_quarter": 20134,
            "year": 2013,
            "quarter": 4,
            "eps": 0.56,
            "eps_growth_year": -50.21,
            "eps_4q": 2.43,
            "eps_4q_growth_year": -38.26,
            "roe": 1.8,
            "roe_4q": 11.08,
            "gross_profit": 91368,
            "gross_margin": 30.27,
            "gross_margin_4q_avg": 30.72,
            "net_income": 36941,
            "revenue": 301886,
            "common_shares": 657061,
            "book_valuer_per_share": 31.47,
            "book_valuer_per_share_4q_avg": 28.36,
            "equity": 2067974,
            "current_ratio": 354.35,
            "debt_ratio": 32.26,
            "inventory_turnover_ratio": 0.55,
            "account_receivable_turnover_ratio": 1.48,
            "reinvestment_rate": 132.42,
            "research_to_sale_ratio": 3.31,
            "price_fair": 10.46,
            "eps_avg_yearly": 3.49,
            "eps_latest_yearly": 2.24,
            "eps_growth_yearly": -7.59
        },
        "20141": {
            "year_quarter": 20141,
            "year": 2014,
            "quarter": 1,
            "eps": 0.97,
            "eps_growth_year": -11.01,
            "eps_4q": 2.57,
            "eps_4q_growth_year": -33.78,
            "roe": 3.03,
            "roe_4q": 9.93,
            "gross_profit": 130552,
            "gross_margin": 34.85,
            "gross_margin_4q_avg": 31.68,
            "net_income": 63605,
            "revenue": 374574,
            "common_shares": 662061,
            "book_valuer_per_share": 32.21,
            "book_valuer_per_share_4q_avg": 29.81,
            "equity": 2132358,
            "current_ratio": 342.85,
            "debt_ratio": 31.64,
            "inventory_turnover_ratio": 0.6,
            "account_receivable_turnover_ratio": 1.84,
            "reinvestment_rate": 121.35,
            "research_to_sale_ratio": 2.34,
            "price_fair": 67.75,
            "eps_avg_yearly": 3.47,
            "eps_latest_yearly": 3.88,
            "eps_growth_yearly": 9.52
        },
        "20142": {
            "year_quarter": 20142,
            "year": 2014,
            "quarter": 2,
            "eps": 1.42,
            "eps_growth_year": 49.47,
            "eps_4q": 3.12,
            "eps_4q_growth_year": -18.12,
            "roe": 4.41,
            "roe_4q": 10.64,
            "gross_profit": 127746,
            "gross_margin": 30.68,
            "gross_margin_4q_avg": 31.48,
            "net_income": 93181,
            "revenue": 416440,
            "common_shares": 662061,
            "book_valuer_per_share": 31.67,
            "book_valuer_per_share_4q_avg": 31.56,
            "equity": 2096519,
            "current_ratio": 241.6,
            "debt_ratio": 35.98,
            "inventory_turnover_ratio": 0.67,
            "account_receivable_turnover_ratio": 2.01,
            "reinvestment_rate": 116.76,
            "research_to_sale_ratio": null,
            "price_fair": 115.32,
            "eps_avg_yearly": 3.58,
            "eps_latest_yearly": 5.68,
            "eps_growth_yearly": 22.21
        },
        "20143": {
            "year_quarter": 20143,
            "year": 2014,
            "quarter": 3,
            "eps": 0.88,
            "eps_growth_year": 109.52,
            "eps_4q": 3.65,
            "eps_4q_growth_year": 34.22,
            "roe": 2.84,
            "roe_4q": 12.08,
            "gross_profit": 117961,
            "gross_margin": 32.11,
            "gross_margin_4q_avg": 31.98,
            "net_income": 60678,
            "revenue": 367385,
            "common_shares": 696905,
            "book_valuer_per_share": 31.27,
            "book_valuer_per_share_4q_avg": 31.66,
            "equity": 2178919,
            "current_ratio": 327.22,
            "debt_ratio": 31.24,
            "inventory_turnover_ratio": 0.54,
            "account_receivable_turnover_ratio": 1.77,
            "reinvestment_rate": 114.15,
            "research_to_sale_ratio": 2.64,
            "price_fair": 97.46,
            "eps_avg_yearly": 3.59,
            "eps_latest_yearly": 3.52,
            "eps_growth_yearly": 17.12
        },
        "20144": {
            "year_quarter": 20144,
            "year": 2014,
            "quarter": 4,
            "eps": 0.68,
            "eps_growth_year": 20.98,
            "eps_4q": 3.8,
            "eps_4q_growth_year": 56.21,
            "roe": 2.15,
            "roe_4q": 12.43,
            "gross_profit": 103094,
            "gross_margin": 30.92,
            "gross_margin_4q_avg": 32.14,
            "net_income": 47375,
            "revenue": 333463,
            "common_shares": 696525,
            "book_valuer_per_share": 31.96,
            "book_valuer_per_share_4q_avg": 31.78,
            "equity": 2226240,
            "current_ratio": 335.36,
            "debt_ratio": 30.88,
            "inventory_turnover_ratio": 0.47,
            "account_receivable_turnover_ratio": 1.45,
            "reinvestment_rate": 117.97,
            "research_to_sale_ratio": 2.72,
            "price_fair": 55.49,
            "eps_avg_yearly": 3.51,
            "eps_latest_yearly": 2.72,
            "eps_growth_yearly": 5.8
        },
        "20151": {
            "year_quarter": 20151,
            "year": 2015,
            "quarter": 1,
            "eps": 1.33,
            "eps_growth_year": 37.11,
            "eps_4q": 4.22,
            "eps_4q_growth_year": 64.39,
            "roe": 4.08,
            "roe_4q": 13.48,
            "gross_profit": 169622,
            "gross_margin": 38.28,
            "gross_margin_4q_avg": 33,
            "net_income": 92818,
            "revenue": 443065,
            "common_shares": 696846,
            "book_valuer_per_share": 33.33,
            "book_valuer_per_share_4q_avg": 32.06,
            "equity": 2322845,
            "current_ratio": 376.87,
            "debt_ratio": 29.38,
            "inventory_turnover_ratio": 0.54,
            "account_receivable_turnover_ratio": 1.81,
            "reinvestment_rate": 109.69,
            "research_to_sale_ratio": 2.26,
            "price_fair": 125.7,
            "eps_avg_yearly": 3.59,
            "eps_latest_yearly": 5.32,
            "eps_growth_yearly": 30.76
        },
        "20152": {
            "year_quarter": 20152,
            "year": 2015,
            "quarter": 2,
            "eps": 1.79,
            "eps_growth_year": 26.06,
            "eps_4q": 4.44,
            "eps_4q_growth_year": 42.5,
            "roe": 5.24,
            "roe_4q": 14.31,
            "gross_profit": 218983,
            "gross_margin": 37.78,
            "gross_margin_4q_avg": 34.77,
            "net_income": 124750,
            "revenue": 579644,
            "common_shares": 733431,
            "book_valuer_per_share": 33.3,
            "book_valuer_per_share_4q_avg": 32.47,
            "equity": 2442567,
            "current_ratio": 243.21,
            "debt_ratio": 29.13,
            "inventory_turnover_ratio": 0.74,
            "account_receivable_turnover_ratio": 1.99,
            "reinvestment_rate": 97.59,
            "research_to_sale_ratio": 1.63,
            "price_fair": 136.6,
            "eps_avg_yearly": 3.9,
            "eps_latest_yearly": 7.16,
            "eps_growth_yearly": 50.16
        },
        "20153": {
            "year_quarter": 20153,
            "year": 2015,
            "quarter": 3,
            "eps": 1.34,
            "eps_growth_year": 52.27,
            "eps_4q": 4.85,
            "eps_4q_growth_year": 32.78,
            "roe": 3.78,
            "roe_4q": 15.25,
            "gross_profit": 145880,
            "gross_margin": 33.27,
            "gross_margin_4q_avg": 35.06,
            "net_income": 95202,
            "revenue": 438507,
            "common_shares": 743007,
            "book_valuer_per_share": 34.94,
            "book_valuer_per_share_4q_avg": 33.38,
            "equity": 2596062,
            "current_ratio": 202.33,
            "debt_ratio": 21.19,
            "inventory_turnover_ratio": 0.62,
            "account_receivable_turnover_ratio": 1.33,
            "reinvestment_rate": 91.94,
            "research_to_sale_ratio": 1.95,
            "price_fair": 142.2,
            "eps_avg_yearly": 4.06,
            "eps_latest_yearly": 5.36,
            "eps_growth_yearly": 39.72
        },
        "20154": {
            "year_quarter": 20154,
            "year": 2015,
            "quarter": 4,
            "eps": 0.8,
            "eps_growth_year": 17.92,
            "eps_4q": 4.91,
            "eps_4q_growth_year": 29.02,
            "roe": 2.28,
            "roe_4q": 15.38,
            "gross_profit": 120567,
            "gross_margin": 34.52,
            "gross_margin_4q_avg": 35.96,
            "net_income": 61132,
            "revenue": 349286,
            "common_shares": 762177,
            "book_valuer_per_share": 36.24,
            "book_valuer_per_share_4q_avg": 34.45,
            "equity": 2762069,
            "current_ratio": 228.3,
            "debt_ratio": 20.1,
            "inventory_turnover_ratio": 0.45,
            "account_receivable_turnover_ratio": 1.42,
            "reinvestment_rate": 89.97,
            "research_to_sale_ratio": 2.11,
            "price_fair": 140.19,
            "eps_avg_yearly": 4.01,
            "eps_latest_yearly": 3.2,
            "eps_growth_yearly": 26.32
        },
        "20161": {
            "year_quarter": 20161,
            "year": 2016,
            "quarter": 1,
            "eps": 2.06,
            "eps_growth_year": 54.89,
            "eps_4q": 5.74,
            "eps_4q_growth_year": 36.06,
            "roe": 5.52,
            "roe_4q": 16.82,
            "gross_profit": 292179,
            "gross_margin": 45.27,
            "gross_margin_4q_avg": 37.71,
            "net_income": 156935,
            "revenue": 645479,
            "common_shares": 762896,
            "book_valuer_per_share": 38.33,
            "book_valuer_per_share_4q_avg": 35.7,
            "equity": 2924247,
            "current_ratio": 246.82,
            "debt_ratio": 19.44,
            "inventory_turnover_ratio": 0.66,
            "account_receivable_turnover_ratio": 2.38,
            "reinvestment_rate": 81.99,
            "research_to_sale_ratio": 1.68,
            "price_fair": 149.45,
            "eps_avg_yearly": 4.27,
            "eps_latest_yearly": 8.24,
            "eps_growth_yearly": 64.05
        },
        "20162": {
            "year_quarter": 20162,
            "year": 2016,
            "quarter": 2,
            "eps": 1.72,
            "eps_growth_year": -3.91,
            "eps_4q": 5.61,
            "eps_4q_growth_year": 26.31,
            "roe": 4.49,
            "roe_4q": 16.07,
            "gross_profit": 225635,
            "gross_margin": 43.18,
            "gross_margin_4q_avg": 39.06,
            "net_income": 131478,
            "revenue": 522605,
            "common_shares": 793115,
            "book_valuer_per_share": 36.97,
            "book_valuer_per_share_4q_avg": 36.62,
            "equity": 2931994,
            "current_ratio": 230.25,
            "debt_ratio": 21.53,
            "inventory_turnover_ratio": 0.59,
            "account_receivable_turnover_ratio": 1.4,
            "reinvestment_rate": 75.74,
            "research_to_sale_ratio": 1.7,
            "price_fair": 158.29,
            "eps_avg_yearly": 4.52,
            "eps_latest_yearly": 6.88,
            "eps_growth_yearly": 69.62
        },
        "20163": {
            "year_quarter": 20163,
            "year": 2016,
            "quarter": 3,
            "eps": 1.19,
            "eps_growth_year": -11.19,
            "eps_4q": 5.59,
            "eps_4q_growth_year": 15.24,
            "roe": 3.16,
            "roe_4q": 15.45,
            "gross_profit": 188809,
            "gross_margin": 39.61,
            "gross_margin_4q_avg": 40.65,
            "net_income": 94429,
            "revenue": 476680,
            "common_shares": 794853,
            "book_valuer_per_share": 38.21,
            "book_valuer_per_share_4q_avg": 37.44,
            "equity": 3037377,
            "current_ratio": 398.08,
            "debt_ratio": 11.67,
            "inventory_turnover_ratio": 0.63,
            "account_receivable_turnover_ratio": 1.33,
            "reinvestment_rate": 70.74,
            "research_to_sale_ratio": 1.79,
            "price_fair": 160.39,
            "eps_avg_yearly": 4.58,
            "eps_latest_yearly": 4.76,
            "eps_growth_yearly": 53.47
        },
        "20164": {
            "year_quarter": 20164,
            "year": 2016,
            "quarter": 4,
            "eps": 0.43,
            "eps_growth_year": -46.49,
            "eps_4q": 5.25,
            "eps_4q_growth_year": 6.93,
            "roe": 1.12,
            "roe_4q": 14.29,
            "gross_profit": 83903,
            "gross_margin": 32.48,
            "gross_margin_4q_avg": 40.14,
            "net_income": 34112,
            "revenue": 258336,
            "common_shares": 794853,
            "book_valuer_per_share": 38.64,
            "book_valuer_per_share_4q_avg": 38.04,
            "equity": 3070921,
            "current_ratio": 356.38,
            "debt_ratio": 13.5,
            "inventory_turnover_ratio": 0.38,
            "account_receivable_turnover_ratio": 0.87,
            "reinvestment_rate": 67.88,
            "research_to_sale_ratio": 2.85,
            "price_fair": 154.26,
            "eps_avg_yearly": 4.41,
            "eps_latest_yearly": 1.72,
            "eps_growth_yearly": 32.77
        },
        "20171": {
            "year_quarter": 20171,
            "year": 2017,
            "quarter": 1,
            "eps": 0.65,
            "eps_growth_year": -68.45,
            "eps_4q": 3.92,
            "eps_4q_growth_year": -31.76,
            "roe": 1.66,
            "roe_4q": 10.43,
            "gross_profit": 100821,
            "gross_margin": 30.69,
            "gross_margin_4q_avg": 36.49,
            "net_income": 51402,
            "revenue": 328549,
            "common_shares": 794853,
            "book_valuer_per_share": 39.29,
            "book_valuer_per_share_4q_avg": 38.28,
            "equity": 3122800,
            "current_ratio": 413.27,
            "debt_ratio": 11.61,
            "inventory_turnover_ratio": 0.46,
            "account_receivable_turnover_ratio": 1.51,
            "reinvestment_rate": 46.44,
            "research_to_sale_ratio": 2.63,
            "price_fair": 150.41,
            "eps_avg_yearly": 4.3,
            "eps_latest_yearly": 2.6,
            "eps_growth_yearly": 46.44
        },
        "20172": {
            "year_quarter": 20172,
            "year": 2017,
            "quarter": 2,
            "eps": 0.5,
            "eps_growth_year": -70.93,
            "eps_4q": 2.76,
            "eps_4q_growth_year": -50.72,
            "roe": 1.33,
            "roe_4q": 7.2700000000000005,
            "gross_profit": 86334,
            "gross_margin": 30.37,
            "gross_margin_4q_avg": 33.29,
            "net_income": 39723,
            "revenue": 284274,
            "common_shares": 794853,
            "book_valuer_per_share": 35.6,
            "book_valuer_per_share_4q_avg": 37.94,
            "equity": 2829311,
            "current_ratio": 226.35,
            "debt_ratio": 21.17,
            "inventory_turnover_ratio": 0.4,
            "account_receivable_turnover_ratio": 1.4,
            "reinvestment_rate": 30.1,
            "research_to_sale_ratio": 2.85,
            "price_fair": 146.48,
            "eps_avg_yearly": 4.19,
            "eps_latest_yearly": 2,
            "eps_growth_yearly": 43.88
        },
        "20173": {
            "year_quarter": 20173,
            "year": 2017,
            "quarter": 3,
            "eps": 0.51,
            "eps_growth_year": -57.14,
            "eps_4q": 2.09,
            "eps_4q_growth_year": -62.64,
            "roe": 1.43,
            "roe_4q": 5.54,
            "gross_profit": 98086,
            "gross_margin": 27.63,
            "gross_margin_4q_avg": 30.29,
            "net_income": 40652,
            "revenue": 355053,
            "common_shares": 794853,
            "book_valuer_per_share": 36.11,
            "book_valuer_per_share_4q_avg": 37.41,
            "equity": 2870203,
            "current_ratio": 363.06,
            "debt_ratio": 11.88,
            "inventory_turnover_ratio": 0.51,
            "account_receivable_turnover_ratio": 1.43,
            "reinvestment_rate": 19.94,
            "research_to_sale_ratio": 2.6,
            "price_fair": 147.26,
            "eps_avg_yearly": 4.21,
            "eps_latest_yearly": 2.04,
            "eps_growth_yearly": 58.33
        },
        "20174": {
            "year_quarter": 20174,
            "year": 2017,
            "quarter": 4,
            "eps": 0.74,
            "eps_growth_year": 73.54,
            "eps_4q": 2.4,
            "eps_4q_growth_year": -54.2,
            "roe": 2.04,
            "roe_4q": 6.46,
            "gross_profit": 110440,
            "gross_margin": 33.15,
            "gross_margin_4q_avg": 30.46,
            "net_income": 59199,
            "revenue": 333174,
            "common_shares": 794853,
            "book_valuer_per_share": 36.86,
            "book_valuer_per_share_4q_avg": 36.97,
            "equity": 2929748,
            "current_ratio": 390.35,
            "debt_ratio": 11.1,
            "inventory_turnover_ratio": 0.46,
            "account_receivable_turnover_ratio": 1.49,
            "reinvestment_rate": 19.53,
            "research_to_sale_ratio": 2.14,
            "price_fair": 148.84,
            "eps_avg_yearly": 4.25,
            "eps_latest_yearly": 2.96,
            "eps_growth_yearly": 61.27
        },
        "20181": {
            "year_quarter": 20181,
            "year": 2018,
            "quarter": 1,
            "eps": 0.77,
            "eps_growth_year": 18.46,
            "eps_4q": 2.52,
            "eps_4q_growth_year": -35.61,
            "roe": 2.06,
            "roe_4q": 6.859999999999999,
            "gross_profit": 131737,
            "gross_margin": 30.95,
            "gross_margin_4q_avg": 30.53,
            "net_income": 60953,
            "revenue": 425646,
            "common_shares": 794853,
            "book_valuer_per_share": 37.64,
            "book_valuer_per_share_4q_avg": 36.55,
            "equity": 2991810,
            "current_ratio": 379.28,
            "debt_ratio": 11.73,
            "inventory_turnover_ratio": 0.63,
            "account_receivable_turnover_ratio": 1.97,
            "reinvestment_rate": 10.53,
            "research_to_sale_ratio": 2.19,
            "price_fair": 147.09,
            "eps_avg_yearly": 4.2,
            "eps_latest_yearly": 3.08,
            "eps_growth_yearly": 43.98
        },
        "20182": {
            "year_quarter": 20182,
            "year": 2018,
            "quarter": 2,
            "eps": 1.88,
            "eps_growth_year": 276,
            "eps_4q": 3.9,
            "eps_4q_growth_year": 41.1,
            "roe": 5,
            "roe_4q": 10.530000000000001,
            "gross_profit": 234621,
            "gross_margin": 44.23,
            "gross_margin_4q_avg": 33.99,
            "net_income": 149138,
            "revenue": 530437,
            "common_shares": 794853,
            "book_valuer_per_share": 37.36,
            "book_valuer_per_share_4q_avg": 36.99,
            "equity": 2969650,
            "current_ratio": 260.1,
            "debt_ratio": 18.38,
            "inventory_turnover_ratio": 0.64,
            "account_receivable_turnover_ratio": 1.64,
            "reinvestment_rate": 1.65,
            "research_to_sale_ratio": 1.8,
            "price_fair": 151.11,
            "eps_avg_yearly": 4.32,
            "eps_latest_yearly": 7.52,
            "eps_growth_yearly": 68.42
        },
        "20183": {
            "year_quarter": 20183,
            "year": 2018,
            "quarter": 3,
            "eps": 1.6,
            "eps_growth_year": 213.73,
            "eps_4q": 4.98,
            "eps_4q_growth_year": 138.82,
            "roe": 4.18,
            "roe_4q": 13.280000000000001,
            "gross_profit": 211587,
            "gross_margin": 40.74,
            "gross_margin_4q_avg": 37.27,
            "net_income": 126881,
            "revenue": 519414,
            "common_shares": 794853,
            "book_valuer_per_share": 39.01,
            "book_valuer_per_share_4q_avg": 37.72,
            "equity": 3100623,
            "current_ratio": 284.52,
            "debt_ratio": 16.16,
            "inventory_turnover_ratio": 0.66,
            "account_receivable_turnover_ratio": 1.35,
            "reinvestment_rate": 6.04,
            "research_to_sale_ratio": 1.77,
            "price_fair": 157.41,
            "eps_avg_yearly": 4.5,
            "eps_latest_yearly": 6.4,
            "eps_growth_yearly": 74.21
        },
        "20184": {
            "year_quarter": 20184,
            "year": 2018,
            "quarter": 4,
            "eps": 1.39,
            "eps_growth_year": 86.26,
            "eps_4q": 5.63,
            "eps_4q_growth_year": 134.18,
            "roe": 3.49,
            "roe_4q": 14.73,
            "gross_profit": 170998,
            "gross_margin": 36.82,
            "gross_margin_4q_avg": 38.19,
            "net_income": 110265,
            "revenue": 464416,
            "common_shares": 794853,
            "book_valuer_per_share": 40.39,
            "book_valuer_per_share_4q_avg": 38.6,
            "equity": 3210231,
            "current_ratio": 306.61,
            "debt_ratio": 15.28,
            "inventory_turnover_ratio": 0.61,
            "account_receivable_turnover_ratio": 1.2,
            "reinvestment_rate": 4.07,
            "research_to_sale_ratio": 1.89,
            "price_fair": 163.63,
            "eps_avg_yearly": 4.68,
            "eps_latest_yearly": 5.56,
            "eps_growth_yearly": 76.61
        },
        "20191": {
            "year_quarter": 20191,
            "year": 2019,
            "quarter": 1,
            "eps": 2.06,
            "eps_growth_year": 167.53,
            "eps_4q": 6.92,
            "eps_4q_growth_year": 174.44,
            "roe": 4.99,
            "roe_4q": 17.66,
            "gross_profit": 265314,
            "gross_margin": 43.95,
            "gross_margin_4q_avg": 41.44,
            "net_income": 164046,
            "revenue": 603687,
            "common_shares": 794853,
            "book_valuer_per_share": 42.36,
            "book_valuer_per_share_4q_avg": 39.78,
            "equity": 3367200,
            "current_ratio": 324.43,
            "debt_ratio": 15.25,
            "inventory_turnover_ratio": 0.66,
            "account_receivable_turnover_ratio": 1.67,
            "reinvestment_rate": 4.26,
            "research_to_sale_ratio": 1.61,
            "price_fair": 170.01,
            "eps_avg_yearly": 4.86,
            "eps_latest_yearly": 8.24,
            "eps_growth_yearly": 64.76
        },
        "20192": {
            "year_quarter": 20192,
            "year": 2019,
            "quarter": 2,
            "eps": 1.98,
            "eps_growth_year": 5.32,
            "eps_4q": 7.03,
            "eps_4q_growth_year": 80.33,
            "roe": 4.81,
            "roe_4q": 17.47,
            "gross_profit": 245234,
            "gross_margin": 40.58,
            "gross_margin_4q_avg": 40.52,
            "net_income": 157729,
            "revenue": 604287,
            "common_shares": 794853,
            "book_valuer_per_share": 40.17,
            "book_valuer_per_share_4q_avg": 40.48,
            "equity": 3193190,
            "current_ratio": 221.61,
            "debt_ratio": 22.84,
            "inventory_turnover_ratio": 0.69,
            "account_receivable_turnover_ratio": 1.52,
            "reinvestment_rate": 3.7,
            "research_to_sale_ratio": 1.62,
            "price_fair": 171.68,
            "eps_avg_yearly": 4.91,
            "eps_latest_yearly": 7.92,
            "eps_growth_yearly": 55.14
        },
        "20193": {
            "year_quarter": 20193,
            "year": 2019,
            "quarter": 3,
            "eps": 2.01,
            "eps_growth_year": 25.62,
            "eps_4q": 7.45,
            "eps_4q_growth_year": 49.4,
            "roe": 4.86,
            "roe_4q": 18.15,
            "gross_profit": 254433,
            "gross_margin": 40.53,
            "gross_margin_4q_avg": 40.47,
            "net_income": 159828,
            "revenue": 627814,
            "common_shares": 794853,
            "book_valuer_per_share": 42.64,
            "book_valuer_per_share_4q_avg": 41.39,
            "equity": 3389585,
            "current_ratio": 336.61,
            "debt_ratio": 14.26,
            "inventory_turnover_ratio": 0.74,
            "account_receivable_turnover_ratio": 1.32,
            "reinvestment_rate": 1.91,
            "research_to_sale_ratio": 1.65,
            "price_fair": 177.54,
            "eps_avg_yearly": 5.07,
            "eps_latest_yearly": 8.04,
            "eps_growth_yearly": 61.81
        },
        "20194": {
            "year_quarter": 20194,
            "year": 2019,
            "quarter": 4,
            "eps": 1.13,
            "eps_growth_year": -18.83,
            "eps_4q": 7.18,
            "eps_4q_growth_year": 27.7,
            "roe": 2.61,
            "roe_4q": 17.270000000000003,
            "gross_profit": 170789,
            "gross_margin": 32.85,
            "gross_margin_4q_avg": 39.48,
            "net_income": 89498,
            "revenue": 519959,
            "common_shares": 794853,
            "book_valuer_per_share": 43.71,
            "book_valuer_per_share_4q_avg": 42.22,
            "equity": 3474640,
            "current_ratio": 331.36,
            "debt_ratio": 14.87,
            "inventory_turnover_ratio": 0.69,
            "account_receivable_turnover_ratio": 1.23,
            "reinvestment_rate": 3.03,
            "research_to_sale_ratio": 1.74,
            "price_fair": 180.43,
            "eps_avg_yearly": 5.16,
            "eps_latest_yearly": 4.52,
            "eps_growth_yearly": 60.94
        },
        "20201": {
            "year_quarter": 20201,
            "year": 2020,
            "quarter": 1,
            "eps": 2.62,
            "eps_growth_year": 27.18,
            "eps_4q": 7.74,
            "eps_4q_growth_year": 11.82,
            "roe": 5.85,
            "roe_4q": 18.13,
            "gross_profit": 358417,
            "gross_margin": 45.7,
            "gross_margin_4q_avg": 39.92,
            "net_income": 208331,
            "revenue": 784328,
            "common_shares": 794853,
            "book_valuer_per_share": 45.9,
            "book_valuer_per_share_4q_avg": 43.11,
            "equity": 3648370,
            "current_ratio": 341.01,
            "debt_ratio": 15.36,
            "inventory_turnover_ratio": 0.9,
            "account_receivable_turnover_ratio": 1.83,
            "reinvestment_rate": 4.58,
            "research_to_sale_ratio": 1.3,
            "price_fair": 185.33,
            "eps_avg_yearly": 5.3,
            "eps_latest_yearly": 10.48,
            "eps_growth_yearly": 54.53
        },
        "20202": {
            "year_quarter": 20202,
            "year": 2020,
            "quarter": 2,
            "eps": 3.04,
            "eps_growth_year": 53.54,
            "eps_4q": 8.8,
            "eps_4q_growth_year": 25.12,
            "roe": 6.82,
            "roe_4q": 20.14,
            "gross_profit": 381473,
            "gross_margin": 52.41,
            "gross_margin_4q_avg": 42.87,
            "net_income": 241670,
            "revenue": 727922,
            "common_shares": 794853,
            "book_valuer_per_share": 43.28,
            "book_valuer_per_share_4q_avg": 43.88,
            "equity": 3439832,
            "current_ratio": 210.78,
            "debt_ratio": 25.85,
            "inventory_turnover_ratio": 0.73,
            "account_receivable_turnover_ratio": 1.46,
            "reinvestment_rate": 3.73,
            "research_to_sale_ratio": 1.46,
            "price_fair": 196.88,
            "eps_avg_yearly": 5.63,
            "eps_latest_yearly": 12.16,
            "eps_growth_yearly": 62.66
        },
        "20203": {
            "year_quarter": 20203,
            "year": 2020,
            "quarter": 3,
            "eps": 2.38,
            "eps_growth_year": 18.41,
            "eps_4q": 9.16,
            "eps_4q_growth_year": 23.07,
            "roe": 5.34,
            "roe_4q": 20.619999999999997,
            "gross_profit": 308429,
            "gross_margin": 45.44,
            "gross_margin_4q_avg": 44.1,
            "net_income": 188916,
            "revenue": 678835,
            "common_shares": 794853,
            "book_valuer_per_share": 45.68,
            "book_valuer_per_share_4q_avg": 44.64,
            "equity": 3631207,
            "current_ratio": 238.88,
            "debt_ratio": 14.53,
            "inventory_turnover_ratio": 0.74,
            "account_receivable_turnover_ratio": 1.44,
            "reinvestment_rate": 38.14,
            "research_to_sale_ratio": 1.78,
            "price_fair": 207.29,
            "eps_avg_yearly": 5.92,
            "eps_latest_yearly": 9.52,
            "eps_growth_yearly": 64.94
        },
        "20204": {
            "year_quarter": 20204,
            "year": 2020,
            "quarter": 4,
            "eps": -3.51,
            "eps_growth_year": -411.51,
            "eps_4q": 4.53,
            "eps_4q_growth_year": -36.94,
            "roe": -8.02,
            "roe_4q": 9.99,
            "gross_profit": 226009,
            "gross_margin": 45.37,
            "gross_margin_4q_avg": 47.23,
            "net_income": -278793,
            "revenue": 498137,
            "common_shares": 794853,
            "book_valuer_per_share": 41.8,
            "book_valuer_per_share_4q_avg": 44.17,
            "equity": 3322222,
            "current_ratio": 170.98,
            "debt_ratio": 27.3,
            "inventory_turnover_ratio": 0.64,
            "account_receivable_turnover_ratio": 1.27,
            "reinvestment_rate": 23.17,
            "research_to_sale_ratio": 2.1,
            "price_fair": 217.09,
            "eps_avg_yearly": 6.2,
            "eps_latest_yearly": 9.52,
            "eps_growth_yearly": 86.29
        },
        "20211": {
            "year_quarter": 20211,
            "year": 2021,
            "quarter": 1,
            "eps": 0.52,
            "eps_growth_year": -80.15,
            "eps_4q": 2.43,
            "eps_4q_growth_year": -68.56,
            "roe": 1.25,
            "roe_4q": 5.390000000000001,
            "gross_profit": 95842,
            "gross_margin": 29.62,
            "gross_margin_4q_avg": 43.21,
            "net_income": 41673,
            "revenue": 323626,
            "common_shares": 794853,
            "book_valuer_per_share": 42.1,
            "book_valuer_per_share_4q_avg": 43.22,
            "equity": 3346409,
            "current_ratio": 180.44,
            "debt_ratio": 24.94,
            "inventory_turnover_ratio": 0.72,
            "account_receivable_turnover_ratio": 1.31,
            "reinvestment_rate": 26.06,
            "research_to_sale_ratio": 2.17,
            "price_fair": 226.1,
            "eps_avg_yearly": 6.46,
            "eps_latest_yearly": 9.52,
            "eps_growth_yearly": 77.84
        },
        "20212": {
            "year_quarter": 20212,
            "year": 2021,
            "quarter": 2,
            "eps": 0.05,
            "eps_growth_year": -98.36,
            "eps_4q": -0.56,
            "eps_4q_growth_year": -106.36,
            "roe": 0.11,
            "roe_4q": -1.3199999999999994,
            "gross_profit": 34594,
            "gross_margin": 19.59,
            "gross_margin_4q_avg": 35.01,
            "net_income": 3751,
            "revenue": 176572,
            "common_shares": 794853,
            "book_valuer_per_share": 42.02,
            "book_valuer_per_share_4q_avg": 42.9,
            "equity": 3340064,
            "current_ratio": 255.48,
            "debt_ratio": 21.48,
            "inventory_turnover_ratio": 0.57,
            "account_receivable_turnover_ratio": 1.21,
            "reinvestment_rate": -7.68,
            "research_to_sale_ratio": 3.96,
            "price_fair": 221.6,
            "eps_avg_yearly": 6.33,
            "eps_latest_yearly": 0.2,
            "eps_growth_yearly": 58.61
        },
        "20213": {
            "year_quarter": 20213,
            "year": 2021,
            "quarter": 3,
            "eps": 0.31,
            "eps_growth_year": -86.97,
            "eps_4q": -2.13,
            "eps_4q_growth_year": -123.28,
            "roe": 0.89,
            "roe_4q": -5.77,
            "gross_profit": 74201,
            "gross_margin": 32.51,
            "gross_margin_4q_avg": 31.77,
            "net_income": 29920,
            "revenue": 228254,
            "common_shares": 953824,
            "book_valuer_per_share": 35.12,
            "book_valuer_per_share_4q_avg": 40.26,
            "equity": 3350135,
            "current_ratio": 225.42,
            "debt_ratio": 21.36,
            "inventory_turnover_ratio": 0.6,
            "account_receivable_turnover_ratio": 1.53,
            "reinvestment_rate": -5.02,
            "research_to_sale_ratio": 3.68,
            "price_fair": 219.6,
            "eps_avg_yearly": 6.27,
            "eps_latest_yearly": 1.24,
            "eps_growth_yearly": 206.61
        },
        "20214": {
            "year_quarter": 20214,
            "year": 2021,
            "quarter": 4,
            "eps": -0.21,
            "eps_growth_year": null,
            "eps_4q": 0.58,
            "eps_4q_growth_year": -87.11,
            "roe": -0.59,
            "roe_4q": 1.6600000000000001,
            "gross_profit": 3452,
            "gross_margin": 2.54,
            "gross_margin_4q_avg": 21.07,
            "net_income": -19648,
            "revenue": 135765,
            "common_shares": 953824,
            "book_valuer_per_share": 34.81,
            "book_valuer_per_share_4q_avg": 38.51,
            "equity": 3320631,
            "current_ratio": 186.82,
            "debt_ratio": 20.75,
            "inventory_turnover_ratio": 0.47,
            "account_receivable_turnover_ratio": 1.11,
            "reinvestment_rate": 22.46,
            "research_to_sale_ratio": 5.84,
            "price_fair": 228.52,
            "eps_avg_yearly": 6.53,
            "eps_latest_yearly": 1.24,
            "eps_growth_yearly": 208.63
        },
        "20221": {
            "year_quarter": 20221,
            "year": 2022,
            "quarter": 1,
            "eps": 0.43,
            "eps_growth_year": -17.31,
            "eps_4q": 0.58,
            "eps_4q_growth_year": -76.22,
            "roe": 1.23,
            "roe_4q": 1.6400000000000001,
            "gross_profit": 55162,
            "gross_margin": 29.34,
            "gross_margin_4q_avg": 21,
            "net_income": 41173,
            "revenue": 188023,
            "common_shares": 953824,
            "book_valuer_per_share": 35.43,
            "book_valuer_per_share_4q_avg": 36.85,
            "equity": 3379653,
            "current_ratio": 160.91,
            "debt_ratio": 23.19,
            "inventory_turnover_ratio": 0.41,
            "account_receivable_turnover_ratio": 1.46,
            "reinvestment_rate": 44.93,
            "research_to_sale_ratio": 4.49,
            "price_fair": 238.58,
            "eps_avg_yearly": 6.82,
            "eps_latest_yearly": 1.24,
            "eps_growth_yearly": 224.66
        },
        "20222": {
            "year_quarter": 20222,
            "year": 2022,
            "quarter": 2,
            "eps": 1.47,
            "eps_growth_year": 2840,
            "eps_4q": 2.01,
            "eps_4q_growth_year": null,
            "roe": 4.07,
            "roe_4q": 5.6000000000000005,
            "gross_profit": 60073,
            "gross_margin": 33.12,
            "gross_margin_4q_avg": 24.38,
            "net_income": 140342,
            "revenue": 181361,
            "common_shares": 953824,
            "book_valuer_per_share": 36.82,
            "book_valuer_per_share_4q_avg": 35.55,
            "equity": 3511953,
            "current_ratio": 170.73,
            "debt_ratio": 23.1,
            "inventory_turnover_ratio": 0.3,
            "account_receivable_turnover_ratio": 1.17,
            "reinvestment_rate": 61.3,
            "research_to_sale_ratio": 5.82,
            "price_fair": 233.8,
            "eps_avg_yearly": 6.68,
            "eps_latest_yearly": 5.88,
            "eps_growth_yearly": 257.23
        },
        "20223": {
            "year_quarter": 20223,
            "year": 2022,
            "quarter": 3,
            "eps": 0.51,
            "eps_growth_year": 64.52,
            "eps_4q": 2.21,
            "eps_4q_growth_year": null,
            "roe": 1.38,
            "roe_4q": 6.09,
            "gross_profit": 93047,
            "gross_margin": 30.55,
            "gross_margin_4q_avg": 23.89,
            "net_income": 48616,
            "revenue": 304589,
            "common_shares": 953824,
            "book_valuer_per_share": 37.3,
            "book_valuer_per_share_4q_avg": 36.09,
            "equity": 3558120,
            "current_ratio": 148.18,
            "debt_ratio": 22.96,
            "inventory_turnover_ratio": 0.48,
            "account_receivable_turnover_ratio": 1.67,
            "reinvestment_rate": 74.36,
            "research_to_sale_ratio": 3.25,
            "price_fair": 221.08,
            "eps_avg_yearly": 6.32,
            "eps_latest_yearly": 2.04,
            "eps_growth_yearly": 240.43
        },
        "20224": {
            "year_quarter": 20224,
            "year": 2022,
            "quarter": 4,
            "eps": 0.82,
            "eps_growth_year": null,
            "eps_4q": 3.24,
            "eps_4q_growth_year": 454.4,
            "roe": 2.19,
            "roe_4q": 8.870000000000001,
            "gross_profit": 82897,
            "gross_margin": 36.72,
            "gross_margin_4q_avg": 32.43,
            "net_income": 78649,
            "revenue": 225765,
            "common_shares": 953824,
            "book_valuer_per_share": 38.05,
            "book_valuer_per_share_4q_avg": 36.9,
            "equity": 3629224,
            "current_ratio": 135.32,
            "debt_ratio": 26.84,
            "inventory_turnover_ratio": 0.3,
            "account_receivable_turnover_ratio": 1.13,
            "reinvestment_rate": 111.93,
            "research_to_sale_ratio": 4.77,
            "price_fair": 214.43,
            "eps_avg_yearly": 6.13,
            "eps_latest_yearly": 3.28,
            "eps_growth_yearly": 265.06
        },
        "20231": {
            "year_quarter": 20231,
            "year": 2023,
            "quarter": 1,
            "eps": 0.67,
            "eps_growth_year": 55.81,
            "eps_4q": 3.47,
            "eps_4q_growth_year": 499.76,
            "roe": 1.73,
            "roe_4q": 9.370000000000001,
            "gross_profit": 123012,
            "gross_margin": 35.99,
            "gross_margin_4q_avg": 34.1,
            "net_income": 63438,
            "revenue": 341779,
            "common_shares": 953824,
            "book_valuer_per_share": 38.68,
            "book_valuer_per_share_4q_avg": 37.71,
            "equity": 3689151,
            "current_ratio": 115.34,
            "debt_ratio": 29.28,
            "inventory_turnover_ratio": 0.42,
            "account_receivable_turnover_ratio": 1.6,
            "reinvestment_rate": 142.95,
            "research_to_sale_ratio": 3.5,
            "price_fair": 198.22,
            "eps_avg_yearly": 5.66,
            "eps_latest_yearly": 2.68,
            "eps_growth_yearly": 242.9
        }
    },
    "months": {
        "2003-12": {
            "month": "2003-12",
            "price": "46.56",
            "revenue": 39540
        },
        "2004-01": {
            "month": "2004-01",
            "price": "40.58",
            "revenue": 34602
        },
        "2004-02": {
            "month": "2004-02",
            "price": "38.60",
            "revenue": 40377
        },
        "2004-03": {
            "month": "2004-03",
            "price": "35.70",
            "revenue": 30278
        },
        "2004-04": {
            "month": "2004-04",
            "price": "32.34",
            "revenue": 30917
        },
        "2004-05": {
            "month": "2004-05",
            "price": "28.97",
            "revenue": 44460
        },
        "2004-06": {
            "month": "2004-06",
            "price": "28.38",
            "revenue": 50410
        },
        "2004-07": {
            "month": "2004-07",
            "price": "26.23",
            "revenue": 31692
        },
        "2004-08": {
            "month": "2004-08",
            "price": "25.06",
            "revenue": 26375
        },
        "2004-09": {
            "month": "2004-09",
            "price": "23.70",
            "revenue": 38161
        },
        "2004-10": {
            "month": "2004-10",
            "price": "21.69",
            "revenue": 34416
        },
        "2004-11": {
            "month": "2004-11",
            "price": "20.80",
            "revenue": 38920
        },
        "2004-12": {
            "month": "2004-12",
            "price": "21.72",
            "revenue": 57270
        },
        "2005-01": {
            "month": "2005-01",
            "price": "21.19",
            "revenue": 45450
        },
        "2005-02": {
            "month": "2005-02",
            "price": "21.37",
            "revenue": 26729
        },
        "2005-03": {
            "month": "2005-03",
            "price": "20.68",
            "revenue": 40786
        },
        "2005-04": {
            "month": "2005-04",
            "price": "19.20",
            "revenue": 38784
        },
        "2005-05": {
            "month": "2005-05",
            "price": "16.60",
            "revenue": 44920
        },
        "2005-06": {
            "month": "2005-06",
            "price": "18.11",
            "revenue": 30449
        },
        "2005-07": {
            "month": "2005-07",
            "price": "17.00",
            "revenue": 42961
        },
        "2005-08": {
            "month": "2005-08",
            "price": "16.21",
            "revenue": 40366
        },
        "2005-09": {
            "month": "2005-09",
            "price": "15.94",
            "revenue": 38222
        },
        "2005-10": {
            "month": "2005-10",
            "price": "17.56",
            "revenue": 27566
        },
        "2005-11": {
            "month": "2005-11",
            "price": "18.49",
            "revenue": 30830
        },
        "2005-12": {
            "month": "2005-12",
            "price": "19.73",
            "revenue": 47047
        },
        "2006-01": {
            "month": "2006-01",
            "price": "18.65",
            "revenue": 40067
        },
        "2006-02": {
            "month": "2006-02",
            "price": "18.23",
            "revenue": 31844
        },
        "2006-03": {
            "month": "2006-03",
            "price": "17.63",
            "revenue": 51740
        },
        "2006-04": {
            "month": "2006-04",
            "price": "17.37",
            "revenue": 32565
        },
        "2006-05": {
            "month": "2006-05",
            "price": "18.58",
            "revenue": 47350
        },
        "2006-06": {
            "month": "2006-06",
            "price": "17.92",
            "revenue": 61694
        },
        "2006-07": {
            "month": "2006-07",
            "price": "17.14",
            "revenue": 39772
        },
        "2006-08": {
            "month": "2006-08",
            "price": "16.93",
            "revenue": 48217
        },
        "2006-09": {
            "month": "2006-09",
            "price": "16.17",
            "revenue": 37730
        },
        "2006-10": {
            "month": "2006-10",
            "price": "16.20",
            "revenue": 49921
        },
        "2006-11": {
            "month": "2006-11",
            "price": "17.16",
            "revenue": 51218
        },
        "2006-12": {
            "month": "2006-12",
            "price": "19.05",
            "revenue": 22819
        },
        "2007-01": {
            "month": "2007-01",
            "price": "20.61",
            "revenue": 51509
        },
        "2007-02": {
            "month": "2007-02",
            "price": "20.83",
            "revenue": 60714
        },
        "2007-03": {
            "month": "2007-03",
            "price": "24.10",
            "revenue": 50366
        },
        "2007-04": {
            "month": "2007-04",
            "price": "27.50",
            "revenue": 42297
        },
        "2007-05": {
            "month": "2007-05",
            "price": "35.60",
            "revenue": 48357
        },
        "2007-06": {
            "month": "2007-06",
            "price": "40.38",
            "revenue": 91577
        },
        "2007-07": {
            "month": "2007-07",
            "price": "64.84",
            "revenue": 60551
        },
        "2007-08": {
            "month": "2007-08",
            "price": "64.98",
            "revenue": 77858
        },
        "2007-09": {
            "month": "2007-09",
            "price": "70.37",
            "revenue": 76429
        },
        "2007-10": {
            "month": "2007-10",
            "price": "69.53",
            "revenue": 40267
        },
        "2007-11": {
            "month": "2007-11",
            "price": "53.21",
            "revenue": 133030
        },
        "2007-12": {
            "month": "2007-12",
            "price": "60.43",
            "revenue": 69909
        },
        "2008-01": {
            "month": "2008-01",
            "price": "55.48",
            "revenue": 102364
        },
        "2008-02": {
            "month": "2008-02",
            "price": "54.19",
            "revenue": 72877
        },
        "2008-03": {
            "month": "2008-03",
            "price": "59.46",
            "revenue": 74765
        },
        "2008-04": {
            "month": "2008-04",
            "price": "73.88",
            "revenue": 80365
        },
        "2008-05": {
            "month": "2008-05",
            "price": "82.67",
            "revenue": 83991
        },
        "2008-06": {
            "month": "2008-06",
            "price": "70.20",
            "revenue": 70213
        },
        "2008-07": {
            "month": "2008-07",
            "price": "72.68",
            "revenue": 62224
        },
        "2008-08": {
            "month": "2008-08",
            "price": "72.80",
            "revenue": 70148
        },
        "2008-09": {
            "month": "2008-09",
            "price": "53.93",
            "revenue": 91108
        },
        "2008-10": {
            "month": "2008-10",
            "price": "49.07",
            "revenue": 90267
        },
        "2008-11": {
            "month": "2008-11",
            "price": "58.42",
            "revenue": 57910
        },
        "2008-12": {
            "month": "2008-12",
            "price": "56.43",
            "revenue": 89187
        },
        "2009-01": {
            "month": "2009-01",
            "price": "57.56",
            "revenue": 76345
        },
        "2009-02": {
            "month": "2009-02",
            "price": "56.18",
            "revenue": 94073
        },
        "2009-03": {
            "month": "2009-03",
            "price": "62.51",
            "revenue": 93823
        },
        "2009-04": {
            "month": "2009-04",
            "price": "79.25",
            "revenue": 77729
        },
        "2009-05": {
            "month": "2009-05",
            "price": "76.64",
            "revenue": 38783
        },
        "2009-06": {
            "month": "2009-06",
            "price": "68.35",
            "revenue": 68341
        },
        "2009-07": {
            "month": "2009-07",
            "price": "80.18",
            "revenue": 78306
        },
        "2009-08": {
            "month": "2009-08",
            "price": "73.91",
            "revenue": 66032
        },
        "2009-09": {
            "month": "2009-09",
            "price": "73.78",
            "revenue": 72935
        },
        "2009-10": {
            "month": "2009-10",
            "price": "71.40",
            "revenue": 93970
        },
        "2009-11": {
            "month": "2009-11",
            "price": "71.53",
            "revenue": 77956
        },
        "2009-12": {
            "month": "2009-12",
            "price": "74.46",
            "revenue": 67444
        },
        "2010-01": {
            "month": "2010-01",
            "price": "70.44",
            "revenue": 61120
        },
        "2010-02": {
            "month": "2010-02",
            "price": "65.19",
            "revenue": 94032
        },
        "2010-03": {
            "month": "2010-03",
            "price": "67.64",
            "revenue": 74861
        },
        "2010-04": {
            "month": "2010-04",
            "price": "68.41",
            "revenue": 80464
        },
        "2010-05": {
            "month": "2010-05",
            "price": "63.85",
            "revenue": 74354
        },
        "2010-06": {
            "month": "2010-06",
            "price": "63.35",
            "revenue": 84747
        },
        "2010-07": {
            "month": "2010-07",
            "price": "67.37",
            "revenue": 72380
        },
        "2010-08": {
            "month": "2010-08",
            "price": "65.80",
            "revenue": 85776
        },
        "2010-09": {
            "month": "2010-09",
            "price": "68.18",
            "revenue": 90801
        },
        "2010-10": {
            "month": "2010-10",
            "price": "71.60",
            "revenue": 78522
        },
        "2010-11": {
            "month": "2010-11",
            "price": "67.16",
            "revenue": 97329
        },
        "2010-12": {
            "month": "2010-12",
            "price": "66.89",
            "revenue": 100292
        },
        "2011-01": {
            "month": "2011-01",
            "price": "66.28",
            "revenue": 97823
        },
        "2011-02": {
            "month": "2011-02",
            "price": "65.84",
            "revenue": 93519
        },
        "2011-03": {
            "month": "2011-03",
            "price": "63.80",
            "revenue": 75153
        },
        "2011-04": {
            "month": "2011-04",
            "price": "64.68",
            "revenue": 75579
        },
        "2011-05": {
            "month": "2011-05",
            "price": "69.28",
            "revenue": 90287
        },
        "2011-06": {
            "month": "2011-06",
            "price": "68.24",
            "revenue": 81327
        },
        "2011-07": {
            "month": "2011-07",
            "price": "69.48",
            "revenue": 80364
        },
        "2011-08": {
            "month": "2011-08",
            "price": "56.29",
            "revenue": 84244
        },
        "2011-09": {
            "month": "2011-09",
            "price": "52.82",
            "revenue": 87948
        },
        "2011-10": {
            "month": "2011-10",
            "price": "52.81",
            "revenue": 100183
        },
        "2011-11": {
            "month": "2011-11",
            "price": "52.34",
            "revenue": 73026
        },
        "2011-12": {
            "month": "2011-12",
            "price": "49.26",
            "revenue": 98399
        },
        "2012-01": {
            "month": "2012-01",
            "price": "49.61",
            "revenue": 146811
        },
        "2012-02": {
            "month": "2012-02",
            "price": "60.10",
            "revenue": 105520
        },
        "2012-03": {
            "month": "2012-03",
            "price": "59.16",
            "revenue": 106015
        },
        "2012-04": {
            "month": "2012-04",
            "price": "53.86",
            "revenue": 93777
        },
        "2012-05": {
            "month": "2012-05",
            "price": "53.95",
            "revenue": 108718
        },
        "2012-06": {
            "month": "2012-06",
            "price": "53.01",
            "revenue": 79168
        },
        "2012-07": {
            "month": "2012-07",
            "price": "53.49",
            "revenue": 103920
        },
        "2012-08": {
            "month": "2012-08",
            "price": "53.90",
            "revenue": 104965
        },
        "2012-09": {
            "month": "2012-09",
            "price": "55.98",
            "revenue": 104333
        },
        "2012-10": {
            "month": "2012-10",
            "price": "64.69",
            "revenue": 128658
        },
        "2012-11": {
            "month": "2012-11",
            "price": "66.53",
            "revenue": 105611
        },
        "2012-12": {
            "month": "2012-12",
            "price": "73.08",
            "revenue": 75075
        },
        "2013-01": {
            "month": "2013-01",
            "price": "69.11",
            "revenue": 100713
        },
        "2013-02": {
            "month": "2013-02",
            "price": "69.45",
            "revenue": 101758
        },
        "2013-03": {
            "month": "2013-03",
            "price": "75.69",
            "revenue": 134452
        },
        "2013-04": {
            "month": "2013-04",
            "price": "72.28",
            "revenue": 95996
        },
        "2013-05": {
            "month": "2013-05",
            "price": "71.21",
            "revenue": 123951
        },
        "2013-06": {
            "month": "2013-06",
            "price": "70.06",
            "revenue": 87146
        },
        "2013-07": {
            "month": "2013-07",
            "price": "71.01",
            "revenue": 113220
        },
        "2013-08": {
            "month": "2013-08",
            "price": "71.49",
            "revenue": 143846
        },
        "2013-09": {
            "month": "2013-09",
            "price": "73.20",
            "revenue": 89765
        },
        "2013-10": {
            "month": "2013-10",
            "price": "70.96",
            "revenue": 99913
        },
        "2013-11": {
            "month": "2013-11",
            "price": "63.25",
            "revenue": 99620
        },
        "2013-12": {
            "month": "2013-12",
            "price": "60.90",
            "revenue": 102352
        },
        "2014-01": {
            "month": "2014-01",
            "price": "60.71",
            "revenue": 139000
        },
        "2014-02": {
            "month": "2014-02",
            "price": "63.59",
            "revenue": 119462
        },
        "2014-03": {
            "month": "2014-03",
            "price": "66.45",
            "revenue": 116112
        },
        "2014-04": {
            "month": "2014-04",
            "price": "66.50",
            "revenue": 143603
        },
        "2014-05": {
            "month": "2014-05",
            "price": "69.30",
            "revenue": 164897
        },
        "2014-06": {
            "month": "2014-06",
            "price": "73.08",
            "revenue": 107940
        },
        "2014-07": {
            "month": "2014-07",
            "price": "71.95",
            "revenue": 129359
        },
        "2014-08": {
            "month": "2014-08",
            "price": "66.02",
            "revenue": 122105
        },
        "2014-09": {
            "month": "2014-09",
            "price": "65.27",
            "revenue": 115921
        },
        "2014-10": {
            "month": "2014-10",
            "price": "61.45",
            "revenue": 139219
        },
        "2014-11": {
            "month": "2014-11",
            "price": "59.60",
            "revenue": 100964
        },
        "2014-12": {
            "month": "2014-12",
            "price": "61.60",
            "revenue": 93279
        },
        "2015-01": {
            "month": "2015-01",
            "price": "61.30",
            "revenue": 176262
        },
        "2015-02": {
            "month": "2015-02",
            "price": "63.60",
            "revenue": 160291
        },
        "2015-03": {
            "month": "2015-03",
            "price": "67.95",
            "revenue": 106512
        },
        "2015-04": {
            "month": "2015-04",
            "price": "67.03",
            "revenue": 181734
        },
        "2015-05": {
            "month": "2015-05",
            "price": "69.17",
            "revenue": 169403
        },
        "2015-06": {
            "month": "2015-06",
            "price": "74.88",
            "revenue": 228506
        },
        "2015-07": {
            "month": "2015-07",
            "price": "81.52",
            "revenue": 140235
        },
        "2015-08": {
            "month": "2015-08",
            "price": "75.83",
            "revenue": 117896
        },
        "2015-09": {
            "month": "2015-09",
            "price": "72.14",
            "revenue": 180375
        },
        "2015-10": {
            "month": "2015-10",
            "price": "77.43",
            "revenue": 198031
        },
        "2015-11": {
            "month": "2015-11",
            "price": "89.11",
            "revenue": 112938
        },
        "2015-12": {
            "month": "2015-12",
            "price": "94.03",
            "revenue": 38317
        },
        "2016-01": {
            "month": "2016-01",
            "price": "77.23",
            "revenue": 183847
        },
        "2016-02": {
            "month": "2016-02",
            "price": "76.41",
            "revenue": 204590
        },
        "2016-03": {
            "month": "2016-03",
            "price": "79.48",
            "revenue": 257042
        },
        "2016-04": {
            "month": "2016-04",
            "price": "83.95",
            "revenue": 177598
        },
        "2016-05": {
            "month": "2016-05",
            "price": "82.46",
            "revenue": 172889
        },
        "2016-06": {
            "month": "2016-06",
            "price": "90.98",
            "revenue": 172118
        },
        "2016-07": {
            "month": "2016-07",
            "price": "94.33",
            "revenue": 157461
        },
        "2016-08": {
            "month": "2016-08",
            "price": "85.40",
            "revenue": 159378
        },
        "2016-09": {
            "month": "2016-09",
            "price": "86.84",
            "revenue": 159840
        },
        "2016-10": {
            "month": "2016-10",
            "price": "83.86",
            "revenue": 62347
        },
        "2016-11": {
            "month": "2016-11",
            "price": "74.24",
            "revenue": 149614
        },
        "2016-12": {
            "month": "2016-12",
            "price": "74.04",
            "revenue": 46376
        },
        "2017-01": {
            "month": "2017-01",
            "price": "73.70",
            "revenue": 134321
        },
        "2017-02": {
            "month": "2017-02",
            "price": "75.28",
            "revenue": 101466
        },
        "2017-03": {
            "month": "2017-03",
            "price": "76.94",
            "revenue": 92761
        },
        "2017-04": {
            "month": "2017-04",
            "price": "73.84",
            "revenue": 82089
        },
        "2017-05": {
            "month": "2017-05",
            "price": "70.08",
            "revenue": 101090
        },
        "2017-06": {
            "month": "2017-06",
            "price": "70.53",
            "revenue": 101095
        },
        "2017-07": {
            "month": "2017-07",
            "price": "69.40",
            "revenue": 71005
        },
        "2017-08": {
            "month": "2017-08",
            "price": "61.65",
            "revenue": 132091
        },
        "2017-09": {
            "month": "2017-09",
            "price": "61.93",
            "revenue": 151957
        },
        "2017-10": {
            "month": "2017-10",
            "price": "60.37",
            "revenue": 111757
        },
        "2017-11": {
            "month": "2017-11",
            "price": "59.82",
            "revenue": 78931
        },
        "2017-12": {
            "month": "2017-12",
            "price": "57.86",
            "revenue": 142486
        },
        "2018-01": {
            "month": "2018-01",
            "price": "60.19",
            "revenue": 177700
        },
        "2018-02": {
            "month": "2018-02",
            "price": "58.11",
            "revenue": 162898
        },
        "2018-03": {
            "month": "2018-03",
            "price": "62.89",
            "revenue": 85048
        },
        "2018-04": {
            "month": "2018-04",
            "price": "63.19",
            "revenue": 151153
        },
        "2018-05": {
            "month": "2018-05",
            "price": "62.16",
            "revenue": 187539
        },
        "2018-06": {
            "month": "2018-06",
            "price": "65.26",
            "revenue": 191746
        },
        "2018-07": {
            "month": "2018-07",
            "price": "68.46",
            "revenue": 161296
        },
        "2018-08": {
            "month": "2018-08",
            "price": "71.10",
            "revenue": 163212
        },
        "2018-09": {
            "month": "2018-09",
            "price": "84.21",
            "revenue": 194905
        },
        "2018-10": {
            "month": "2018-10",
            "price": "78.95",
            "revenue": 158277
        },
        "2018-11": {
            "month": "2018-11",
            "price": "69.05",
            "revenue": 173603
        },
        "2018-12": {
            "month": "2018-12",
            "price": "70.82",
            "revenue": 132536
        },
        "2019-01": {
            "month": "2019-01",
            "price": "75.47",
            "revenue": 208323
        },
        "2019-02": {
            "month": "2019-02",
            "price": "78.15",
            "revenue": 218684
        },
        "2019-03": {
            "month": "2019-03",
            "price": "92.08",
            "revenue": 176680
        },
        "2019-04": {
            "month": "2019-04",
            "price": "91.00",
            "revenue": 201902
        },
        "2019-05": {
            "month": "2019-05",
            "price": "94.04",
            "revenue": 213158
        },
        "2019-06": {
            "month": "2019-06",
            "price": "92.88",
            "revenue": 189228
        },
        "2019-07": {
            "month": "2019-07",
            "price": "102.80",
            "revenue": 216006
        },
        "2019-08": {
            "month": "2019-08",
            "price": "97.10",
            "revenue": 209737
        },
        "2019-09": {
            "month": "2019-09",
            "price": "99.75",
            "revenue": 202072
        },
        "2019-10": {
            "month": "2019-10",
            "price": "105.69",
            "revenue": 179896
        },
        "2019-11": {
            "month": "2019-11",
            "price": "109.21",
            "revenue": 193285
        },
        "2019-12": {
            "month": "2019-12",
            "price": "108.00",
            "revenue": 146778
        },
        "2020-01": {
            "month": "2020-01",
            "price": "103.50",
            "revenue": 303367
        },
        "2020-02": {
            "month": "2020-02",
            "price": "113.32",
            "revenue": 237366
        },
        "2020-03": {
            "month": "2020-03",
            "price": "115.99",
            "revenue": 243595
        },
        "2020-04": {
            "month": "2020-04",
            "price": "135.82",
            "revenue": 274608
        },
        "2020-05": {
            "month": "2020-05",
            "price": "139.70",
            "revenue": 284084
        },
        "2020-06": {
            "month": "2020-06",
            "price": "141.62",
            "revenue": 169230
        },
        "2020-07": {
            "month": "2020-07",
            "price": "127.76",
            "revenue": 288249
        },
        "2020-08": {
            "month": "2020-08",
            "price": "125.60",
            "revenue": 200510
        },
        "2020-09": {
            "month": "2020-09",
            "price": "124.09",
            "revenue": 190075
        },
        "2020-10": {
            "month": "2020-10",
            "price": "118.84",
            "revenue": 205214
        },
        "2020-11": {
            "month": "2020-11",
            "price": "122.31",
            "revenue": 214425
        },
        "2020-12": {
            "month": "2020-12",
            "price": "111.64",
            "revenue": 78498
        },
        "2021-01": {
            "month": "2021-01",
            "price": "92.42",
            "revenue": 127066
        },
        "2021-02": {
            "month": "2021-02",
            "price": "92.04",
            "revenue": 117932
        },
        "2021-03": {
            "month": "2021-03",
            "price": "93.40",
            "revenue": 78628
        },
        "2021-04": {
            "month": "2021-04",
            "price": "91.88",
            "revenue": 46551
        },
        "2021-05": {
            "month": "2021-05",
            "price": "85.43",
            "revenue": 67778
        },
        "2021-06": {
            "month": "2021-06",
            "price": "88.35",
            "revenue": 62243
        },
        "2021-07": {
            "month": "2021-07",
            "price": "89.28",
            "revenue": 92919
        },
        "2021-08": {
            "month": "2021-08",
            "price": "88.93",
            "revenue": 65351
        },
        "2021-09": {
            "month": "2021-09",
            "price": "82.74",
            "revenue": 69984
        },
        "2021-10": {
            "month": "2021-10",
            "price": "78.20",
            "revenue": 47590
        },
        "2021-11": {
            "month": "2021-11",
            "price": "78.08",
            "revenue": 48764
        },
        "2021-12": {
            "month": "2021-12",
            "price": "80.20",
            "revenue": 39412
        },
        "2022-01": {
            "month": "2022-01",
            "price": "83.45",
            "revenue": 63422
        },
        "2022-02": {
            "month": "2022-02",
            "price": "88.02",
            "revenue": 26959
        },
        "2022-03": {
            "month": "2022-03",
            "price": "86.73",
            "revenue": 97642
        },
        "2022-04": {
            "month": "2022-04",
            "price": "84.22",
            "revenue": 48043
        },
        "2022-05": {
            "month": "2022-05",
            "price": "82.41",
            "revenue": 72396
        },
        "2022-06": {
            "month": "2022-06",
            "price": "82.65",
            "revenue": 60923
        },
        "2022-07": {
            "month": "2022-07",
            "price": "80.50",
            "revenue": 49649
        },
        "2022-08": {
            "month": "2022-08",
            "price": "84.15",
            "revenue": 124845
        },
        "2022-09": {
            "month": "2022-09",
            "price": "89.22",
            "revenue": 130095
        },
        "2022-10": {
            "month": "2022-10",
            "price": "87.50",
            "revenue": 76411
        },
        "2022-11": {
            "month": "2022-11",
            "price": "90.74",
            "revenue": 60770
        },
        "2022-12": {
            "month": "2022-12",
            "price": "95.84",
            "revenue": 88585
        },
        "2023-01": {
            "month": "2023-01",
            "price": "96.07",
            "revenue": 90784
        },
        "2023-02": {
            "month": "2023-02",
            "price": "102.76",
            "revenue": 107645
        },
        "2023-03": {
            "month": "2023-03",
            "price": "113.52",
            "revenue": 143350
        },
        "2023-04": {
            "month": "2023-04",
            "price": "125.91",
            "revenue": 125987
        }
    }
}
