{
    "summary": {
        "stock_name": "友華",
        "stock_id": "4120",
        "category": "生技醫療",
        "main_business": "西藥、醫療器材及乳製品、化妝品、食品等<br>之批發買賣、代理經銷、製造及進出口",
        "website_url": "http://www.oep.com.tw",
        "ceo": "蔡孟霖",
        "pe_ratio": -11,
        "report_year_from": 2001,
        "report_year_to": 2023,
        "age": 22,
        "eps_negative_percentage": 5,
        "eps_growth_avg": {
            "last_all": 4.98,
            "last_2y": -53.05,
            "last_4y": -40.95,
            "last_8y": -17.27,
            "last_12y": -6.23,
            "last_16y": -1.9,
            "last_20y": null,
            "at_2006_last_3y": null,
            "at_2007_last_3y": 36.33,
            "at_2008_last_3y": 29.71,
            "at_2009_last_3y": 12.2,
            "at_2010_last_3y": 6.09,
            "at_2011_last_3y": -6.92,
            "at_2012_last_3y": -5.55,
            "at_2013_last_3y": 18.61,
            "at_2014_last_3y": 7.54,
            "at_2015_last_3y": 21.02,
            "at_2016_last_3y": 37.93,
            "at_2017_last_3y": 12.33,
            "at_2018_last_3y": 16.02,
            "at_2019_last_3y": 13,
            "at_2020_last_3y": -16.9,
            "at_2021_last_3y": -26.19,
            "at_2022_last_3y": -39.61,
            "at_2023_last_3y": -39.61,
            "at_2006_last_all": 44.83,
            "at_2007_last_all": 36.33,
            "at_2008_last_all": 34.45,
            "at_2009_last_all": 29.27,
            "at_2010_last_all": 22.69,
            "at_2011_last_all": 14.71,
            "at_2012_last_all": 16.67,
            "at_2013_last_all": 25,
            "at_2014_last_all": 17.18,
            "at_2015_last_all": 16.81,
            "at_2016_last_all": 23.21,
            "at_2017_last_all": 21.38,
            "at_2018_last_all": 16.87,
            "at_2019_last_all": 15.86,
            "at_2020_last_all": 13.77,
            "at_2021_last_all": 10.81,
            "at_2022_last_all": 4.98,
            "at_2023_last_all": 4.98
        },
        "latest_eps": -3.53,
        "latest_price": 38.6,
        "latest_roe": -7.98,
        "latest_gross_margin": 45.52,
        "latest_equity": 3706320,
        "latest_revenue": 1150831,
        "latest_gross_profit": 523853,
        "latest_net_income": 30808,
        "latest_debt_ratio": 65.33,
        "latest_current_ratio": 112.84,
        "latest_account_receivable_turnover_ratio": 1.61,
        "latest_inventory_turnover_ratio": 0.5,
        "latest_reinvestment_rate": 824.11,
        "latest_research_to_sale_ratio": 1.98
    },
    "eps_dividends": {
        "2001": {
            "cash": 0,
            "stock": 4,
            "eps": 0
        },
        "2002": {
            "cash": 0,
            "stock": 1,
            "eps": 0
        },
        "2003": {
            "cash": 0,
            "stock": 0,
            "eps": 1.03
        },
        "2004": {
            "cash": 0,
            "stock": 0,
            "eps": 1.58
        },
        "2005": {
            "cash": 1,
            "stock": 0,
            "eps": 2.74
        },
        "2006": {
            "cash": 1,
            "stock": 0,
            "eps": 2.95
        },
        "2007": {
            "cash": 0,
            "stock": 1,
            "eps": 3.27
        },
        "2008": {
            "cash": 1,
            "stock": 1,
            "eps": 4.15
        },
        "2009": {
            "cash": 0,
            "stock": 1,
            "eps": 4.29
        },
        "2010": {
            "cash": 1,
            "stock": 2,
            "eps": 3.57
        },
        "2011": {
            "cash": 1,
            "stock": 0,
            "eps": 2.1
        },
        "2012": {
            "cash": 1,
            "stock": 0,
            "eps": 2.78
        },
        "2013": {
            "cash": 2,
            "stock": 0,
            "eps": 5.83
        },
        "2014": {
            "cash": 2,
            "stock": 0,
            "eps": 2.27
        },
        "2015": {
            "cash": 2,
            "stock": 0,
            "eps": 2.56
        },
        "2016": {
            "cash": 2,
            "stock": 0,
            "eps": 5.42
        },
        "2017": {
            "cash": 2,
            "stock": 0,
            "eps": 5.29
        },
        "2018": {
            "cash": 3,
            "stock": 0,
            "eps": 2.84
        },
        "2019": {
            "cash": 2,
            "stock": 0,
            "eps": 2.86
        },
        "2020": {
            "cash": 2,
            "stock": 0,
            "eps": 2.3
        },
        "2021": {
            "cash": 2,
            "stock": 0,
            "eps": 1.39
        },
        "2022": {
            "cash": 1,
            "stock": 0,
            "eps": -3.58
        },
        "2023": {
            "cash": 0,
            "stock": 0,
            "eps": 0.32
        }
    },
    "dividends": {
        "2001-04-09": {
            "cash": 0,
            "stock": 3.58
        },
        "2002-03-01": {
            "cash": 0.2,
            "stock": 0.6
        },
        "2003-06-16": {
            "cash": 0,
            "stock": 0.05
        },
        "2004-03-15": {
            "cash": 0.2,
            "stock": 0.3
        },
        "2005-03-17": {
            "cash": 0.5,
            "stock": 0.1
        },
        "2006-03-22": {
            "cash": 1,
            "stock": 0.3
        },
        "2007-04-19": {
            "cash": 0.3,
            "stock": 0.99
        },
        "2008-03-12": {
            "cash": 0.6,
            "stock": 1
        },
        "2009-02-27": {
            "cash": 0.47,
            "stock": 1.42
        },
        "2010-04-07": {
            "cash": 0.5,
            "stock": 1.6
        },
        "2011-02-23": {
            "cash": 0.7,
            "stock": 0
        },
        "2012-06-13": {
            "cash": 1.2,
            "stock": 0
        },
        "2013-06-18": {
            "cash": 1.9,
            "stock": 0
        },
        "2014-06-19": {
            "cash": 1.67,
            "stock": 0
        },
        "2015-07-31": {
            "cash": 1.6,
            "stock": 0
        },
        "2016-07-08": {
            "cash": 1.8,
            "stock": 0
        },
        "2017-07-07": {
            "cash": 1.8,
            "stock": 0
        },
        "2018-07-25": {
            "cash": 2.5,
            "stock": 0
        },
        "2019-07-25": {
            "cash": 1.8,
            "stock": 0
        },
        "2020-07-17": {
            "cash": 1.8,
            "stock": 0
        },
        "2021-09-30": {
            "cash": 1.5,
            "stock": 0
        },
        "2022-08-05": {
            "cash": 0.85,
            "stock": 0
        }
    },
    "prices": {
        "200101": "無",
        "200102": "無",
        "200103": "無",
        "200104": "無",
        "200105": "無",
        "200106": "無",
        "200107": "無",
        "200108": "無",
        "200109": "無",
        "200110": "無",
        "200111": "無",
        "200112": "無",
        "200201": "無",
        "200202": "無",
        "200203": "無",
        "200204": "無",
        "200205": "無",
        "200206": "無",
        "200207": "無",
        "200208": "無",
        "200209": "無",
        "200210": "無",
        "200211": "無",
        "200212": "無",
        "200301": "無",
        "200302": "無",
        "200303": "無",
        "200304": "無",
        "200305": "無",
        "200306": "無",
        "200307": "無",
        "200308": "無",
        "200309": "26.00",
        "200310": "26.11",
        "200311": "19.50",
        "200312": "19.57",
        "200401": "19.29",
        "200402": "20.01",
        "200403": "19.00",
        "200404": "17.80",
        "200405": "14.86",
        "200406": "14.12",
        "200407": "11.62",
        "200408": "10.48",
        "200409": "10.98",
        "200410": "14.26",
        "200411": "16.90",
        "200412": "15.73",
        "200501": "14.96",
        "200502": "16.40",
        "200503": "15.70",
        "200504": "14.87",
        "200505": "15.78",
        "200506": "16.28",
        "200507": "17.12",
        "200508": "17.48",
        "200509": "18.69",
        "200510": "19.10",
        "200511": "18.74",
        "200512": "18.52",
        "200601": "19.15",
        "200602": "19.73",
        "200603": "19.41",
        "200604": "20.02",
        "200605": "23.43",
        "200606": "22.52",
        "200607": "22.41",
        "200608": "21.57",
        "200609": "21.27",
        "200610": "22.12",
        "200611": "23.18",
        "200612": "27.04",
        "200701": "31.21",
        "200702": "31.72",
        "200703": "32.68",
        "200704": "35.78",
        "200705": "51.07",
        "200706": "57.38",
        "200707": "67.20",
        "200708": "59.91",
        "200709": "53.43",
        "200710": "43.60",
        "200711": "38.26",
        "200712": "36.51",
        "200801": "36.51",
        "200802": "40.19",
        "200803": "41.02",
        "200804": "46.75",
        "200805": "64.28",
        "200806": "56.80",
        "200807": "48.29",
        "200808": "47.98",
        "200809": "42.84",
        "200810": "43.67",
        "200811": "46.20",
        "200812": "44.86",
        "200901": "45.39",
        "200902": "44.41",
        "200903": "47.70",
        "200904": "57.41",
        "200905": "56.90",
        "200906": "56.12",
        "200907": "69.68",
        "200908": "62.44",
        "200909": "61.17",
        "200910": "62.69",
        "200911": "60.30",
        "200912": "61.83",
        "201001": "58.31",
        "201002": "50.49",
        "201003": "56.22",
        "201004": "57.13",
        "201005": "52.56",
        "201006": "53.91",
        "201007": "55.24",
        "201008": "51.54",
        "201009": "53.89",
        "201010": "59.75",
        "201011": "56.91",
        "201012": "56.08",
        "201101": "52.70",
        "201102": "50.79",
        "201103": "45.06",
        "201104": "46.12",
        "201105": "51.19",
        "201106": "47.16",
        "201107": "48.43",
        "201108": "41.65",
        "201109": "41.98",
        "201110": "40.19",
        "201111": "37.78",
        "201112": "32.70",
        "201201": "34.98",
        "201202": "46.16",
        "201203": "42.49",
        "201204": "37.78",
        "201205": "41.84",
        "201206": "41.26",
        "201207": "42.01",
        "201208": "43.91",
        "201209": "41.65",
        "201210": "44.54",
        "201211": "43.72",
        "201212": "47.21",
        "201301": "56.23",
        "201302": "61.41",
        "201303": "61.15",
        "201304": "60.28",
        "201305": "64.02",
        "201306": "71.38",
        "201307": "81.60",
        "201308": "98.03",
        "201309": "99.82",
        "201310": "98.61",
        "201311": "91.36",
        "201312": "86.98",
        "201401": "81.94",
        "201402": "83.21",
        "201403": "84.59",
        "201404": "78.15",
        "201405": "79.07",
        "201406": "84.72",
        "201407": "92.13",
        "201408": "78.47",
        "201409": "78.47",
        "201410": "73.42",
        "201411": "67.54",
        "201412": "69.91",
        "201501": "67.58",
        "201502": "66.36",
        "201503": "65.64",
        "201504": "63.31",
        "201505": "62.70",
        "201506": "62.65",
        "201507": "61.35",
        "201508": "48.75",
        "201509": "50.37",
        "201510": "53.44",
        "201511": "59.26",
        "201512": "60.38",
        "201601": "53.30",
        "201602": "53.42",
        "201603": "52.66",
        "201604": "52.02",
        "201605": "51.76",
        "201606": "54.03",
        "201607": "64.02",
        "201608": "61.56",
        "201609": "60.73",
        "201610": "58.76",
        "201611": "57.72",
        "201612": "61.56",
        "201701": "60.90",
        "201702": "62.60",
        "201703": "74.09",
        "201704": "73.02",
        "201705": "72.97",
        "201706": "73.70",
        "201707": "68.41",
        "201708": "68.64",
        "201709": "71.17",
        "201710": "69.79",
        "201711": "77.76",
        "201712": "81.95",
        "201801": "80.97",
        "201802": "76.32",
        "201803": "74.99",
        "201804": "73.03",
        "201805": "70.94",
        "201806": "71.02",
        "201807": "68.20",
        "201808": "63.10",
        "201809": "55.65",
        "201810": "52.63",
        "201811": "51.23",
        "201812": "52.29",
        "201901": "53.19",
        "201902": "56.39",
        "201903": "58.74",
        "201904": "58.06",
        "201905": "60.73",
        "201906": "61.14",
        "201907": "61.44",
        "201908": "58.26",
        "201909": "57.55",
        "201910": "55.89",
        "201911": "55.56",
        "201912": "55.85",
        "202001": "53.96",
        "202002": "51.71",
        "202003": "43.43",
        "202004": "41.44",
        "202005": "47.35",
        "202006": "50.19",
        "202007": "53.81",
        "202008": "55.90",
        "202009": "52.83",
        "202010": "50.97",
        "202011": "50.35",
        "202012": "48.97",
        "202101": "47.24",
        "202102": "46.49",
        "202103": "45.81",
        "202104": "47.21",
        "202105": "43.29",
        "202106": "43.92",
        "202107": "42.41",
        "202108": "39.92",
        "202109": "39.89",
        "202110": "40.08",
        "202111": "39.63",
        "202112": "37.00",
        "202201": "34.16",
        "202202": "34.41",
        "202203": "35.75",
        "202204": "36.77",
        "202205": "34.58",
        "202206": "34.22",
        "202207": "33.84",
        "202208": "34.17",
        "202209": "36.50",
        "202210": "35.46",
        "202211": "35.79",
        "202212": "36.72",
        "202301": "35.77",
        "202302": "36.22",
        "202303": "36.27",
        "202304": "37.06",
        "202305": "37.52"
    },
    "quarters": {
        "20011": {
            "year_quarter": 20011,
            "year": 2001,
            "quarter": 1,
            "eps": null,
            "eps_growth_year": null,
            "eps_4q": null,
            "eps_4q_growth_year": null,
            "roe": null,
            "roe_4q": 0,
            "gross_profit": null,
            "gross_margin": null,
            "gross_margin_4q_avg": 0,
            "net_income": null,
            "revenue": null,
            "common_shares": null,
            "book_valuer_per_share": null,
            "book_valuer_per_share_4q_avg": 0,
            "equity": null,
            "current_ratio": null,
            "debt_ratio": null,
            "inventory_turnover_ratio": null,
            "account_receivable_turnover_ratio": null,
            "reinvestment_rate": null,
            "research_to_sale_ratio": null,
            "price_fair": 0,
            "eps_avg_yearly": 0,
            "eps_latest_yearly": 0,
            "eps_growth_yearly": 0
        },
        "20012": {
            "year_quarter": 20012,
            "year": 2001,
            "quarter": 2,
            "eps": null,
            "eps_growth_year": null,
            "eps_4q": null,
            "eps_4q_growth_year": null,
            "roe": null,
            "roe_4q": 0,
            "gross_profit": null,
            "gross_margin": null,
            "gross_margin_4q_avg": 0,
            "net_income": null,
            "revenue": null,
            "common_shares": null,
            "book_valuer_per_share": null,
            "book_valuer_per_share_4q_avg": 0,
            "equity": null,
            "current_ratio": null,
            "debt_ratio": null,
            "inventory_turnover_ratio": null,
            "account_receivable_turnover_ratio": null,
            "reinvestment_rate": null,
            "research_to_sale_ratio": null,
            "price_fair": 0,
            "eps_avg_yearly": 0,
            "eps_latest_yearly": 0,
            "eps_growth_yearly": 0
        },
        "20013": {
            "year_quarter": 20013,
            "year": 2001,
            "quarter": 3,
            "eps": null,
            "eps_growth_year": null,
            "eps_4q": null,
            "eps_4q_growth_year": null,
            "roe": null,
            "roe_4q": 0,
            "gross_profit": null,
            "gross_margin": null,
            "gross_margin_4q_avg": 0,
            "net_income": null,
            "revenue": null,
            "common_shares": null,
            "book_valuer_per_share": null,
            "book_valuer_per_share_4q_avg": 0,
            "equity": null,
            "current_ratio": null,
            "debt_ratio": null,
            "inventory_turnover_ratio": null,
            "account_receivable_turnover_ratio": null,
            "reinvestment_rate": null,
            "research_to_sale_ratio": null,
            "price_fair": 0,
            "eps_avg_yearly": 0,
            "eps_latest_yearly": 0,
            "eps_growth_yearly": 0
        },
        "20014": {
            "year_quarter": 20014,
            "year": 2001,
            "quarter": 4,
            "eps": null,
            "eps_growth_year": null,
            "eps_4q": null,
            "eps_4q_growth_year": null,
            "roe": null,
            "roe_4q": 0,
            "gross_profit": null,
            "gross_margin": null,
            "gross_margin_4q_avg": 0,
            "net_income": null,
            "revenue": null,
            "common_shares": 320000,
            "book_valuer_per_share": 12.21,
            "book_valuer_per_share_4q_avg": 3.05,
            "equity": 390677,
            "current_ratio": 129.4,
            "debt_ratio": 70.1,
            "inventory_turnover_ratio": null,
            "account_receivable_turnover_ratio": null,
            "reinvestment_rate": null,
            "research_to_sale_ratio": null,
            "price_fair": 0,
            "eps_avg_yearly": 0,
            "eps_latest_yearly": 0,
            "eps_growth_yearly": 0
        },
        "20021": {
            "year_quarter": 20021,
            "year": 2002,
            "quarter": 1,
            "eps": null,
            "eps_growth_year": null,
            "eps_4q": null,
            "eps_4q_growth_year": null,
            "roe": null,
            "roe_4q": 0,
            "gross_profit": null,
            "gross_margin": null,
            "gross_margin_4q_avg": 0,
            "net_income": null,
            "revenue": null,
            "common_shares": null,
            "book_valuer_per_share": null,
            "book_valuer_per_share_4q_avg": 3.05,
            "equity": null,
            "current_ratio": null,
            "debt_ratio": null,
            "inventory_turnover_ratio": null,
            "account_receivable_turnover_ratio": null,
            "reinvestment_rate": null,
            "research_to_sale_ratio": null,
            "price_fair": 0,
            "eps_avg_yearly": 0,
            "eps_latest_yearly": 0,
            "eps_growth_yearly": 0
        },
        "20022": {
            "year_quarter": 20022,
            "year": 2002,
            "quarter": 2,
            "eps": null,
            "eps_growth_year": null,
            "eps_4q": null,
            "eps_4q_growth_year": null,
            "roe": null,
            "roe_4q": 0,
            "gross_profit": null,
            "gross_margin": null,
            "gross_margin_4q_avg": 0,
            "net_income": null,
            "revenue": null,
            "common_shares": null,
            "book_valuer_per_share": null,
            "book_valuer_per_share_4q_avg": 3.05,
            "equity": null,
            "current_ratio": null,
            "debt_ratio": null,
            "inventory_turnover_ratio": null,
            "account_receivable_turnover_ratio": null,
            "reinvestment_rate": null,
            "research_to_sale_ratio": null,
            "price_fair": 0,
            "eps_avg_yearly": 0,
            "eps_latest_yearly": 0,
            "eps_growth_yearly": 0
        },
        "20023": {
            "year_quarter": 20023,
            "year": 2002,
            "quarter": 3,
            "eps": null,
            "eps_growth_year": null,
            "eps_4q": null,
            "eps_4q_growth_year": null,
            "roe": null,
            "roe_4q": 0,
            "gross_profit": null,
            "gross_margin": null,
            "gross_margin_4q_avg": 0,
            "net_income": null,
            "revenue": null,
            "common_shares": null,
            "book_valuer_per_share": null,
            "book_valuer_per_share_4q_avg": 3.05,
            "equity": null,
            "current_ratio": null,
            "debt_ratio": null,
            "inventory_turnover_ratio": null,
            "account_receivable_turnover_ratio": null,
            "reinvestment_rate": null,
            "research_to_sale_ratio": null,
            "price_fair": 0,
            "eps_avg_yearly": 0,
            "eps_latest_yearly": 0,
            "eps_growth_yearly": 0
        },
        "20024": {
            "year_quarter": 20024,
            "year": 2002,
            "quarter": 4,
            "eps": null,
            "eps_growth_year": null,
            "eps_4q": null,
            "eps_4q_growth_year": null,
            "roe": null,
            "roe_4q": 0,
            "gross_profit": null,
            "gross_margin": null,
            "gross_margin_4q_avg": 0,
            "net_income": null,
            "revenue": null,
            "common_shares": 400000,
            "book_valuer_per_share": 13.43,
            "book_valuer_per_share_4q_avg": 3.36,
            "equity": 537231,
            "current_ratio": 166.86,
            "debt_ratio": 60.37,
            "inventory_turnover_ratio": null,
            "account_receivable_turnover_ratio": null,
            "reinvestment_rate": null,
            "research_to_sale_ratio": null,
            "price_fair": 0,
            "eps_avg_yearly": 0,
            "eps_latest_yearly": 0,
            "eps_growth_yearly": 0
        },
        "20031": {
            "year_quarter": 20031,
            "year": 2003,
            "quarter": 1,
            "eps": 0.47,
            "eps_growth_year": null,
            "eps_4q": null,
            "eps_4q_growth_year": null,
            "roe": 3.43,
            "roe_4q": 3.43,
            "gross_profit": 140258,
            "gross_margin": 34.65,
            "gross_margin_4q_avg": 8.66,
            "net_income": 18754,
            "revenue": 404791,
            "common_shares": 400000,
            "book_valuer_per_share": 13.9,
            "book_valuer_per_share_4q_avg": 6.83,
            "equity": 555985,
            "current_ratio": 144.79,
            "debt_ratio": 60.17,
            "inventory_turnover_ratio": 1.01,
            "account_receivable_turnover_ratio": null,
            "reinvestment_rate": null,
            "research_to_sale_ratio": null,
            "price_fair": 0,
            "eps_avg_yearly": 0,
            "eps_latest_yearly": 0,
            "eps_growth_yearly": 0
        },
        "20032": {
            "year_quarter": 20032,
            "year": 2003,
            "quarter": 2,
            "eps": 0.18,
            "eps_growth_year": null,
            "eps_4q": null,
            "eps_4q_growth_year": null,
            "roe": 1.3,
            "roe_4q": 4.73,
            "gross_profit": 155549,
            "gross_margin": 35.9,
            "gross_margin_4q_avg": 17.64,
            "net_income": 7257,
            "revenue": 433318,
            "common_shares": 400000,
            "book_valuer_per_share": 14.06,
            "book_valuer_per_share_4q_avg": 10.35,
            "equity": 562537,
            "current_ratio": 134.51,
            "debt_ratio": 61.7,
            "inventory_turnover_ratio": 0.85,
            "account_receivable_turnover_ratio": null,
            "reinvestment_rate": null,
            "research_to_sale_ratio": null,
            "price_fair": 2.16,
            "eps_avg_yearly": 0.72,
            "eps_latest_yearly": 0.72,
            "eps_growth_yearly": -246.81
        },
        "20033": {
            "year_quarter": 20033,
            "year": 2003,
            "quarter": 3,
            "eps": 0.05,
            "eps_growth_year": null,
            "eps_4q": null,
            "eps_4q_growth_year": null,
            "roe": 0.4,
            "roe_4q": 5.130000000000001,
            "gross_profit": 138879,
            "gross_margin": 33.15,
            "gross_margin_4q_avg": 25.93,
            "net_income": 2283,
            "revenue": 418888,
            "common_shares": 420000,
            "book_valuer_per_share": 13.46,
            "book_valuer_per_share_4q_avg": 13.71,
            "equity": 565323,
            "current_ratio": 138.98,
            "debt_ratio": 59.96,
            "inventory_turnover_ratio": 0.79,
            "account_receivable_turnover_ratio": null,
            "reinvestment_rate": null,
            "research_to_sale_ratio": null,
            "price_fair": 1.38,
            "eps_avg_yearly": 0.46,
            "eps_latest_yearly": 0.2,
            "eps_growth_yearly": -267.85
        },
        "20034": {
            "year_quarter": 20034,
            "year": 2003,
            "quarter": 4,
            "eps": 0.33,
            "eps_growth_year": null,
            "eps_4q": 1,
            "eps_4q_growth_year": null,
            "roe": 2.42,
            "roe_4q": 7.550000000000001,
            "gross_profit": 161073,
            "gross_margin": 34.41,
            "gross_margin_4q_avg": 34.53,
            "net_income": 13987,
            "revenue": 468082,
            "common_shares": 420000,
            "book_valuer_per_share": 13.85,
            "book_valuer_per_share_4q_avg": 13.82,
            "equity": 591418,
            "current_ratio": 142.96,
            "debt_ratio": 60.39,
            "inventory_turnover_ratio": 0.86,
            "account_receivable_turnover_ratio": null,
            "reinvestment_rate": null,
            "research_to_sale_ratio": null,
            "price_fair": 26.13,
            "eps_avg_yearly": 0.75,
            "eps_latest_yearly": 1.32,
            "eps_growth_yearly": 568.1
        },
        "20041": {
            "year_quarter": 20041,
            "year": 2004,
            "quarter": 1,
            "eps": 0.2,
            "eps_growth_year": -57.45,
            "eps_4q": 0.77,
            "eps_4q_growth_year": null,
            "roe": 1.4,
            "roe_4q": 5.52,
            "gross_profit": 154432,
            "gross_margin": 33.52,
            "gross_margin_4q_avg": 34.25,
            "net_income": 8297,
            "revenue": 460744,
            "common_shares": 420000,
            "book_valuer_per_share": 14.05,
            "book_valuer_per_share_4q_avg": 13.86,
            "equity": 589960,
            "current_ratio": 145.01,
            "debt_ratio": 56.53,
            "inventory_turnover_ratio": 0.95,
            "account_receivable_turnover_ratio": null,
            "reinvestment_rate": null,
            "research_to_sale_ratio": null,
            "price_fair": 26.6,
            "eps_avg_yearly": 0.76,
            "eps_latest_yearly": 0.8,
            "eps_growth_yearly": 386.68
        },
        "20042": {
            "year_quarter": 20042,
            "year": 2004,
            "quarter": 2,
            "eps": 0.34,
            "eps_growth_year": 88.89,
            "eps_4q": 0.9,
            "eps_4q_growth_year": null,
            "roe": 2.51,
            "roe_4q": 6.73,
            "gross_profit": 181235,
            "gross_margin": 37.69,
            "gross_margin_4q_avg": 34.69,
            "net_income": 14826,
            "revenue": 480892,
            "common_shares": 420000,
            "book_valuer_per_share": 14.1,
            "book_valuer_per_share_4q_avg": 13.87,
            "equity": 592031,
            "current_ratio": 139.79,
            "debt_ratio": 55.82,
            "inventory_turnover_ratio": 1.06,
            "account_receivable_turnover_ratio": null,
            "reinvestment_rate": null,
            "research_to_sale_ratio": null,
            "price_fair": 30.8,
            "eps_avg_yearly": 0.88,
            "eps_latest_yearly": 1.36,
            "eps_growth_yearly": 365.35
        },
        "20043": {
            "year_quarter": 20043,
            "year": 2004,
            "quarter": 3,
            "eps": 0.54,
            "eps_growth_year": 980,
            "eps_4q": 1.39,
            "eps_4q_growth_year": null,
            "roe": 3.88,
            "roe_4q": 10.209999999999999,
            "gross_profit": 178308,
            "gross_margin": 37.34,
            "gross_margin_4q_avg": 35.74,
            "net_income": 23502,
            "revenue": 477496,
            "common_shares": 432600,
            "book_valuer_per_share": 14.34,
            "book_valuer_per_share_4q_avg": 14.09,
            "equity": 620133,
            "current_ratio": 136.05,
            "debt_ratio": 53.94,
            "inventory_turnover_ratio": 1.06,
            "account_receivable_turnover_ratio": null,
            "reinvestment_rate": null,
            "research_to_sale_ratio": null,
            "price_fair": 38.27,
            "eps_avg_yearly": 1.09,
            "eps_latest_yearly": 2.16,
            "eps_growth_yearly": 343.67
        },
        "20044": {
            "year_quarter": 20044,
            "year": 2004,
            "quarter": 4,
            "eps": 0.5,
            "eps_growth_year": 51.52,
            "eps_4q": 1.57,
            "eps_4q_growth_year": 57.26,
            "roe": 3.46,
            "roe_4q": 11.25,
            "gross_profit": 195207,
            "gross_margin": 36.2,
            "gross_margin_4q_avg": 36.19,
            "net_income": 21813,
            "revenue": 539319,
            "common_shares": 432600,
            "book_valuer_per_share": 14.53,
            "book_valuer_per_share_4q_avg": 14.26,
            "equity": 639899,
            "current_ratio": 143.82,
            "debt_ratio": 56.23,
            "inventory_turnover_ratio": 1.03,
            "account_receivable_turnover_ratio": null,
            "reinvestment_rate": null,
            "research_to_sale_ratio": null,
            "price_fair": 42.8,
            "eps_avg_yearly": 1.22,
            "eps_latest_yearly": 2,
            "eps_growth_yearly": 290.34
        },
        "20051": {
            "year_quarter": 20051,
            "year": 2005,
            "quarter": 1,
            "eps": 0.69,
            "eps_growth_year": 245,
            "eps_4q": 2.09,
            "eps_4q_growth_year": 172.33,
            "roe": 4.57,
            "roe_4q": 14.42,
            "gross_profit": 188248,
            "gross_margin": 37.83,
            "gross_margin_4q_avg": 37.27,
            "net_income": 29660,
            "revenue": 497654,
            "common_shares": 432600,
            "book_valuer_per_share": 15.22,
            "book_valuer_per_share_4q_avg": 14.55,
            "equity": 658302,
            "current_ratio": 145.18,
            "debt_ratio": 52.3,
            "inventory_turnover_ratio": 0.88,
            "account_receivable_turnover_ratio": null,
            "reinvestment_rate": null,
            "research_to_sale_ratio": null,
            "price_fair": 49.53,
            "eps_avg_yearly": 1.42,
            "eps_latest_yearly": 2.76,
            "eps_growth_yearly": 273.05
        },
        "20052": {
            "year_quarter": 20052,
            "year": 2005,
            "quarter": 2,
            "eps": 0.64,
            "eps_growth_year": 88.24,
            "eps_4q": 2.38,
            "eps_4q_growth_year": 163.32,
            "roe": 4.18,
            "roe_4q": 16.09,
            "gross_profit": 195523,
            "gross_margin": 38.76,
            "gross_margin_4q_avg": 37.53,
            "net_income": 27596,
            "revenue": 504476,
            "common_shares": 432600,
            "book_valuer_per_share": 15.31,
            "book_valuer_per_share_4q_avg": 14.85,
            "equity": 662272,
            "current_ratio": 145.55,
            "debt_ratio": 53.53,
            "inventory_turnover_ratio": 0.91,
            "account_receivable_turnover_ratio": null,
            "reinvestment_rate": null,
            "research_to_sale_ratio": null,
            "price_fair": 53.98,
            "eps_avg_yearly": 1.54,
            "eps_latest_yearly": 2.56,
            "eps_growth_yearly": 239.49
        },
        "20053": {
            "year_quarter": 20053,
            "year": 2005,
            "quarter": 3,
            "eps": 0.58,
            "eps_growth_year": 7.41,
            "eps_4q": 2.4,
            "eps_4q_growth_year": 71.98,
            "roe": 3.72,
            "roe_4q": 15.93,
            "gross_profit": 198432,
            "gross_margin": 38.86,
            "gross_margin_4q_avg": 37.91,
            "net_income": 25265,
            "revenue": 510610,
            "common_shares": 439104,
            "book_valuer_per_share": 15.83,
            "book_valuer_per_share_4q_avg": 15.22,
            "equity": 695276,
            "current_ratio": 149.19,
            "debt_ratio": 50.3,
            "inventory_turnover_ratio": 0.88,
            "account_receivable_turnover_ratio": null,
            "reinvestment_rate": null,
            "research_to_sale_ratio": null,
            "price_fair": 56.7,
            "eps_avg_yearly": 1.62,
            "eps_latest_yearly": 2.32,
            "eps_growth_yearly": 211.79
        },
        "20054": {
            "year_quarter": 20054,
            "year": 2005,
            "quarter": 4,
            "eps": 0.83,
            "eps_growth_year": 66,
            "eps_4q": 2.71,
            "eps_4q_growth_year": 72.46,
            "roe": 5.06,
            "roe_4q": 17.53,
            "gross_profit": 197859,
            "gross_margin": 36.13,
            "gross_margin_4q_avg": 37.9,
            "net_income": 36519,
            "revenue": 547598,
            "common_shares": 439104,
            "book_valuer_per_share": 16.68,
            "book_valuer_per_share_4q_avg": 15.76,
            "equity": 748891,
            "current_ratio": 154.67,
            "debt_ratio": 51.61,
            "inventory_turnover_ratio": 0.88,
            "account_receivable_turnover_ratio": null,
            "reinvestment_rate": null,
            "research_to_sale_ratio": null,
            "price_fair": 62.11,
            "eps_avg_yearly": 1.77,
            "eps_latest_yearly": 3.32,
            "eps_growth_yearly": 208.21
        },
        "20061": {
            "year_quarter": 20061,
            "year": 2006,
            "quarter": 1,
            "eps": 0.88,
            "eps_growth_year": 27.54,
            "eps_4q": 2.92,
            "eps_4q_growth_year": 39.92,
            "roe": 5.09,
            "roe_4q": 18.049999999999997,
            "gross_profit": 193770,
            "gross_margin": 35.45,
            "gross_margin_4q_avg": 37.3,
            "net_income": 38500,
            "revenue": 546570,
            "common_shares": 439104,
            "book_valuer_per_share": 17.42,
            "book_valuer_per_share_4q_avg": 16.31,
            "equity": 765035,
            "current_ratio": 171.3,
            "debt_ratio": 44.6,
            "inventory_turnover_ratio": 0.9,
            "account_receivable_turnover_ratio": null,
            "reinvestment_rate": null,
            "research_to_sale_ratio": null,
            "price_fair": 67.2,
            "eps_avg_yearly": 1.92,
            "eps_latest_yearly": 3.52,
            "eps_growth_yearly": 192.87
        },
        "20062": {
            "year_quarter": 20062,
            "year": 2006,
            "quarter": 2,
            "eps": 0.66,
            "eps_growth_year": 3.12,
            "eps_4q": 2.86,
            "eps_4q_growth_year": 20.24,
            "roe": 3.97,
            "roe_4q": 17.84,
            "gross_profit": 214097,
            "gross_margin": 38.28,
            "gross_margin_4q_avg": 37.18,
            "net_income": 30081,
            "revenue": 559326,
            "common_shares": 439104,
            "book_valuer_per_share": 17.1,
            "book_valuer_per_share_4q_avg": 16.76,
            "equity": 750809,
            "current_ratio": 149.14,
            "debt_ratio": 48.03,
            "inventory_turnover_ratio": 0.96,
            "account_receivable_turnover_ratio": null,
            "reinvestment_rate": null,
            "research_to_sale_ratio": null,
            "price_fair": 69.14,
            "eps_avg_yearly": 1.98,
            "eps_latest_yearly": 2.64,
            "eps_growth_yearly": 170.34
        },
        "20063": {
            "year_quarter": 20063,
            "year": 2006,
            "quarter": 3,
            "eps": 0.65,
            "eps_growth_year": 12.07,
            "eps_4q": 2.96,
            "eps_4q_growth_year": 23.46,
            "roe": 3.81,
            "roe_4q": 17.93,
            "gross_profit": 206393,
            "gross_margin": 37.06,
            "gross_margin_4q_avg": 36.73,
            "net_income": 29612,
            "revenue": 556881,
            "common_shares": 453891,
            "book_valuer_per_share": 17.71,
            "book_valuer_per_share_4q_avg": 17.23,
            "equity": 803639,
            "current_ratio": 180.63,
            "debt_ratio": 45.96,
            "inventory_turnover_ratio": 0.9,
            "account_receivable_turnover_ratio": null,
            "reinvestment_rate": null,
            "research_to_sale_ratio": null,
            "price_fair": 70.7,
            "eps_avg_yearly": 2.02,
            "eps_latest_yearly": 2.6,
            "eps_growth_yearly": 157.74
        },
        "20064": {
            "year_quarter": 20064,
            "year": 2006,
            "quarter": 4,
            "eps": 0.76,
            "eps_growth_year": -8.43,
            "eps_4q": 2.92,
            "eps_4q_growth_year": 8,
            "roe": 4.12,
            "roe_4q": 16.990000000000002,
            "gross_profit": 215560,
            "gross_margin": 36.51,
            "gross_margin_4q_avg": 36.83,
            "net_income": 34519,
            "revenue": 590400,
            "common_shares": 457688,
            "book_valuer_per_share": 18.55,
            "book_valuer_per_share_4q_avg": 17.7,
            "equity": 870855,
            "current_ratio": 182.34,
            "debt_ratio": 46.76,
            "inventory_turnover_ratio": 0.84,
            "account_receivable_turnover_ratio": null,
            "reinvestment_rate": 5.17,
            "research_to_sale_ratio": null,
            "price_fair": 73.08,
            "eps_avg_yearly": 2.09,
            "eps_latest_yearly": 3.04,
            "eps_growth_yearly": 151.74
        },
        "20071": {
            "year_quarter": 20071,
            "year": 2007,
            "quarter": 1,
            "eps": 1.08,
            "eps_growth_year": 22.73,
            "eps_4q": 3.14,
            "eps_4q_growth_year": 7.56,
            "roe": 5.56,
            "roe_4q": 17.46,
            "gross_profit": 216993,
            "gross_margin": 34.04,
            "gross_margin_4q_avg": 36.47,
            "net_income": 49301,
            "revenue": 637467,
            "common_shares": 458567,
            "book_valuer_per_share": 19.67,
            "book_valuer_per_share_4q_avg": 18.26,
            "equity": 901984,
            "current_ratio": 197.22,
            "debt_ratio": 42.02,
            "inventory_turnover_ratio": 0.96,
            "account_receivable_turnover_ratio": null,
            "reinvestment_rate": -7.94,
            "research_to_sale_ratio": null,
            "price_fair": 77.96,
            "eps_avg_yearly": 2.23,
            "eps_latest_yearly": 4.32,
            "eps_growth_yearly": 152.78
        },
        "20072": {
            "year_quarter": 20072,
            "year": 2007,
            "quarter": 2,
            "eps": 0.46,
            "eps_growth_year": -30.3,
            "eps_4q": 2.68,
            "eps_4q_growth_year": -6.14,
            "roe": 2.56,
            "roe_4q": 16.049999999999997,
            "gross_profit": 210355,
            "gross_margin": 33.07,
            "gross_margin_4q_avg": 35.17,
            "net_income": 23454,
            "revenue": 636047,
            "common_shares": 463567,
            "book_valuer_per_share": 20,
            "book_valuer_per_share_4q_avg": 18.98,
            "equity": 926908,
            "current_ratio": 193.06,
            "debt_ratio": 41.45,
            "inventory_turnover_ratio": 1.08,
            "account_receivable_turnover_ratio": null,
            "reinvestment_rate": -0.12,
            "research_to_sale_ratio": null,
            "price_fair": 80.41,
            "eps_avg_yearly": 2.3,
            "eps_latest_yearly": 1.84,
            "eps_growth_yearly": 153.85
        },
        "20073": {
            "year_quarter": 20073,
            "year": 2007,
            "quarter": 3,
            "eps": 0.99,
            "eps_growth_year": 52.31,
            "eps_4q": 3.1,
            "eps_4q_growth_year": 4.81,
            "roe": 5.3,
            "roe_4q": 17.54,
            "gross_profit": 236874,
            "gross_margin": 34.62,
            "gross_margin_4q_avg": 34.56,
            "net_income": 50349,
            "revenue": 684203,
            "common_shares": 514002,
            "book_valuer_per_share": 18.96,
            "book_valuer_per_share_4q_avg": 19.3,
            "equity": 974374,
            "current_ratio": 165.29,
            "debt_ratio": 43.35,
            "inventory_turnover_ratio": 0.98,
            "account_receivable_turnover_ratio": null,
            "reinvestment_rate": 0.43,
            "research_to_sale_ratio": null,
            "price_fair": 88.64,
            "eps_avg_yearly": 2.53,
            "eps_latest_yearly": 3.96,
            "eps_growth_yearly": 200.71
        },
        "20074": {
            "year_quarter": 20074,
            "year": 2007,
            "quarter": 4,
            "eps": 0.74,
            "eps_growth_year": -2.63,
            "eps_4q": 3.15,
            "eps_4q_growth_year": 7.97,
            "roe": 3.71,
            "roe_4q": 17.13,
            "gross_profit": 236014,
            "gross_margin": 34.03,
            "gross_margin_4q_avg": 33.94,
            "net_income": 37727,
            "revenue": 693572,
            "common_shares": 514002,
            "book_valuer_per_share": 19.98,
            "book_valuer_per_share_4q_avg": 19.65,
            "equity": 1061697,
            "current_ratio": 155.75,
            "debt_ratio": 50.65,
            "inventory_turnover_ratio": 0.71,
            "account_receivable_turnover_ratio": null,
            "reinvestment_rate": 12.52,
            "research_to_sale_ratio": null,
            "price_fair": 92.23,
            "eps_avg_yearly": 2.64,
            "eps_latest_yearly": 2.96,
            "eps_growth_yearly": 54.4
        },
        "20081": {
            "year_quarter": 20081,
            "year": 2008,
            "quarter": 1,
            "eps": 1.5,
            "eps_growth_year": 38.89,
            "eps_4q": 3.48,
            "eps_4q_growth_year": 10.63,
            "roe": 7.44,
            "roe_4q": 19.009999999999998,
            "gross_profit": 360514,
            "gross_margin": 38.97,
            "gross_margin_4q_avg": 35.17,
            "net_income": 81295,
            "revenue": 925057,
            "common_shares": 514512,
            "book_valuer_per_share": 21.34,
            "book_valuer_per_share_4q_avg": 20.07,
            "equity": 1124188,
            "current_ratio": 152.83,
            "debt_ratio": 52.49,
            "inventory_turnover_ratio": 0.66,
            "account_receivable_turnover_ratio": null,
            "reinvestment_rate": 13.31,
            "research_to_sale_ratio": null,
            "price_fair": 103.6,
            "eps_avg_yearly": 2.96,
            "eps_latest_yearly": 6,
            "eps_growth_yearly": 89.92
        },
        "20082": {
            "year_quarter": 20082,
            "year": 2008,
            "quarter": 2,
            "eps": 0.82,
            "eps_growth_year": 78.26,
            "eps_4q": 3.69,
            "eps_4q_growth_year": 37.52,
            "roe": 4.15,
            "roe_4q": 20.6,
            "gross_profit": 330039,
            "gross_margin": 39.56,
            "gross_margin_4q_avg": 36.8,
            "net_income": 47136,
            "revenue": 834242,
            "common_shares": 514512,
            "book_valuer_per_share": 21.65,
            "book_valuer_per_share_4q_avg": 20.48,
            "equity": 1144932,
            "current_ratio": 158.93,
            "debt_ratio": 49.26,
            "inventory_turnover_ratio": 0.56,
            "account_receivable_turnover_ratio": null,
            "reinvestment_rate": 12.96,
            "research_to_sale_ratio": null,
            "price_fair": 107.8,
            "eps_avg_yearly": 3.08,
            "eps_latest_yearly": 3.28,
            "eps_growth_yearly": 61.09
        },
        "20083": {
            "year_quarter": 20083,
            "year": 2008,
            "quarter": 3,
            "eps": 0.96,
            "eps_growth_year": -3.03,
            "eps_4q": 4.04,
            "eps_4q_growth_year": 30.5,
            "roe": 3.89,
            "roe_4q": 19.19,
            "gross_profit": 363836,
            "gross_margin": 40.34,
            "gross_margin_4q_avg": 38.23,
            "net_income": 51439,
            "revenue": 901949,
            "common_shares": 572683,
            "book_valuer_per_share": 21,
            "book_valuer_per_share_4q_avg": 20.99,
            "equity": 1497938,
            "current_ratio": 242.82,
            "debt_ratio": 51.86,
            "inventory_turnover_ratio": 0.65,
            "account_receivable_turnover_ratio": null,
            "reinvestment_rate": 12.89,
            "research_to_sale_ratio": null,
            "price_fair": 111.48,
            "eps_avg_yearly": 3.19,
            "eps_latest_yearly": 3.84,
            "eps_growth_yearly": 50.65
        },
        "20084": {
            "year_quarter": 20084,
            "year": 2008,
            "quarter": 4,
            "eps": 0.87,
            "eps_growth_year": 17.57,
            "eps_4q": 4.23,
            "eps_4q_growth_year": 34.2,
            "roe": 3.04,
            "roe_4q": 18.52,
            "gross_profit": 351318,
            "gross_margin": 38.63,
            "gross_margin_4q_avg": 39.38,
            "net_income": 47031,
            "revenue": 909478,
            "common_shares": 575057,
            "book_valuer_per_share": 21.6,
            "book_valuer_per_share_4q_avg": 21.4,
            "equity": 1593274,
            "current_ratio": 274.51,
            "debt_ratio": 47.67,
            "inventory_turnover_ratio": 0.75,
            "account_receivable_turnover_ratio": 3.27,
            "reinvestment_rate": 12.7,
            "research_to_sale_ratio": null,
            "price_fair": 114.71,
            "eps_avg_yearly": 3.28,
            "eps_latest_yearly": 3.48,
            "eps_growth_yearly": 50.16
        },
        "20091": {
            "year_quarter": 20091,
            "year": 2009,
            "quarter": 1,
            "eps": 1.47,
            "eps_growth_year": -2,
            "eps_4q": 4.23,
            "eps_4q_growth_year": 21.54,
            "roe": 4.95,
            "roe_4q": 16.03,
            "gross_profit": 408629,
            "gross_margin": 43.31,
            "gross_margin_4q_avg": 40.46,
            "net_income": 82228,
            "revenue": 943454,
            "common_shares": 586838,
            "book_valuer_per_share": 23.62,
            "book_valuer_per_share_4q_avg": 21.97,
            "equity": 1731075,
            "current_ratio": 271.01,
            "debt_ratio": 42.59,
            "inventory_turnover_ratio": 0.82,
            "account_receivable_turnover_ratio": 1.63,
            "reinvestment_rate": 28.41,
            "research_to_sale_ratio": null,
            "price_fair": 121.54,
            "eps_avg_yearly": 3.47,
            "eps_latest_yearly": 5.88,
            "eps_growth_yearly": 57.9
        },
        "20092": {
            "year_quarter": 20092,
            "year": 2009,
            "quarter": 2,
            "eps": 1,
            "eps_growth_year": 21.95,
            "eps_4q": 4.05,
            "eps_4q_growth_year": 9.78,
            "roe": 3.54,
            "roe_4q": 15.420000000000002,
            "gross_profit": 434161,
            "gross_margin": 42.72,
            "gross_margin_4q_avg": 41.25,
            "net_income": 63400,
            "revenue": 1016390,
            "common_shares": 601693,
            "book_valuer_per_share": 25.11,
            "book_valuer_per_share_4q_avg": 22.83,
            "equity": 1849759,
            "current_ratio": 233.54,
            "debt_ratio": 40.39,
            "inventory_turnover_ratio": 0.96,
            "account_receivable_turnover_ratio": 1.62,
            "reinvestment_rate": 40.49,
            "research_to_sale_ratio": null,
            "price_fair": 124.69,
            "eps_avg_yearly": 3.56,
            "eps_latest_yearly": 4,
            "eps_growth_yearly": 51.72
        },
        "20093": {
            "year_quarter": 20093,
            "year": 2009,
            "quarter": 3,
            "eps": 0.44,
            "eps_growth_year": -54.17,
            "eps_4q": 4.32,
            "eps_4q_growth_year": 6.83,
            "roe": 1.24,
            "roe_4q": 12.77,
            "gross_profit": 352067,
            "gross_margin": 40.81,
            "gross_margin_4q_avg": 41.37,
            "net_income": 23672,
            "revenue": 862728,
            "common_shares": 601694,
            "book_valuer_per_share": 26.99,
            "book_valuer_per_share_4q_avg": 24.33,
            "equity": 1952954,
            "current_ratio": 206.39,
            "debt_ratio": 39.35,
            "inventory_turnover_ratio": 0.78,
            "account_receivable_turnover_ratio": 1.39,
            "reinvestment_rate": 56.67,
            "research_to_sale_ratio": null,
            "price_fair": 123.46,
            "eps_avg_yearly": 3.53,
            "eps_latest_yearly": 1.76,
            "eps_growth_yearly": 40.06
        },
        "20094": {
            "year_quarter": 20094,
            "year": 2009,
            "quarter": 4,
            "eps": 1.38,
            "eps_growth_year": 58.62,
            "eps_4q": 3.96,
            "eps_4q_growth_year": -6.4,
            "roe": 5.34,
            "roe_4q": 15.07,
            "gross_profit": 380187,
            "gross_margin": 36,
            "gross_margin_4q_avg": 40.71,
            "net_income": 106490,
            "revenue": 1056174,
            "common_shares": 699492,
            "book_valuer_per_share": 24.18,
            "book_valuer_per_share_4q_avg": 24.98,
            "equity": 2033485,
            "current_ratio": 188.48,
            "debt_ratio": 37.93,
            "inventory_turnover_ratio": 0.97,
            "account_receivable_turnover_ratio": 3.24,
            "reinvestment_rate": 85.36,
            "research_to_sale_ratio": null,
            "price_fair": 128.28,
            "eps_avg_yearly": 3.67,
            "eps_latest_yearly": 5.52,
            "eps_growth_yearly": 82.7
        },
        "20101": {
            "year_quarter": 20101,
            "year": 2010,
            "quarter": 1,
            "eps": 0.98,
            "eps_growth_year": -33.33,
            "eps_4q": 3.73,
            "eps_4q_growth_year": -11.77,
            "roe": 3.08,
            "roe_4q": 13.2,
            "gross_profit": 386346,
            "gross_margin": 39.94,
            "gross_margin_4q_avg": 39.87,
            "net_income": 63308,
            "revenue": 967212,
            "common_shares": 699492,
            "book_valuer_per_share": 25,
            "book_valuer_per_share_4q_avg": 25.32,
            "equity": 2081699,
            "current_ratio": 193.55,
            "debt_ratio": 32.28,
            "inventory_turnover_ratio": 0.86,
            "account_receivable_turnover_ratio": 1.52,
            "reinvestment_rate": 196.79,
            "research_to_sale_ratio": 2.2,
            "price_fair": 129.15,
            "eps_avg_yearly": 3.69,
            "eps_latest_yearly": 3.92,
            "eps_growth_yearly": 73.95
        },
        "20102": {
            "year_quarter": 20102,
            "year": 2010,
            "quarter": 2,
            "eps": 0.9,
            "eps_growth_year": -9.87,
            "eps_4q": 3.28,
            "eps_4q_growth_year": -19.04,
            "roe": 2.8,
            "roe_4q": 12.459999999999999,
            "gross_profit": 427800,
            "gross_margin": 41.33,
            "gross_margin_4q_avg": 39.52,
            "net_income": 62722,
            "revenue": 1035092,
            "common_shares": 699492,
            "book_valuer_per_share": 25.67,
            "book_valuer_per_share_4q_avg": 25.46,
            "equity": 2399311,
            "current_ratio": 235.25,
            "debt_ratio": 35.6,
            "inventory_turnover_ratio": 0.89,
            "account_receivable_turnover_ratio": 1.65,
            "reinvestment_rate": 100.89,
            "research_to_sale_ratio": 2.57,
            "price_fair": 131.25,
            "eps_avg_yearly": 3.75,
            "eps_latest_yearly": 3.6,
            "eps_growth_yearly": 78.15
        },
        "20103": {
            "year_quarter": 20103,
            "year": 2010,
            "quarter": 3,
            "eps": 0.91,
            "eps_growth_year": 105.88,
            "eps_4q": 3.81,
            "eps_4q_growth_year": -11.73,
            "roe": 2.75,
            "roe_4q": 13.969999999999999,
            "gross_profit": 424245,
            "gross_margin": 42.06,
            "gross_margin_4q_avg": 39.83,
            "net_income": 66850,
            "revenue": 1008560,
            "common_shares": 811411,
            "book_valuer_per_share": 23.01,
            "book_valuer_per_share_4q_avg": 24.47,
            "equity": 2464362,
            "current_ratio": 218.15,
            "debt_ratio": 34.24,
            "inventory_turnover_ratio": 0.78,
            "account_receivable_turnover_ratio": 1.62,
            "reinvestment_rate": 97.34,
            "research_to_sale_ratio": 2.88,
            "price_fair": 133.53,
            "eps_avg_yearly": 3.82,
            "eps_latest_yearly": 3.64,
            "eps_growth_yearly": 78.81
        },
        "20104": {
            "year_quarter": 20104,
            "year": 2010,
            "quarter": 4,
            "eps": 0.78,
            "eps_growth_year": -43.84,
            "eps_4q": 3.42,
            "eps_4q_growth_year": -13.63,
            "roe": 2.09,
            "roe_4q": 10.719999999999999,
            "gross_profit": 398212,
            "gross_margin": 40.57,
            "gross_margin_4q_avg": 40.98,
            "net_income": 51869,
            "revenue": 981595,
            "common_shares": 811638,
            "book_valuer_per_share": 23.59,
            "book_valuer_per_share_4q_avg": 24.32,
            "equity": 2493881,
            "current_ratio": 203.94,
            "debt_ratio": 33.71,
            "inventory_turnover_ratio": 0.71,
            "account_receivable_turnover_ratio": 1.62,
            "reinvestment_rate": 95.05,
            "research_to_sale_ratio": 2.75,
            "price_fair": 133.7,
            "eps_avg_yearly": 3.82,
            "eps_latest_yearly": 3.12,
            "eps_growth_yearly": 71.01
        },
        "20111": {
            "year_quarter": 20111,
            "year": 2011,
            "quarter": 1,
            "eps": 1.18,
            "eps_growth_year": 20.41,
            "eps_4q": 3.57,
            "eps_4q_growth_year": -4.35,
            "roe": 3.41,
            "roe_4q": 11.05,
            "gross_profit": 449868,
            "gross_margin": 42.4,
            "gross_margin_4q_avg": 41.59,
            "net_income": 88227,
            "revenue": 1060889,
            "common_shares": 811638,
            "book_valuer_per_share": 26.05,
            "book_valuer_per_share_4q_avg": 24.58,
            "equity": 2685747,
            "current_ratio": 225.57,
            "debt_ratio": 29.57,
            "inventory_turnover_ratio": 0.72,
            "account_receivable_turnover_ratio": 1.71,
            "reinvestment_rate": 100.82,
            "research_to_sale_ratio": 2.69,
            "price_fair": 134.58,
            "eps_avg_yearly": 3.85,
            "eps_latest_yearly": 4.72,
            "eps_growth_yearly": 73.3
        },
        "20112": {
            "year_quarter": 20112,
            "year": 2011,
            "quarter": 2,
            "eps": 0.68,
            "eps_growth_year": -24.2,
            "eps_4q": 3.41,
            "eps_4q_growth_year": 3.83,
            "roe": 1.83,
            "roe_4q": 10.08,
            "gross_profit": 416178,
            "gross_margin": 41.9,
            "gross_margin_4q_avg": 41.73,
            "net_income": 48840,
            "revenue": 993164,
            "common_shares": 867471,
            "book_valuer_per_share": 24.31,
            "book_valuer_per_share_4q_avg": 24.24,
            "equity": 2661961,
            "current_ratio": 201.45,
            "debt_ratio": 30.46,
            "inventory_turnover_ratio": 0.69,
            "account_receivable_turnover_ratio": 1.57,
            "reinvestment_rate": 99.51,
            "research_to_sale_ratio": 2.64,
            "price_fair": 136.5,
            "eps_avg_yearly": 3.9,
            "eps_latest_yearly": 2.72,
            "eps_growth_yearly": 77.06
        },
        "20113": {
            "year_quarter": 20113,
            "year": 2011,
            "quarter": 3,
            "eps": 0.5,
            "eps_growth_year": -44.31,
            "eps_4q": 3.06,
            "eps_4q_growth_year": -19.65,
            "roe": 0.9,
            "roe_4q": 8.23,
            "gross_profit": 421185,
            "gross_margin": 41.28,
            "gross_margin_4q_avg": 41.54,
            "net_income": 24814,
            "revenue": 1020207,
            "common_shares": 867471,
            "book_valuer_per_share": 24.93,
            "book_valuer_per_share_4q_avg": 24.72,
            "equity": 2871393,
            "current_ratio": 232.22,
            "debt_ratio": 33.44,
            "inventory_turnover_ratio": 0.71,
            "account_receivable_turnover_ratio": 1.62,
            "reinvestment_rate": 103.71,
            "research_to_sale_ratio": 5.69,
            "price_fair": 132.21,
            "eps_avg_yearly": 3.78,
            "eps_latest_yearly": 2,
            "eps_growth_yearly": 41.64
        },
        "20114": {
            "year_quarter": 20114,
            "year": 2011,
            "quarter": 4,
            "eps": -0.26,
            "eps_growth_year": -133.09,
            "eps_4q": 2.08,
            "eps_4q_growth_year": -39.14,
            "roe": -1.92,
            "roe_4q": 4.220000000000001,
            "gross_profit": 398869,
            "gross_margin": 38.96,
            "gross_margin_4q_avg": 41.14,
            "net_income": -54722,
            "revenue": 1023706,
            "common_shares": 867471,
            "book_valuer_per_share": 24.78,
            "book_valuer_per_share_4q_avg": 25.02,
            "equity": 2823132,
            "current_ratio": 208.97,
            "debt_ratio": 34.52,
            "inventory_turnover_ratio": 0.71,
            "account_receivable_turnover_ratio": 1.55,
            "reinvestment_rate": 115.98,
            "research_to_sale_ratio": 6.84,
            "price_fair": 134.12,
            "eps_avg_yearly": 3.83,
            "eps_latest_yearly": 2,
            "eps_growth_yearly": 51.15
        },
        "20121": {
            "year_quarter": 20121,
            "year": 2012,
            "quarter": 1,
            "eps": 1.19,
            "eps_growth_year": 0.85,
            "eps_4q": 2.12,
            "eps_4q_growth_year": -40.52,
            "roe": 3.15,
            "roe_4q": 3.96,
            "gross_profit": 470939,
            "gross_margin": 41.79,
            "gross_margin_4q_avg": 40.98,
            "net_income": 91127,
            "revenue": 1126808,
            "common_shares": 867471,
            "book_valuer_per_share": 26.52,
            "book_valuer_per_share_4q_avg": 25.14,
            "equity": 2957571,
            "current_ratio": 225.49,
            "debt_ratio": 32.04,
            "inventory_turnover_ratio": 0.74,
            "account_receivable_turnover_ratio": 1.55,
            "reinvestment_rate": 116.81,
            "research_to_sale_ratio": 2.88,
            "price_fair": 128.7,
            "eps_avg_yearly": 3.68,
            "eps_latest_yearly": 2,
            "eps_growth_yearly": 25.46
        },
        "20122": {
            "year_quarter": 20122,
            "year": 2012,
            "quarter": 2,
            "eps": 0.36,
            "eps_growth_year": -47.67,
            "eps_4q": 1.8,
            "eps_4q_growth_year": -47.29,
            "roe": -0.13,
            "roe_4q": 2,
            "gross_profit": 470576,
            "gross_margin": 39.31,
            "gross_margin_4q_avg": 40.34,
            "net_income": -3672,
            "revenue": 1196974,
            "common_shares": 867471,
            "book_valuer_per_share": 25.87,
            "book_valuer_per_share_4q_avg": 25.53,
            "equity": 2890650,
            "current_ratio": 207.73,
            "debt_ratio": 33.15,
            "inventory_turnover_ratio": 0.84,
            "account_receivable_turnover_ratio": 1.52,
            "reinvestment_rate": 123.82,
            "research_to_sale_ratio": 5.33,
            "price_fair": 101,
            "eps_avg_yearly": 3.55,
            "eps_latest_yearly": 1.44,
            "eps_growth_yearly": 18.48
        },
        "20123": {
            "year_quarter": 20123,
            "year": 2012,
            "quarter": 3,
            "eps": 0.83,
            "eps_growth_year": 64.84,
            "eps_4q": 2.12,
            "eps_4q_growth_year": -30.71,
            "roe": 1.87,
            "roe_4q": 2.9700000000000006,
            "gross_profit": 467769,
            "gross_margin": 42.82,
            "gross_margin_4q_avg": 40.72,
            "net_income": 54786,
            "revenue": 1092353,
            "common_shares": 867471,
            "book_valuer_per_share": 26.92,
            "book_valuer_per_share_4q_avg": 26.02,
            "equity": 2960470,
            "current_ratio": 209.84,
            "debt_ratio": 32.14,
            "inventory_turnover_ratio": 0.7,
            "account_receivable_turnover_ratio": 1.39,
            "reinvestment_rate": 126,
            "research_to_sale_ratio": 3.7,
            "price_fair": 122.8,
            "eps_avg_yearly": 3.51,
            "eps_latest_yearly": 3.32,
            "eps_growth_yearly": 50.91
        },
        "20124": {
            "year_quarter": 20124,
            "year": 2012,
            "quarter": 4,
            "eps": 0.4,
            "eps_growth_year": null,
            "eps_4q": 2.78,
            "eps_4q_growth_year": 33.69,
            "roe": 0.91,
            "roe_4q": 5.800000000000001,
            "gross_profit": 446247,
            "gross_margin": 40.67,
            "gross_margin_4q_avg": 41.15,
            "net_income": 27297,
            "revenue": 1097285,
            "common_shares": 867471,
            "book_valuer_per_share": 28.31,
            "book_valuer_per_share_4q_avg": 26.91,
            "equity": 3058201,
            "current_ratio": 208.77,
            "debt_ratio": 30.75,
            "inventory_turnover_ratio": 0.73,
            "account_receivable_turnover_ratio": 1.44,
            "reinvestment_rate": 137.29,
            "research_to_sale_ratio": 7.64,
            "price_fair": 118.1,
            "eps_avg_yearly": 3.37,
            "eps_latest_yearly": 1.6,
            "eps_growth_yearly": 38.78
        },
        "20131": {
            "year_quarter": 20131,
            "year": 2013,
            "quarter": 1,
            "eps": 1.59,
            "eps_growth_year": 33.61,
            "eps_4q": 3.19,
            "eps_4q_growth_year": 50.27,
            "roe": 3.6,
            "roe_4q": 6.25,
            "gross_profit": 449688,
            "gross_margin": 35.97,
            "gross_margin_4q_avg": 39.69,
            "net_income": 121727,
            "revenue": 1250198,
            "common_shares": 867471,
            "book_valuer_per_share": 36.19,
            "book_valuer_per_share_4q_avg": 29.32,
            "equity": 3709222,
            "current_ratio": 234.32,
            "debt_ratio": 27.94,
            "inventory_turnover_ratio": 1.04,
            "account_receivable_turnover_ratio": 1.6,
            "reinvestment_rate": 189.34,
            "research_to_sale_ratio": 3.18,
            "price_fair": 119.3,
            "eps_avg_yearly": 3.41,
            "eps_latest_yearly": 6.36,
            "eps_growth_yearly": 104.08
        },
        "20132": {
            "year_quarter": 20132,
            "year": 2013,
            "quarter": 2,
            "eps": 3.34,
            "eps_growth_year": 834.27,
            "eps_4q": 6.18,
            "eps_4q_growth_year": 243.81,
            "roe": 7.85,
            "roe_4q": 14.23,
            "gross_profit": 467315,
            "gross_margin": 39.03,
            "gross_margin_4q_avg": 39.62,
            "net_income": 274337,
            "revenue": 1197191,
            "common_shares": 867471,
            "book_valuer_per_share": 31.49,
            "book_valuer_per_share_4q_avg": 30.73,
            "equity": 3284649,
            "current_ratio": 215.62,
            "debt_ratio": 33.39,
            "inventory_turnover_ratio": 0.97,
            "account_receivable_turnover_ratio": 1.4,
            "reinvestment_rate": 98.57,
            "research_to_sale_ratio": 3.43,
            "price_fair": 142.7,
            "eps_avg_yearly": 4.08,
            "eps_latest_yearly": 13.36,
            "eps_growth_yearly": 144.66
        },
        "20133": {
            "year_quarter": 20133,
            "year": 2013,
            "quarter": 3,
            "eps": 1.46,
            "eps_growth_year": 75.57,
            "eps_4q": 6.8,
            "eps_4q_growth_year": 220.36,
            "roe": 3.08,
            "roe_4q": 15.44,
            "gross_profit": 430508,
            "gross_margin": 38.94,
            "gross_margin_4q_avg": 38.65,
            "net_income": 106196,
            "revenue": 1105644,
            "common_shares": 867471,
            "book_valuer_per_share": 35.42,
            "book_valuer_per_share_4q_avg": 32.85,
            "equity": 3610241,
            "current_ratio": 233.51,
            "debt_ratio": 29.39,
            "inventory_turnover_ratio": 0.78,
            "account_receivable_turnover_ratio": 1.38,
            "reinvestment_rate": 104.29,
            "research_to_sale_ratio": 5.91,
            "price_fair": 152.9,
            "eps_avg_yearly": 4.37,
            "eps_latest_yearly": 5.84,
            "eps_growth_yearly": 144.58
        },
        "20134": {
            "year_quarter": 20134,
            "year": 2013,
            "quarter": 4,
            "eps": -0.56,
            "eps_growth_year": -237.08,
            "eps_4q": 5.84,
            "eps_4q_growth_year": 109.79,
            "roe": -1.85,
            "roe_4q": 12.68,
            "gross_profit": 431709,
            "gross_margin": 38.82,
            "gross_margin_4q_avg": 38.19,
            "net_income": -65819,
            "revenue": 1112069,
            "common_shares": 867471,
            "book_valuer_per_share": 32.93,
            "book_valuer_per_share_4q_avg": 34.01,
            "equity": 3517067,
            "current_ratio": 259.18,
            "debt_ratio": 33.28,
            "inventory_turnover_ratio": 0.66,
            "account_receivable_turnover_ratio": 1.64,
            "reinvestment_rate": 69.27,
            "research_to_sale_ratio": 10.8,
            "price_fair": 149.8,
            "eps_avg_yearly": 4.28,
            "eps_latest_yearly": 5.84,
            "eps_growth_yearly": 89.97
        },
        "20141": {
            "year_quarter": 20141,
            "year": 2014,
            "quarter": 1,
            "eps": 0.78,
            "eps_growth_year": -50.94,
            "eps_4q": 5.02,
            "eps_4q_growth_year": 57.59,
            "roe": 1.47,
            "roe_4q": 10.55,
            "gross_profit": 489889,
            "gross_margin": 40.69,
            "gross_margin_4q_avg": 39.37,
            "net_income": 51381,
            "revenue": 1203984,
            "common_shares": 867471,
            "book_valuer_per_share": 32.89,
            "book_valuer_per_share_4q_avg": 33.18,
            "equity": 3490592,
            "current_ratio": 256.23,
            "debt_ratio": 34.14,
            "inventory_turnover_ratio": 0.6,
            "account_receivable_turnover_ratio": 1.82,
            "reinvestment_rate": -14.17,
            "research_to_sale_ratio": 7.14,
            "price_fair": 150.85,
            "eps_avg_yearly": 4.31,
            "eps_latest_yearly": 5.84,
            "eps_growth_yearly": 107.13
        },
        "20142": {
            "year_quarter": 20142,
            "year": 2014,
            "quarter": 2,
            "eps": 0.57,
            "eps_growth_year": -82.93,
            "eps_4q": 2.25,
            "eps_4q_growth_year": -63.63,
            "roe": 0.96,
            "roe_4q": 3.6599999999999997,
            "gross_profit": 488301,
            "gross_margin": 39.93,
            "gross_margin_4q_avg": 39.6,
            "net_income": 32821,
            "revenue": 1222912,
            "common_shares": 867471,
            "book_valuer_per_share": 31.77,
            "book_valuer_per_share_4q_avg": 33.25,
            "equity": 3377171,
            "current_ratio": 237.01,
            "debt_ratio": 34.54,
            "inventory_turnover_ratio": 0.64,
            "account_receivable_turnover_ratio": 1.83,
            "reinvestment_rate": 55.98,
            "research_to_sale_ratio": 5.51,
            "price_fair": 147,
            "eps_avg_yearly": 4.2,
            "eps_latest_yearly": 2.28,
            "eps_growth_yearly": 100.87
        },
        "20143": {
            "year_quarter": 20143,
            "year": 2014,
            "quarter": 3,
            "eps": 0.64,
            "eps_growth_year": -56.16,
            "eps_4q": 1.42,
            "eps_4q_growth_year": -79.07,
            "roe": 1.18,
            "roe_4q": 1.7599999999999993,
            "gross_profit": 521587,
            "gross_margin": 39.74,
            "gross_margin_4q_avg": 39.8,
            "net_income": 39954,
            "revenue": 1312429,
            "common_shares": 867471,
            "book_valuer_per_share": 31.79,
            "book_valuer_per_share_4q_avg": 32.35,
            "equity": 3368281,
            "current_ratio": 240.36,
            "debt_ratio": 34.95,
            "inventory_turnover_ratio": 0.76,
            "account_receivable_turnover_ratio": 1.93,
            "reinvestment_rate": 50.11,
            "research_to_sale_ratio": 6.88,
            "price_fair": 143.85,
            "eps_avg_yearly": 4.11,
            "eps_latest_yearly": 2.56,
            "eps_growth_yearly": 104.6
        },
        "20144": {
            "year_quarter": 20144,
            "year": 2014,
            "quarter": 4,
            "eps": 0.28,
            "eps_growth_year": null,
            "eps_4q": 2.26,
            "eps_4q_growth_year": -61.36,
            "roe": 0.2,
            "roe_4q": 3.8099999999999996,
            "gross_profit": 488625,
            "gross_margin": 38.75,
            "gross_margin_4q_avg": 39.78,
            "net_income": 6947,
            "revenue": 1260916,
            "common_shares": 867471,
            "book_valuer_per_share": 32.64,
            "book_valuer_per_share_4q_avg": 32.27,
            "equity": 3417960,
            "current_ratio": 255.47,
            "debt_ratio": 33.13,
            "inventory_turnover_ratio": 0.75,
            "account_receivable_turnover_ratio": 1.82,
            "reinvestment_rate": 48.82,
            "research_to_sale_ratio": 6.99,
            "price_fair": 138.02,
            "eps_avg_yearly": 3.94,
            "eps_latest_yearly": 1.12,
            "eps_growth_yearly": 90.61
        },
        "20151": {
            "year_quarter": 20151,
            "year": 2015,
            "quarter": 1,
            "eps": 1.43,
            "eps_growth_year": 83.33,
            "eps_4q": 2.91,
            "eps_4q_growth_year": -42.03,
            "roe": 3.2,
            "roe_4q": 5.54,
            "gross_profit": 576306,
            "gross_margin": 43.51,
            "gross_margin_4q_avg": 40.48,
            "net_income": 110485,
            "revenue": 1324591,
            "common_shares": 867471,
            "book_valuer_per_share": 33.57,
            "book_valuer_per_share_4q_avg": 32.44,
            "equity": 3487035,
            "current_ratio": 237.89,
            "debt_ratio": 34.69,
            "inventory_turnover_ratio": 0.75,
            "account_receivable_turnover_ratio": 1.91,
            "reinvestment_rate": 51.25,
            "research_to_sale_ratio": 6.13,
            "price_fair": 140.93,
            "eps_avg_yearly": 4.03,
            "eps_latest_yearly": 5.72,
            "eps_growth_yearly": 210.42
        },
        "20152": {
            "year_quarter": 20152,
            "year": 2015,
            "quarter": 2,
            "eps": 0.3,
            "eps_growth_year": -47.37,
            "eps_4q": 2.65,
            "eps_4q_growth_year": 17.99,
            "roe": -0.17,
            "roe_4q": 4.41,
            "gross_profit": 495826,
            "gross_margin": 43.6,
            "gross_margin_4q_avg": 41.4,
            "net_income": -5895,
            "revenue": 1137341,
            "common_shares": 867471,
            "book_valuer_per_share": 31.85,
            "book_valuer_per_share_4q_avg": 32.46,
            "equity": 3304191,
            "current_ratio": 220.33,
            "debt_ratio": 37.05,
            "inventory_turnover_ratio": 0.66,
            "account_receivable_turnover_ratio": 1.8,
            "reinvestment_rate": 43.63,
            "research_to_sale_ratio": 8.49,
            "price_fair": 136.5,
            "eps_avg_yearly": 3.9,
            "eps_latest_yearly": 1.2,
            "eps_growth_yearly": 198.2
        },
        "20153": {
            "year_quarter": 20153,
            "year": 2015,
            "quarter": 3,
            "eps": 0.47,
            "eps_growth_year": -26.56,
            "eps_4q": 2.49,
            "eps_4q_growth_year": 74.66,
            "roe": 0.61,
            "roe_4q": 3.8400000000000003,
            "gross_profit": 553139,
            "gross_margin": 43.93,
            "gross_margin_4q_avg": 42.45,
            "net_income": 20362,
            "revenue": 1259225,
            "common_shares": 867471,
            "book_valuer_per_share": 33.1,
            "book_valuer_per_share_4q_avg": 32.79,
            "equity": 3393351,
            "current_ratio": 233.42,
            "debt_ratio": 36.54,
            "inventory_turnover_ratio": 0.8,
            "account_receivable_turnover_ratio": 1.94,
            "reinvestment_rate": 40.05,
            "research_to_sale_ratio": 9.32,
            "price_fair": 136.15,
            "eps_avg_yearly": 3.89,
            "eps_latest_yearly": 1.88,
            "eps_growth_yearly": 225.91
        },
        "20154": {
            "year_quarter": 20154,
            "year": 2015,
            "quarter": 4,
            "eps": 0.36,
            "eps_growth_year": 30.9,
            "eps_4q": 2.57,
            "eps_4q_growth_year": 13.96,
            "roe": 0.32,
            "roe_4q": 3.96,
            "gross_profit": 540962,
            "gross_margin": 45.61,
            "gross_margin_4q_avg": 44.16,
            "net_income": 10942,
            "revenue": 1186093,
            "common_shares": 867471,
            "book_valuer_per_share": 33.33,
            "book_valuer_per_share_4q_avg": 32.96,
            "equity": 3384468,
            "current_ratio": 213.2,
            "debt_ratio": 38.18,
            "inventory_turnover_ratio": 0.79,
            "account_receivable_turnover_ratio": 1.72,
            "reinvestment_rate": 30.69,
            "research_to_sale_ratio": 10.92,
            "price_fair": 129.55,
            "eps_avg_yearly": 3.7,
            "eps_latest_yearly": 1.44,
            "eps_growth_yearly": 201.34
        },
        "20161": {
            "year_quarter": 20161,
            "year": 2016,
            "quarter": 1,
            "eps": 2,
            "eps_growth_year": 39.86,
            "eps_4q": 3.14,
            "eps_4q_growth_year": 7.79,
            "roe": 4.27,
            "roe_4q": 5.03,
            "gross_profit": 614048,
            "gross_margin": 47.42,
            "gross_margin_4q_avg": 45.14,
            "net_income": 152093,
            "revenue": 1295009,
            "common_shares": 867471,
            "book_valuer_per_share": 35.78,
            "book_valuer_per_share_4q_avg": 33.52,
            "equity": 3743568,
            "current_ratio": 273.81,
            "debt_ratio": 37.37,
            "inventory_turnover_ratio": 0.86,
            "account_receivable_turnover_ratio": 1.87,
            "reinvestment_rate": 35.69,
            "research_to_sale_ratio": 5.92,
            "price_fair": 140.3,
            "eps_avg_yearly": 4.01,
            "eps_latest_yearly": 8,
            "eps_growth_yearly": 317.11
        },
        "20162": {
            "year_quarter": 20162,
            "year": 2016,
            "quarter": 2,
            "eps": 0.87,
            "eps_growth_year": 190,
            "eps_4q": 3.71,
            "eps_4q_growth_year": 39.86,
            "roe": 1.38,
            "roe_4q": 6.58,
            "gross_profit": 601729,
            "gross_margin": 46.6,
            "gross_margin_4q_avg": 45.89,
            "net_income": 52158,
            "revenue": 1291263,
            "common_shares": 867471,
            "book_valuer_per_share": 34.52,
            "book_valuer_per_share_4q_avg": 34.18,
            "equity": 3804961,
            "current_ratio": 257.97,
            "debt_ratio": 42.62,
            "inventory_turnover_ratio": 0.87,
            "account_receivable_turnover_ratio": 1.79,
            "reinvestment_rate": 29.4,
            "research_to_sale_ratio": 6.51,
            "price_fair": 145.4,
            "eps_avg_yearly": 4.15,
            "eps_latest_yearly": 3.48,
            "eps_growth_yearly": 320.9
        },
        "20163": {
            "year_quarter": 20163,
            "year": 2016,
            "quarter": 3,
            "eps": 0.94,
            "eps_growth_year": 100,
            "eps_4q": 4.17,
            "eps_4q_growth_year": 67.73,
            "roe": 1.6,
            "roe_4q": 7.57,
            "gross_profit": 609635,
            "gross_margin": 47.71,
            "gross_margin_4q_avg": 46.84,
            "net_income": 60780,
            "revenue": 1277674,
            "common_shares": 867471,
            "book_valuer_per_share": 34.74,
            "book_valuer_per_share_4q_avg": 34.59,
            "equity": 3813021,
            "current_ratio": 275.24,
            "debt_ratio": 40.11,
            "inventory_turnover_ratio": 0.75,
            "account_receivable_turnover_ratio": 1.8,
            "reinvestment_rate": 25.5,
            "research_to_sale_ratio": 8.47,
            "price_fair": 146.5,
            "eps_avg_yearly": 4.19,
            "eps_latest_yearly": 3.76,
            "eps_growth_yearly": 285.9
        },
        "20164": {
            "year_quarter": 20164,
            "year": 2016,
            "quarter": 4,
            "eps": 1.61,
            "eps_growth_year": 340.69,
            "eps_4q": 5.41,
            "eps_4q_growth_year": 110.44,
            "roe": 3.07,
            "roe_4q": 10.32,
            "gross_profit": 587730,
            "gross_margin": 42.96,
            "gross_margin_4q_avg": 46.17,
            "net_income": 118659,
            "revenue": 1368097,
            "common_shares": 867471,
            "book_valuer_per_share": 36.25,
            "book_valuer_per_share_4q_avg": 35.32,
            "equity": 3916001,
            "current_ratio": 264.19,
            "debt_ratio": 39.63,
            "inventory_turnover_ratio": 0.78,
            "account_receivable_turnover_ratio": 1.9,
            "reinvestment_rate": 24.83,
            "research_to_sale_ratio": 6.91,
            "price_fair": 158.6,
            "eps_avg_yearly": 4.53,
            "eps_latest_yearly": 6.44,
            "eps_growth_yearly": 321.06
        },
        "20171": {
            "year_quarter": 20171,
            "year": 2017,
            "quarter": 1,
            "eps": 2.02,
            "eps_growth_year": 1,
            "eps_4q": 5.43,
            "eps_4q_growth_year": 72.99,
            "roe": 3.84,
            "roe_4q": 9.89,
            "gross_profit": 619230,
            "gross_margin": 46.54,
            "gross_margin_4q_avg": 45.95,
            "net_income": 151026,
            "revenue": 1330394,
            "common_shares": 867471,
            "book_valuer_per_share": 36.98,
            "book_valuer_per_share_4q_avg": 35.62,
            "equity": 3954034,
            "current_ratio": 282.42,
            "debt_ratio": 36.39,
            "inventory_turnover_ratio": 0.72,
            "account_receivable_turnover_ratio": 1.82,
            "reinvestment_rate": -27.61,
            "research_to_sale_ratio": 5.12,
            "price_fair": 162.9,
            "eps_avg_yearly": 4.65,
            "eps_latest_yearly": 8.08,
            "eps_growth_yearly": 243.34
        },
        "20172": {
            "year_quarter": 20172,
            "year": 2017,
            "quarter": 2,
            "eps": 1.24,
            "eps_growth_year": 42.53,
            "eps_4q": 5.81,
            "eps_4q_growth_year": 56.66,
            "roe": 2.06,
            "roe_4q": 10.57,
            "gross_profit": 599072,
            "gross_margin": 48.58,
            "gross_margin_4q_avg": 46.45,
            "net_income": 80694,
            "revenue": 1233281,
            "common_shares": 867471,
            "book_valuer_per_share": 36.45,
            "book_valuer_per_share_4q_avg": 36.11,
            "equity": 3880752,
            "current_ratio": 238.77,
            "debt_ratio": 37.83,
            "inventory_turnover_ratio": 0.71,
            "account_receivable_turnover_ratio": 1.85,
            "reinvestment_rate": 22.49,
            "research_to_sale_ratio": 5.16,
            "price_fair": 141.9,
            "eps_avg_yearly": 4.05,
            "eps_latest_yearly": 4.96,
            "eps_growth_yearly": 200.86
        },
        "20173": {
            "year_quarter": 20173,
            "year": 2017,
            "quarter": 3,
            "eps": 1.88,
            "eps_growth_year": 100,
            "eps_4q": 6.75,
            "eps_4q_growth_year": 61.74,
            "roe": 3.24,
            "roe_4q": 12.21,
            "gross_profit": 649540,
            "gross_margin": 48.47,
            "gross_margin_4q_avg": 46.64,
            "net_income": 130143,
            "revenue": 1339963,
            "common_shares": 867471,
            "book_valuer_per_share": 37.89,
            "book_valuer_per_share_4q_avg": 36.89,
            "equity": 4157530,
            "current_ratio": 234.23,
            "debt_ratio": 37.61,
            "inventory_turnover_ratio": 0.74,
            "account_receivable_turnover_ratio": 2.15,
            "reinvestment_rate": 1.85,
            "research_to_sale_ratio": 6.63,
            "price_fair": 146.1,
            "eps_avg_yearly": 4.17,
            "eps_latest_yearly": 7.52,
            "eps_growth_yearly": 231.69
        },
        "20174": {
            "year_quarter": 20174,
            "year": 2017,
            "quarter": 4,
            "eps": 0.15,
            "eps_growth_year": -90.6,
            "eps_4q": 5.29,
            "eps_4q_growth_year": -2.32,
            "roe": -0.56,
            "roe_4q": 8.58,
            "gross_profit": 599776,
            "gross_margin": 45.35,
            "gross_margin_4q_avg": 47.24,
            "net_income": -23156,
            "revenue": 1322660,
            "common_shares": 867471,
            "book_valuer_per_share": 37.67,
            "book_valuer_per_share_4q_avg": 37.25,
            "equity": 4097864,
            "current_ratio": 208.4,
            "debt_ratio": 38.41,
            "inventory_turnover_ratio": 0.69,
            "account_receivable_turnover_ratio": 1.97,
            "reinvestment_rate": 45.15,
            "research_to_sale_ratio": 11.95,
            "price_fair": 137.76,
            "eps_avg_yearly": 3.94,
            "eps_latest_yearly": 0.6,
            "eps_growth_yearly": 191.7
        },
        "20181": {
            "year_quarter": 20181,
            "year": 2018,
            "quarter": 1,
            "eps": 1.54,
            "eps_growth_year": -23.76,
            "eps_4q": 4.81,
            "eps_4q_growth_year": -11.38,
            "roe": 2.82,
            "roe_4q": 7.5600000000000005,
            "gross_profit": 635562,
            "gross_margin": 46.58,
            "gross_margin_4q_avg": 47.25,
            "net_income": 116882,
            "revenue": 1364325,
            "common_shares": 867471,
            "book_valuer_per_share": 39.01,
            "book_valuer_per_share_4q_avg": 37.76,
            "equity": 4196730,
            "current_ratio": 256.24,
            "debt_ratio": 37.32,
            "inventory_turnover_ratio": 0.73,
            "account_receivable_turnover_ratio": 1.94,
            "reinvestment_rate": 41.13,
            "research_to_sale_ratio": 5.71,
            "price_fair": 142.63,
            "eps_avg_yearly": 4.08,
            "eps_latest_yearly": 6.16,
            "eps_growth_yearly": 411.39
        },
        "20182": {
            "year_quarter": 20182,
            "year": 2018,
            "quarter": 2,
            "eps": 0.11,
            "eps_growth_year": -91.13,
            "eps_4q": 3.68,
            "eps_4q_growth_year": -36.57,
            "roe": -0.36,
            "roe_4q": 5.140000000000001,
            "gross_profit": 624576,
            "gross_margin": 46.76,
            "gross_margin_4q_avg": 46.79,
            "net_income": -14698,
            "revenue": 1335842,
            "common_shares": 867471,
            "book_valuer_per_share": 36.92,
            "book_valuer_per_share_4q_avg": 37.87,
            "equity": 3979977,
            "current_ratio": 219.69,
            "debt_ratio": 40.67,
            "inventory_turnover_ratio": 0.85,
            "account_receivable_turnover_ratio": 1.83,
            "reinvestment_rate": 36.22,
            "research_to_sale_ratio": 6.55,
            "price_fair": 138.6,
            "eps_avg_yearly": 3.96,
            "eps_latest_yearly": 0.44,
            "eps_growth_yearly": 394.9
        },
        "20183": {
            "year_quarter": 20183,
            "year": 2018,
            "quarter": 3,
            "eps": 0.97,
            "eps_growth_year": -48.4,
            "eps_4q": 2.78,
            "eps_4q_growth_year": -58.81,
            "roe": 1.4,
            "roe_4q": 3.3,
            "gross_profit": 670885,
            "gross_margin": 48.87,
            "gross_margin_4q_avg": 46.89,
            "net_income": 56019,
            "revenue": 1372833,
            "common_shares": 867471,
            "book_valuer_per_share": 37.95,
            "book_valuer_per_share_4q_avg": 37.89,
            "equity": 4042277,
            "current_ratio": 214.9,
            "debt_ratio": 41.53,
            "inventory_turnover_ratio": 0.87,
            "account_receivable_turnover_ratio": 1.8,
            "reinvestment_rate": 39.88,
            "research_to_sale_ratio": 7.18,
            "price_fair": 141.49,
            "eps_avg_yearly": 4.04,
            "eps_latest_yearly": 3.88,
            "eps_growth_yearly": 587.29
        },
        "20184": {
            "year_quarter": 20184,
            "year": 2018,
            "quarter": 4,
            "eps": 0.22,
            "eps_growth_year": 43.68,
            "eps_4q": 2.84,
            "eps_4q_growth_year": -46.21,
            "roe": -0.26,
            "roe_4q": 3.5999999999999996,
            "gross_profit": 649208,
            "gross_margin": 45.17,
            "gross_margin_4q_avg": 46.85,
            "net_income": -10667,
            "revenue": 1437173,
            "common_shares": 867471,
            "book_valuer_per_share": 37.84,
            "book_valuer_per_share_4q_avg": 37.93,
            "equity": 4142283,
            "current_ratio": 231.46,
            "debt_ratio": 42.78,
            "inventory_turnover_ratio": 0.83,
            "account_receivable_turnover_ratio": 1.86,
            "reinvestment_rate": 40.04,
            "research_to_sale_ratio": 8.73,
            "price_fair": 140.96,
            "eps_avg_yearly": 4.03,
            "eps_latest_yearly": 0.88,
            "eps_growth_yearly": 582.02
        },
        "20191": {
            "year_quarter": 20191,
            "year": 2019,
            "quarter": 1,
            "eps": 1.5,
            "eps_growth_year": -2.6,
            "eps_4q": 2.8,
            "eps_4q_growth_year": -41.9,
            "roe": 2.54,
            "roe_4q": 3.3200000000000003,
            "gross_profit": 699321,
            "gross_margin": 46.55,
            "gross_margin_4q_avg": 46.84,
            "net_income": 107041,
            "revenue": 1502177,
            "common_shares": 867471,
            "book_valuer_per_share": 39.59,
            "book_valuer_per_share_4q_avg": 38.08,
            "equity": 4273898,
            "current_ratio": 254.18,
            "debt_ratio": 42.35,
            "inventory_turnover_ratio": 0.74,
            "account_receivable_turnover_ratio": 1.91,
            "reinvestment_rate": 31.05,
            "research_to_sale_ratio": 5.91,
            "price_fair": 141.58,
            "eps_avg_yearly": 4.05,
            "eps_latest_yearly": 6,
            "eps_growth_yearly": 624.8
        },
        "20192": {
            "year_quarter": 20192,
            "year": 2019,
            "quarter": 2,
            "eps": 0.62,
            "eps_growth_year": 463.64,
            "eps_4q": 3.3,
            "eps_4q_growth_year": -10.37,
            "roe": 0.67,
            "roe_4q": 4.35,
            "gross_profit": 725051,
            "gross_margin": 47.72,
            "gross_margin_4q_avg": 47.08,
            "net_income": 27407,
            "revenue": 1519476,
            "common_shares": 867471,
            "book_valuer_per_share": 37.22,
            "book_valuer_per_share_4q_avg": 38.15,
            "equity": 3915544,
            "current_ratio": 192.54,
            "debt_ratio": 48.26,
            "inventory_turnover_ratio": 0.7,
            "account_receivable_turnover_ratio": 1.99,
            "reinvestment_rate": 32.53,
            "research_to_sale_ratio": 6.17,
            "price_fair": 144.38,
            "eps_avg_yearly": 4.13,
            "eps_latest_yearly": 2.48,
            "eps_growth_yearly": 629.89
        },
        "20193": {
            "year_quarter": 20193,
            "year": 2019,
            "quarter": 3,
            "eps": 0.36,
            "eps_growth_year": -62.89,
            "eps_4q": 2.69,
            "eps_4q_growth_year": -3.2,
            "roe": 0.21,
            "roe_4q": 3.16,
            "gross_profit": 659207,
            "gross_margin": 44.85,
            "gross_margin_4q_avg": 46.07,
            "net_income": 8072,
            "revenue": 1469796,
            "common_shares": 867471,
            "book_valuer_per_share": 37.43,
            "book_valuer_per_share_4q_avg": 38.02,
            "equity": 3915087,
            "current_ratio": 182.82,
            "debt_ratio": 49.52,
            "inventory_turnover_ratio": 0.66,
            "account_receivable_turnover_ratio": 1.98,
            "reinvestment_rate": 43.7,
            "research_to_sale_ratio": 6.12,
            "price_fair": 143.41,
            "eps_avg_yearly": 4.1,
            "eps_latest_yearly": 1.44,
            "eps_growth_yearly": 605.24
        },
        "20194": {
            "year_quarter": 20194,
            "year": 2019,
            "quarter": 4,
            "eps": 0.38,
            "eps_growth_year": 76.22,
            "eps_4q": 2.86,
            "eps_4q_growth_year": 0.38,
            "roe": -0.15,
            "roe_4q": 3.27,
            "gross_profit": 731147,
            "gross_margin": 45.65,
            "gross_margin_4q_avg": 46.19,
            "net_income": -5745,
            "revenue": 1601804,
            "common_shares": 867471,
            "book_valuer_per_share": 36.83,
            "book_valuer_per_share_4q_avg": 37.77,
            "equity": 3811742,
            "current_ratio": 173.24,
            "debt_ratio": 51.58,
            "inventory_turnover_ratio": 0.64,
            "account_receivable_turnover_ratio": 2.18,
            "reinvestment_rate": 43.7,
            "research_to_sale_ratio": 7.63,
            "price_fair": 143.59,
            "eps_avg_yearly": 4.1,
            "eps_latest_yearly": 1.52,
            "eps_growth_yearly": 612.48
        },
        "20201": {
            "year_quarter": 20201,
            "year": 2020,
            "quarter": 1,
            "eps": 1.36,
            "eps_growth_year": -9.33,
            "eps_4q": 2.72,
            "eps_4q_growth_year": -2.77,
            "roe": 2.77,
            "roe_4q": 3.5,
            "gross_profit": 744470,
            "gross_margin": 48.03,
            "gross_margin_4q_avg": 46.56,
            "net_income": 106989,
            "revenue": 1549959,
            "common_shares": 867471,
            "book_valuer_per_share": 38.15,
            "book_valuer_per_share_4q_avg": 37.41,
            "equity": 3917960,
            "current_ratio": 181.5,
            "debt_ratio": 50.93,
            "inventory_turnover_ratio": 0.6,
            "account_receivable_turnover_ratio": 2.18,
            "reinvestment_rate": 44.68,
            "research_to_sale_ratio": 4.36,
            "price_fair": 137.99,
            "eps_avg_yearly": 3.94,
            "eps_latest_yearly": 5.44,
            "eps_growth_yearly": 563.06
        },
        "20202": {
            "year_quarter": 20202,
            "year": 2020,
            "quarter": 2,
            "eps": 1.48,
            "eps_growth_year": 138.71,
            "eps_4q": 3.58,
            "eps_4q_growth_year": 8.49,
            "roe": 2.84,
            "roe_4q": 5.669999999999999,
            "gross_profit": 624717,
            "gross_margin": 46.46,
            "gross_margin_4q_avg": 46.25,
            "net_income": 111663,
            "revenue": 1344501,
            "common_shares": 867471,
            "book_valuer_per_share": 38.51,
            "book_valuer_per_share_4q_avg": 37.73,
            "equity": 3933545,
            "current_ratio": 177.05,
            "debt_ratio": 51.68,
            "inventory_turnover_ratio": 0.57,
            "account_receivable_turnover_ratio": 2.07,
            "reinvestment_rate": 42.75,
            "research_to_sale_ratio": 4.87,
            "price_fair": 143.33,
            "eps_avg_yearly": 4.1,
            "eps_latest_yearly": 5.92,
            "eps_growth_yearly": 579.39
        },
        "20203": {
            "year_quarter": 20203,
            "year": 2020,
            "quarter": 3,
            "eps": -0.15,
            "eps_growth_year": -141.67,
            "eps_4q": 3.07,
            "eps_4q_growth_year": 14.07,
            "roe": -0.84,
            "roe_4q": 4.619999999999999,
            "gross_profit": 503171,
            "gross_margin": 43.09,
            "gross_margin_4q_avg": 45.81,
            "net_income": -33481,
            "revenue": 1167706,
            "common_shares": 867471,
            "book_valuer_per_share": 37.98,
            "book_valuer_per_share_4q_avg": 37.87,
            "equity": 4042692,
            "current_ratio": 194.15,
            "debt_ratio": 49.73,
            "inventory_turnover_ratio": 0.51,
            "account_receivable_turnover_ratio": 2.14,
            "reinvestment_rate": 43.43,
            "research_to_sale_ratio": 7.7,
            "price_fair": 144.11,
            "eps_avg_yearly": 4.12,
            "eps_latest_yearly": 5.92,
            "eps_growth_yearly": 615.87
        },
        "20204": {
            "year_quarter": 20204,
            "year": 2020,
            "quarter": 4,
            "eps": -0.39,
            "eps_growth_year": -201.32,
            "eps_4q": 2.3,
            "eps_4q_growth_year": -19.53,
            "roe": -1.97,
            "roe_4q": 2.8,
            "gross_profit": 549696,
            "gross_margin": 41.6,
            "gross_margin_4q_avg": 44.8,
            "net_income": -78293,
            "revenue": 1321491,
            "common_shares": 867471,
            "book_valuer_per_share": 36.99,
            "book_valuer_per_share_4q_avg": 37.91,
            "equity": 3905041,
            "current_ratio": 177.74,
            "debt_ratio": 52.14,
            "inventory_turnover_ratio": 0.58,
            "account_receivable_turnover_ratio": 2.56,
            "reinvestment_rate": 38.56,
            "research_to_sale_ratio": 10.87,
            "price_fair": 138.3,
            "eps_avg_yearly": 3.95,
            "eps_latest_yearly": 5.92,
            "eps_growth_yearly": 639.5
        },
        "20211": {
            "year_quarter": 20211,
            "year": 2021,
            "quarter": 1,
            "eps": 0.07,
            "eps_growth_year": -94.85,
            "eps_4q": 1,
            "eps_4q_growth_year": -63.11,
            "roe": -0.27,
            "roe_4q": -0.2400000000000002,
            "gross_profit": 537187,
            "gross_margin": 44.22,
            "gross_margin_4q_avg": 43.84,
            "net_income": -10374,
            "revenue": 1214933,
            "common_shares": 867471,
            "book_valuer_per_share": 36.97,
            "book_valuer_per_share_4q_avg": 37.61,
            "equity": 3885742,
            "current_ratio": 171.18,
            "debt_ratio": 52.36,
            "inventory_turnover_ratio": 0.52,
            "account_receivable_turnover_ratio": 2.22,
            "reinvestment_rate": 41.38,
            "research_to_sale_ratio": 5.91,
            "price_fair": 127.18,
            "eps_avg_yearly": 3.63,
            "eps_latest_yearly": 5.92,
            "eps_growth_yearly": 680.85
        },
        "20212": {
            "year_quarter": 20212,
            "year": 2021,
            "quarter": 2,
            "eps": -0.08,
            "eps_growth_year": -105.41,
            "eps_4q": -0.55,
            "eps_4q_growth_year": -115.41,
            "roe": -0.47,
            "roe_4q": -3.55,
            "gross_profit": 515903,
            "gross_margin": 45.61,
            "gross_margin_4q_avg": 43.63,
            "net_income": -17495,
            "revenue": 1131033,
            "common_shares": 867471,
            "book_valuer_per_share": 34.1,
            "book_valuer_per_share_4q_avg": 36.51,
            "equity": 3500193,
            "current_ratio": 136.91,
            "debt_ratio": 57.73,
            "inventory_turnover_ratio": 0.49,
            "account_receivable_turnover_ratio": 1.97,
            "reinvestment_rate": 81.98,
            "research_to_sale_ratio": 9.08,
            "price_fair": 123.32,
            "eps_avg_yearly": 3.52,
            "eps_latest_yearly": 5.92,
            "eps_growth_yearly": 750.46
        },
        "20213": {
            "year_quarter": 20213,
            "year": 2021,
            "quarter": 3,
            "eps": -0.54,
            "eps_growth_year": null,
            "eps_4q": -0.94,
            "eps_4q_growth_year": -130.67,
            "roe": -1.62,
            "roe_4q": -4.33,
            "gross_profit": 504321,
            "gross_margin": 44.23,
            "gross_margin_4q_avg": 43.92,
            "net_income": -55051,
            "revenue": 1140226,
            "common_shares": 867471,
            "book_valuer_per_share": 32,
            "book_valuer_per_share_4q_avg": 35.02,
            "equity": 3308027,
            "current_ratio": 124.16,
            "debt_ratio": 61.41,
            "inventory_turnover_ratio": 0.55,
            "account_receivable_turnover_ratio": 1.92,
            "reinvestment_rate": 124.29,
            "research_to_sale_ratio": 7.86,
            "price_fair": 110.6,
            "eps_avg_yearly": 3.16,
            "eps_latest_yearly": 5.92,
            "eps_growth_yearly": 799.92
        },
        "20214": {
            "year_quarter": 20214,
            "year": 2021,
            "quarter": 4,
            "eps": 1.94,
            "eps_growth_year": null,
            "eps_4q": 1.39,
            "eps_4q_growth_year": -39.7,
            "roe": 4.65,
            "roe_4q": 2.2900000000000005,
            "gross_profit": 593318,
            "gross_margin": 46.32,
            "gross_margin_4q_avg": 45.1,
            "net_income": 157216,
            "revenue": 1280836,
            "common_shares": 867471,
            "book_valuer_per_share": 33.91,
            "book_valuer_per_share_4q_avg": 34.25,
            "equity": 3453082,
            "current_ratio": 121.45,
            "debt_ratio": 63.28,
            "inventory_turnover_ratio": 0.64,
            "account_receivable_turnover_ratio": 2.15,
            "reinvestment_rate": 186.64,
            "research_to_sale_ratio": 5.23,
            "price_fair": 119.56,
            "eps_avg_yearly": 3.42,
            "eps_latest_yearly": 5.92,
            "eps_growth_yearly": 916.72
        },
        "20221": {
            "year_quarter": 20221,
            "year": 2022,
            "quarter": 1,
            "eps": 0.27,
            "eps_growth_year": 285.71,
            "eps_4q": 1.59,
            "eps_4q_growth_year": 58.53,
            "roe": 0.73,
            "roe_4q": 3.290000000000001,
            "gross_profit": 495132,
            "gross_margin": 43.3,
            "gross_margin_4q_avg": 44.87,
            "net_income": 25729,
            "revenue": 1143513,
            "common_shares": 867471,
            "book_valuer_per_share": 35.21,
            "book_valuer_per_share_4q_avg": 33.81,
            "equity": 3569805,
            "current_ratio": 123.97,
            "debt_ratio": 64.3,
            "inventory_turnover_ratio": 0.65,
            "account_receivable_turnover_ratio": 1.96,
            "reinvestment_rate": 301.74,
            "research_to_sale_ratio": 4.16,
            "price_fair": 101.78,
            "eps_avg_yearly": 2.91,
            "eps_latest_yearly": 1.08,
            "eps_growth_yearly": 511.62
        },
        "20222": {
            "year_quarter": 20222,
            "year": 2022,
            "quarter": 2,
            "eps": -1.12,
            "eps_growth_year": null,
            "eps_4q": 0.55,
            "eps_4q_growth_year": null,
            "roe": -2.41,
            "roe_4q": 1.35,
            "gross_profit": 545186,
            "gross_margin": 45.34,
            "gross_margin_4q_avg": 44.8,
            "net_income": -84851,
            "revenue": 1202499,
            "common_shares": 867471,
            "book_valuer_per_share": 33.92,
            "book_valuer_per_share_4q_avg": 33.76,
            "equity": 3463309,
            "current_ratio": 119.78,
            "debt_ratio": 64.7,
            "inventory_turnover_ratio": 0.67,
            "account_receivable_turnover_ratio": 2.08,
            "reinvestment_rate": 349.21,
            "research_to_sale_ratio": 7.26,
            "price_fair": 111.38,
            "eps_avg_yearly": 3.18,
            "eps_latest_yearly": 1.08,
            "eps_growth_yearly": 609.74
        },
        "20223": {
            "year_quarter": 20223,
            "year": 2022,
            "quarter": 3,
            "eps": -2.16,
            "eps_growth_year": null,
            "eps_4q": -1.07,
            "eps_4q_growth_year": null,
            "roe": -5.46,
            "roe_4q": -2.49,
            "gross_profit": 478289,
            "gross_margin": 43.46,
            "gross_margin_4q_avg": 44.61,
            "net_income": -188168,
            "revenue": 1100412,
            "common_shares": 867471,
            "book_valuer_per_share": 33.54,
            "book_valuer_per_share_4q_avg": 34.15,
            "equity": 3427172,
            "current_ratio": 115.02,
            "debt_ratio": 65.78,
            "inventory_turnover_ratio": 0.63,
            "account_receivable_turnover_ratio": 1.91,
            "reinvestment_rate": 633.18,
            "research_to_sale_ratio": 4.61,
            "price_fair": 108.33,
            "eps_avg_yearly": 3.1,
            "eps_latest_yearly": 1.08,
            "eps_growth_yearly": 295.04
        },
        "20224": {
            "year_quarter": 20224,
            "year": 2022,
            "quarter": 4,
            "eps": -0.57,
            "eps_growth_year": -129.49,
            "eps_4q": -3.58,
            "eps_4q_growth_year": -358.63,
            "roe": -1.4,
            "roe_4q": -8.54,
            "gross_profit": 513686,
            "gross_margin": 40.01,
            "gross_margin_4q_avg": 43.03,
            "net_income": -48078,
            "revenue": 1284031,
            "common_shares": 867471,
            "book_valuer_per_share": 33.76,
            "book_valuer_per_share_4q_avg": 34.11,
            "equity": 3443774,
            "current_ratio": 110.33,
            "debt_ratio": 66.98,
            "inventory_turnover_ratio": 0.68,
            "account_receivable_turnover_ratio": 1.96,
            "reinvestment_rate": 498.28,
            "research_to_sale_ratio": 5.79,
            "price_fair": 119.4,
            "eps_avg_yearly": 3.41,
            "eps_latest_yearly": 1.08,
            "eps_growth_yearly": 381.38
        },
        "20231": {
            "year_quarter": 20231,
            "year": 2023,
            "quarter": 1,
            "eps": 0.32,
            "eps_growth_year": 18.52,
            "eps_4q": -3.53,
            "eps_4q_growth_year": -322.21,
            "roe": 0.86,
            "roe_4q": -8.41,
            "gross_profit": 523853,
            "gross_margin": 45.52,
            "gross_margin_4q_avg": 43.58,
            "net_income": 30808,
            "revenue": 1150831,
            "common_shares": 867471,
            "book_valuer_per_share": 35.33,
            "book_valuer_per_share_4q_avg": 34.14,
            "equity": 3706320,
            "current_ratio": 112.84,
            "debt_ratio": 65.33,
            "inventory_turnover_ratio": 0.5,
            "account_receivable_turnover_ratio": 1.61,
            "reinvestment_rate": 824.11,
            "research_to_sale_ratio": 1.98,
            "price_fair": 104.3,
            "eps_avg_yearly": 2.98,
            "eps_latest_yearly": 1.08,
            "eps_growth_yearly": 57.06
        }
    },
    "months": {
        "2003-09": {
            "month": "2003-09",
            "price": "26.00",
            "revenue": 140703
        },
        "2003-10": {
            "month": "2003-10",
            "price": "26.11",
            "revenue": 152476
        },
        "2003-11": {
            "month": "2003-11",
            "price": "19.50",
            "revenue": 161402
        },
        "2003-12": {
            "month": "2003-12",
            "price": "19.57",
            "revenue": 143658
        },
        "2004-01": {
            "month": "2004-01",
            "price": "19.29",
            "revenue": 160720
        },
        "2004-02": {
            "month": "2004-02",
            "price": "20.01",
            "revenue": 135059
        },
        "2004-03": {
            "month": "2004-03",
            "price": "19.00",
            "revenue": 164965
        },
        "2004-04": {
            "month": "2004-04",
            "price": "17.80",
            "revenue": 160820
        },
        "2004-05": {
            "month": "2004-05",
            "price": "14.86",
            "revenue": 158382
        },
        "2004-06": {
            "month": "2004-06",
            "price": "14.12",
            "revenue": 161689
        },
        "2004-07": {
            "month": "2004-07",
            "price": "11.62",
            "revenue": 150857
        },
        "2004-08": {
            "month": "2004-08",
            "price": "10.48",
            "revenue": 166432
        },
        "2004-09": {
            "month": "2004-09",
            "price": "10.98",
            "revenue": 160206
        },
        "2004-10": {
            "month": "2004-10",
            "price": "14.26",
            "revenue": 174358
        },
        "2004-11": {
            "month": "2004-11",
            "price": "16.90",
            "revenue": 181281
        },
        "2004-12": {
            "month": "2004-12",
            "price": "15.73",
            "revenue": 183681
        },
        "2005-01": {
            "month": "2005-01",
            "price": "14.96",
            "revenue": 188822
        },
        "2005-02": {
            "month": "2005-02",
            "price": "16.40",
            "revenue": 134524
        },
        "2005-03": {
            "month": "2005-03",
            "price": "15.70",
            "revenue": 174308
        },
        "2005-04": {
            "month": "2005-04",
            "price": "14.87",
            "revenue": 153475
        },
        "2005-05": {
            "month": "2005-05",
            "price": "15.78",
            "revenue": 180540
        },
        "2005-06": {
            "month": "2005-06",
            "price": "16.28",
            "revenue": 170460
        },
        "2005-07": {
            "month": "2005-07",
            "price": "17.12",
            "revenue": 168355
        },
        "2005-08": {
            "month": "2005-08",
            "price": "17.48",
            "revenue": 179968
        },
        "2005-09": {
            "month": "2005-09",
            "price": "18.69",
            "revenue": 162287
        },
        "2005-10": {
            "month": "2005-10",
            "price": "19.10",
            "revenue": 178675
        },
        "2005-11": {
            "month": "2005-11",
            "price": "18.74",
            "revenue": 192316
        },
        "2005-12": {
            "month": "2005-12",
            "price": "18.52",
            "revenue": 176607
        },
        "2006-01": {
            "month": "2006-01",
            "price": "19.15",
            "revenue": 232812
        },
        "2006-02": {
            "month": "2006-02",
            "price": "19.73",
            "revenue": 142442
        },
        "2006-03": {
            "month": "2006-03",
            "price": "19.41",
            "revenue": 171316
        },
        "2006-04": {
            "month": "2006-04",
            "price": "20.02",
            "revenue": 182668
        },
        "2006-05": {
            "month": "2006-05",
            "price": "23.43",
            "revenue": 198341
        },
        "2006-06": {
            "month": "2006-06",
            "price": "22.52",
            "revenue": 178317
        },
        "2006-07": {
            "month": "2006-07",
            "price": "22.41",
            "revenue": 185999
        },
        "2006-08": {
            "month": "2006-08",
            "price": "21.57",
            "revenue": 178190
        },
        "2006-09": {
            "month": "2006-09",
            "price": "21.27",
            "revenue": 192692
        },
        "2006-10": {
            "month": "2006-10",
            "price": "22.12",
            "revenue": 192457
        },
        "2006-11": {
            "month": "2006-11",
            "price": "23.18",
            "revenue": 214477
        },
        "2006-12": {
            "month": "2006-12",
            "price": "27.04",
            "revenue": 183466
        },
        "2007-01": {
            "month": "2007-01",
            "price": "31.21",
            "revenue": 241005
        },
        "2007-02": {
            "month": "2007-02",
            "price": "31.72",
            "revenue": 188976
        },
        "2007-03": {
            "month": "2007-03",
            "price": "32.68",
            "revenue": 207486
        },
        "2007-04": {
            "month": "2007-04",
            "price": "35.78",
            "revenue": 210211
        },
        "2007-05": {
            "month": "2007-05",
            "price": "51.07",
            "revenue": 230142
        },
        "2007-06": {
            "month": "2007-06",
            "price": "57.38",
            "revenue": 196313
        },
        "2007-07": {
            "month": "2007-07",
            "price": "67.20",
            "revenue": 351868
        },
        "2007-08": {
            "month": "2007-08",
            "price": "59.91",
            "revenue": 174977
        },
        "2007-09": {
            "month": "2007-09",
            "price": "53.43",
            "revenue": 157816
        },
        "2007-10": {
            "month": "2007-10",
            "price": "43.60",
            "revenue": 210391
        },
        "2007-11": {
            "month": "2007-11",
            "price": "38.26",
            "revenue": 242600
        },
        "2007-12": {
            "month": "2007-12",
            "price": "36.51",
            "revenue": 240885
        },
        "2008-01": {
            "month": "2008-01",
            "price": "36.51",
            "revenue": 371327
        },
        "2008-02": {
            "month": "2008-02",
            "price": "40.19",
            "revenue": 231736
        },
        "2008-03": {
            "month": "2008-03",
            "price": "41.02",
            "revenue": 158877
        },
        "2008-04": {
            "month": "2008-04",
            "price": "46.75",
            "revenue": 273298
        },
        "2008-05": {
            "month": "2008-05",
            "price": "64.28",
            "revenue": 259307
        },
        "2008-06": {
            "month": "2008-06",
            "price": "56.80",
            "revenue": 178310
        },
        "2008-07": {
            "month": "2008-07",
            "price": "48.29",
            "revenue": 267895
        },
        "2008-08": {
            "month": "2008-08",
            "price": "47.98",
            "revenue": 255504
        },
        "2008-09": {
            "month": "2008-09",
            "price": "42.84",
            "revenue": 230283
        },
        "2008-10": {
            "month": "2008-10",
            "price": "43.67",
            "revenue": 259911
        },
        "2008-11": {
            "month": "2008-11",
            "price": "46.20",
            "revenue": 262518
        },
        "2008-12": {
            "month": "2008-12",
            "price": "44.86",
            "revenue": 237035
        },
        "2009-01": {
            "month": "2009-01",
            "price": "45.39",
            "revenue": 356006
        },
        "2009-02": {
            "month": "2009-02",
            "price": "44.41",
            "revenue": 241122
        },
        "2009-03": {
            "month": "2009-03",
            "price": "47.70",
            "revenue": 346326
        },
        "2009-04": {
            "month": "2009-04",
            "price": "57.41",
            "revenue": 336889
        },
        "2009-05": {
            "month": "2009-05",
            "price": "56.90",
            "revenue": 337066
        },
        "2009-06": {
            "month": "2009-06",
            "price": "56.12",
            "revenue": 342437
        },
        "2009-07": {
            "month": "2009-07",
            "price": "69.68",
            "revenue": 274285
        },
        "2009-08": {
            "month": "2009-08",
            "price": "62.44",
            "revenue": 327244
        },
        "2009-09": {
            "month": "2009-09",
            "price": "61.17",
            "revenue": 261198
        },
        "2009-10": {
            "month": "2009-10",
            "price": "62.69",
            "revenue": 335481
        },
        "2009-11": {
            "month": "2009-11",
            "price": "60.30",
            "revenue": 346255
        },
        "2009-12": {
            "month": "2009-12",
            "price": "61.83",
            "revenue": 373352
        },
        "2010-01": {
            "month": "2010-01",
            "price": "58.31",
            "revenue": 349727
        },
        "2010-02": {
            "month": "2010-02",
            "price": "50.49",
            "revenue": 295930
        },
        "2010-03": {
            "month": "2010-03",
            "price": "56.22",
            "revenue": 321555
        },
        "2010-04": {
            "month": "2010-04",
            "price": "57.13",
            "revenue": 354013
        },
        "2010-05": {
            "month": "2010-05",
            "price": "52.56",
            "revenue": 361710
        },
        "2010-06": {
            "month": "2010-06",
            "price": "53.91",
            "revenue": 320278
        },
        "2010-07": {
            "month": "2010-07",
            "price": "55.24",
            "revenue": 345812
        },
        "2010-08": {
            "month": "2010-08",
            "price": "51.54",
            "revenue": 353600
        },
        "2010-09": {
            "month": "2010-09",
            "price": "53.89",
            "revenue": 308204
        },
        "2010-10": {
            "month": "2010-10",
            "price": "59.75",
            "revenue": 339695
        },
        "2010-11": {
            "month": "2010-11",
            "price": "56.91",
            "revenue": 342060
        },
        "2010-12": {
            "month": "2010-12",
            "price": "56.08",
            "revenue": 300019
        },
        "2011-01": {
            "month": "2011-01",
            "price": "52.70",
            "revenue": 404544
        },
        "2011-02": {
            "month": "2011-02",
            "price": "50.79",
            "revenue": 287513
        },
        "2011-03": {
            "month": "2011-03",
            "price": "45.06",
            "revenue": 368832
        },
        "2011-04": {
            "month": "2011-04",
            "price": "46.12",
            "revenue": 351630
        },
        "2011-05": {
            "month": "2011-05",
            "price": "51.19",
            "revenue": 360526
        },
        "2011-06": {
            "month": "2011-06",
            "price": "47.16",
            "revenue": 280892
        },
        "2011-07": {
            "month": "2011-07",
            "price": "48.43",
            "revenue": 321426
        },
        "2011-08": {
            "month": "2011-08",
            "price": "41.65",
            "revenue": 384711
        },
        "2011-09": {
            "month": "2011-09",
            "price": "41.98",
            "revenue": 314726
        },
        "2011-10": {
            "month": "2011-10",
            "price": "40.19",
            "revenue": 372754
        },
        "2011-11": {
            "month": "2011-11",
            "price": "37.78",
            "revenue": 309182
        },
        "2011-12": {
            "month": "2011-12",
            "price": "32.70",
            "revenue": 336136
        },
        "2012-01": {
            "month": "2012-01",
            "price": "34.98",
            "revenue": 411038
        },
        "2012-02": {
            "month": "2012-02",
            "price": "46.16",
            "revenue": 345994
        },
        "2012-03": {
            "month": "2012-03",
            "price": "42.49",
            "revenue": 367147
        },
        "2012-04": {
            "month": "2012-04",
            "price": "37.78",
            "revenue": 370015
        },
        "2012-05": {
            "month": "2012-05",
            "price": "41.84",
            "revenue": 398914
        },
        "2012-06": {
            "month": "2012-06",
            "price": "41.26",
            "revenue": 389463
        },
        "2012-07": {
            "month": "2012-07",
            "price": "42.01",
            "revenue": 341753
        },
        "2012-08": {
            "month": "2012-08",
            "price": "43.91",
            "revenue": 394989
        },
        "2012-09": {
            "month": "2012-09",
            "price": "41.65",
            "revenue": 396845
        },
        "2012-10": {
            "month": "2012-10",
            "price": "44.54",
            "revenue": 419576
        },
        "2012-11": {
            "month": "2012-11",
            "price": "43.72",
            "revenue": 396504
        },
        "2012-12": {
            "month": "2012-12",
            "price": "47.21",
            "revenue": 341619
        },
        "2013-01": {
            "month": "2013-01",
            "price": "56.23",
            "revenue": 572720
        },
        "2013-02": {
            "month": "2013-02",
            "price": "61.41",
            "revenue": 287180
        },
        "2013-03": {
            "month": "2013-03",
            "price": "61.15",
            "revenue": 379317
        },
        "2013-04": {
            "month": "2013-04",
            "price": "60.28",
            "revenue": 375703
        },
        "2013-05": {
            "month": "2013-05",
            "price": "64.02",
            "revenue": 456347
        },
        "2013-06": {
            "month": "2013-06",
            "price": "71.38",
            "revenue": 369965
        },
        "2013-07": {
            "month": "2013-07",
            "price": "81.60",
            "revenue": 328929
        },
        "2013-08": {
            "month": "2013-08",
            "price": "98.03",
            "revenue": 356371
        },
        "2013-09": {
            "month": "2013-09",
            "price": "99.82",
            "revenue": 418029
        },
        "2013-10": {
            "month": "2013-10",
            "price": "98.61",
            "revenue": 404707
        },
        "2013-11": {
            "month": "2013-11",
            "price": "91.36",
            "revenue": 398541
        },
        "2013-12": {
            "month": "2013-12",
            "price": "86.98",
            "revenue": 314843
        },
        "2014-01": {
            "month": "2014-01",
            "price": "81.94",
            "revenue": 437560
        },
        "2014-02": {
            "month": "2014-02",
            "price": "83.21",
            "revenue": 338166
        },
        "2014-03": {
            "month": "2014-03",
            "price": "84.59",
            "revenue": 412579
        },
        "2014-04": {
            "month": "2014-04",
            "price": "78.15",
            "revenue": 424543
        },
        "2014-05": {
            "month": "2014-05",
            "price": "79.07",
            "revenue": 414578
        },
        "2014-06": {
            "month": "2014-06",
            "price": "84.72",
            "revenue": 394035
        },
        "2014-07": {
            "month": "2014-07",
            "price": "92.13",
            "revenue": 398132
        },
        "2014-08": {
            "month": "2014-08",
            "price": "78.47",
            "revenue": 460759
        },
        "2014-09": {
            "month": "2014-09",
            "price": "78.47",
            "revenue": 446106
        },
        "2014-10": {
            "month": "2014-10",
            "price": "73.42",
            "revenue": 445885
        },
        "2014-11": {
            "month": "2014-11",
            "price": "67.54",
            "revenue": 404093
        },
        "2014-12": {
            "month": "2014-12",
            "price": "69.91",
            "revenue": 424478
        },
        "2015-01": {
            "month": "2015-01",
            "price": "67.58",
            "revenue": 474382
        },
        "2015-02": {
            "month": "2015-02",
            "price": "66.36",
            "revenue": 416474
        },
        "2015-03": {
            "month": "2015-03",
            "price": "65.64",
            "revenue": 433480
        },
        "2015-04": {
            "month": "2015-04",
            "price": "63.31",
            "revenue": 388226
        },
        "2015-05": {
            "month": "2015-05",
            "price": "62.70",
            "revenue": 387521
        },
        "2015-06": {
            "month": "2015-06",
            "price": "62.65",
            "revenue": 361821
        },
        "2015-07": {
            "month": "2015-07",
            "price": "61.35",
            "revenue": 431329
        },
        "2015-08": {
            "month": "2015-08",
            "price": "48.75",
            "revenue": 396400
        },
        "2015-09": {
            "month": "2015-09",
            "price": "50.37",
            "revenue": 431527
        },
        "2015-10": {
            "month": "2015-10",
            "price": "53.44",
            "revenue": 411736
        },
        "2015-11": {
            "month": "2015-11",
            "price": "59.26",
            "revenue": 421374
        },
        "2015-12": {
            "month": "2015-12",
            "price": "60.38",
            "revenue": 363224
        },
        "2016-01": {
            "month": "2016-01",
            "price": "53.30",
            "revenue": 516269
        },
        "2016-02": {
            "month": "2016-02",
            "price": "53.42",
            "revenue": 334391
        },
        "2016-03": {
            "month": "2016-03",
            "price": "52.66",
            "revenue": 444365
        },
        "2016-04": {
            "month": "2016-04",
            "price": "52.02",
            "revenue": 392010
        },
        "2016-05": {
            "month": "2016-05",
            "price": "51.76",
            "revenue": 409114
        },
        "2016-06": {
            "month": "2016-06",
            "price": "54.03",
            "revenue": 483716
        },
        "2016-07": {
            "month": "2016-07",
            "price": "64.02",
            "revenue": 343113
        },
        "2016-08": {
            "month": "2016-08",
            "price": "61.56",
            "revenue": 448013
        },
        "2016-09": {
            "month": "2016-09",
            "price": "60.73",
            "revenue": 486552
        },
        "2016-10": {
            "month": "2016-10",
            "price": "58.76",
            "revenue": 479010
        },
        "2016-11": {
            "month": "2016-11",
            "price": "57.72",
            "revenue": 456824
        },
        "2016-12": {
            "month": "2016-12",
            "price": "61.56",
            "revenue": 430439
        },
        "2017-01": {
            "month": "2017-01",
            "price": "60.90",
            "revenue": 439431
        },
        "2017-02": {
            "month": "2017-02",
            "price": "62.60",
            "revenue": 396561
        },
        "2017-03": {
            "month": "2017-03",
            "price": "74.09",
            "revenue": 520979
        },
        "2017-04": {
            "month": "2017-04",
            "price": "73.02",
            "revenue": 381447
        },
        "2017-05": {
            "month": "2017-05",
            "price": "72.97",
            "revenue": 380356
        },
        "2017-06": {
            "month": "2017-06",
            "price": "73.70",
            "revenue": 442398
        },
        "2017-07": {
            "month": "2017-07",
            "price": "68.41",
            "revenue": 405713
        },
        "2017-08": {
            "month": "2017-08",
            "price": "68.64",
            "revenue": 449374
        },
        "2017-09": {
            "month": "2017-09",
            "price": "71.17",
            "revenue": 487226
        },
        "2017-10": {
            "month": "2017-10",
            "price": "69.79",
            "revenue": 414840
        },
        "2017-11": {
            "month": "2017-11",
            "price": "77.76",
            "revenue": 494811
        },
        "2017-12": {
            "month": "2017-12",
            "price": "81.95",
            "revenue": 420448
        },
        "2018-01": {
            "month": "2018-01",
            "price": "80.97",
            "revenue": 535950
        },
        "2018-02": {
            "month": "2018-02",
            "price": "76.32",
            "revenue": 338716
        },
        "2018-03": {
            "month": "2018-03",
            "price": "74.99",
            "revenue": 486837
        },
        "2018-04": {
            "month": "2018-04",
            "price": "73.03",
            "revenue": 459806
        },
        "2018-05": {
            "month": "2018-05",
            "price": "70.94",
            "revenue": 431509
        },
        "2018-06": {
            "month": "2018-06",
            "price": "71.02",
            "revenue": 446404
        },
        "2018-07": {
            "month": "2018-07",
            "price": "68.20",
            "revenue": 374970
        },
        "2018-08": {
            "month": "2018-08",
            "price": "63.10",
            "revenue": 464295
        },
        "2018-09": {
            "month": "2018-09",
            "price": "55.65",
            "revenue": 535051
        },
        "2018-10": {
            "month": "2018-10",
            "price": "52.63",
            "revenue": 427274
        },
        "2018-11": {
            "month": "2018-11",
            "price": "51.23",
            "revenue": 530269
        },
        "2018-12": {
            "month": "2018-12",
            "price": "52.29",
            "revenue": 474813
        },
        "2019-01": {
            "month": "2019-01",
            "price": "53.19",
            "revenue": 645337
        },
        "2019-02": {
            "month": "2019-02",
            "price": "56.39",
            "revenue": 350030
        },
        "2019-03": {
            "month": "2019-03",
            "price": "58.74",
            "revenue": 505885
        },
        "2019-04": {
            "month": "2019-04",
            "price": "58.06",
            "revenue": 510371
        },
        "2019-05": {
            "month": "2019-05",
            "price": "60.73",
            "revenue": 490183
        },
        "2019-06": {
            "month": "2019-06",
            "price": "61.14",
            "revenue": 507852
        },
        "2019-07": {
            "month": "2019-07",
            "price": "61.44",
            "revenue": 487509
        },
        "2019-08": {
            "month": "2019-08",
            "price": "58.26",
            "revenue": 495439
        },
        "2019-09": {
            "month": "2019-09",
            "price": "57.55",
            "revenue": 489065
        },
        "2019-10": {
            "month": "2019-10",
            "price": "55.89",
            "revenue": 521977
        },
        "2019-11": {
            "month": "2019-11",
            "price": "55.56",
            "revenue": 556141
        },
        "2019-12": {
            "month": "2019-12",
            "price": "55.85",
            "revenue": 525422
        },
        "2020-01": {
            "month": "2020-01",
            "price": "53.96",
            "revenue": 510190
        },
        "2020-02": {
            "month": "2020-02",
            "price": "51.71",
            "revenue": 480355
        },
        "2020-03": {
            "month": "2020-03",
            "price": "43.43",
            "revenue": 546948
        },
        "2020-04": {
            "month": "2020-04",
            "price": "41.44",
            "revenue": 468498
        },
        "2020-05": {
            "month": "2020-05",
            "price": "47.35",
            "revenue": 409749
        },
        "2020-06": {
            "month": "2020-06",
            "price": "50.19",
            "revenue": 478720
        },
        "2020-07": {
            "month": "2020-07",
            "price": "53.81",
            "revenue": 309108
        },
        "2020-08": {
            "month": "2020-08",
            "price": "55.90",
            "revenue": 380843
        },
        "2020-09": {
            "month": "2020-09",
            "price": "52.83",
            "revenue": 477755
        },
        "2020-10": {
            "month": "2020-10",
            "price": "50.97",
            "revenue": 388578
        },
        "2020-11": {
            "month": "2020-11",
            "price": "50.35",
            "revenue": 453939
        },
        "2020-12": {
            "month": "2020-12",
            "price": "48.97",
            "revenue": 478974
        },
        "2021-01": {
            "month": "2021-01",
            "price": "47.24",
            "revenue": 478251
        },
        "2021-02": {
            "month": "2021-02",
            "price": "46.49",
            "revenue": 276121
        },
        "2021-03": {
            "month": "2021-03",
            "price": "45.81",
            "revenue": 460561
        },
        "2021-04": {
            "month": "2021-04",
            "price": "47.21",
            "revenue": 340498
        },
        "2021-05": {
            "month": "2021-05",
            "price": "43.29",
            "revenue": 374442
        },
        "2021-06": {
            "month": "2021-06",
            "price": "43.92",
            "revenue": 416093
        },
        "2021-07": {
            "month": "2021-07",
            "price": "42.41",
            "revenue": 348418
        },
        "2021-08": {
            "month": "2021-08",
            "price": "39.92",
            "revenue": 397717
        },
        "2021-09": {
            "month": "2021-09",
            "price": "39.89",
            "revenue": 394091
        },
        "2021-10": {
            "month": "2021-10",
            "price": "40.08",
            "revenue": 435224
        },
        "2021-11": {
            "month": "2021-11",
            "price": "39.63",
            "revenue": 458038
        },
        "2021-12": {
            "month": "2021-12",
            "price": "37.00",
            "revenue": 387574
        },
        "2022-01": {
            "month": "2022-01",
            "price": "34.16",
            "revenue": 443421
        },
        "2022-02": {
            "month": "2022-02",
            "price": "34.41",
            "revenue": 284899
        },
        "2022-03": {
            "month": "2022-03",
            "price": "35.75",
            "revenue": 415193
        },
        "2022-04": {
            "month": "2022-04",
            "price": "36.77",
            "revenue": 357004
        },
        "2022-05": {
            "month": "2022-05",
            "price": "34.58",
            "revenue": 388692
        },
        "2022-06": {
            "month": "2022-06",
            "price": "34.22",
            "revenue": 456802
        },
        "2022-07": {
            "month": "2022-07",
            "price": "33.84",
            "revenue": 312936
        },
        "2022-08": {
            "month": "2022-08",
            "price": "34.17",
            "revenue": 379106
        },
        "2022-09": {
            "month": "2022-09",
            "price": "36.50",
            "revenue": 408370
        },
        "2022-10": {
            "month": "2022-10",
            "price": "35.46",
            "revenue": 422249
        },
        "2022-11": {
            "month": "2022-11",
            "price": "35.79",
            "revenue": 416662
        },
        "2022-12": {
            "month": "2022-12",
            "price": "36.72",
            "revenue": 445120
        },
        "2023-01": {
            "month": "2023-01",
            "price": "35.77",
            "revenue": 398456
        },
        "2023-02": {
            "month": "2023-02",
            "price": "36.22",
            "revenue": 345558
        },
        "2023-03": {
            "month": "2023-03",
            "price": "36.27",
            "revenue": 406818
        },
        "2023-04": {
            "month": "2023-04",
            "price": "37.06",
            "revenue": 320945
        }
    }
}
