{
    "summary": {
        "stock_name": "優盛",
        "stock_id": "4121",
        "category": "生技醫療",
        "main_business": "數位式血壓計<br>呼吸治療系列產品<br>溫度系列產品",
        "website_url": "http://www.rossmax.com",
        "ceo": "劉志平",
        "pe_ratio": 26,
        "report_year_from": 2001,
        "report_year_to": 2023,
        "age": 22,
        "eps_negative_percentage": 14,
        "eps_growth_avg": {
            "last_all": 0.21,
            "last_2y": 40.63,
            "last_4y": 28.09,
            "last_8y": 10.37,
            "last_12y": 2.53,
            "last_16y": -3.12,
            "last_20y": null,
            "at_2006_last_3y": -6.07,
            "at_2007_last_3y": -2.15,
            "at_2008_last_3y": -22.9,
            "at_2009_last_3y": -23.83,
            "at_2010_last_3y": 33.33,
            "at_2011_last_3y": -23.97,
            "at_2012_last_3y": 3.17,
            "at_2013_last_3y": -11.2,
            "at_2014_last_3y": -61.2,
            "at_2015_last_3y": -57.63,
            "at_2016_last_3y": -77.14,
            "at_2017_last_3y": -33.93,
            "at_2018_last_3y": -4.2,
            "at_2019_last_3y": 16.9,
            "at_2020_last_3y": 37.67,
            "at_2021_last_3y": 23.7,
            "at_2022_last_3y": 45.25,
            "at_2023_last_3y": 45.25,
            "at_2006_last_all": -6.07,
            "at_2007_last_all": 15.15,
            "at_2008_last_all": -4.04,
            "at_2009_last_all": -4.04,
            "at_2010_last_all": 10.82,
            "at_2011_last_all": 0.48,
            "at_2012_last_all": -1.64,
            "at_2013_last_all": -6.9,
            "at_2014_last_all": -15.37,
            "at_2015_last_all": -15.37,
            "at_2016_last_all": -15.37,
            "at_2017_last_all": -11.41,
            "at_2018_last_all": -13.65,
            "at_2019_last_all": -8.45,
            "at_2020_last_all": -1.22,
            "at_2021_last_all": -2.63,
            "at_2022_last_all": 0.21,
            "at_2023_last_all": 0.21
        },
        "latest_eps": 0.93,
        "latest_price": 24.35,
        "latest_roe": 4.78,
        "latest_gross_margin": 33.74,
        "latest_equity": 1853692,
        "latest_revenue": 983712,
        "latest_gross_profit": 331861,
        "latest_net_income": -4777,
        "latest_debt_ratio": 53.1,
        "latest_current_ratio": 180.15,
        "latest_account_receivable_turnover_ratio": 4.1,
        "latest_inventory_turnover_ratio": 0.65,
        "latest_reinvestment_rate": 80.89,
        "latest_research_to_sale_ratio": 1.33
    },
    "eps_dividends": {
        "2001": {
            "cash": 0,
            "stock": 2.42,
            "eps": 0
        },
        "2002": {
            "cash": 0.5,
            "stock": 3.5,
            "eps": 1.98
        },
        "2003": {
            "cash": 1,
            "stock": 1.5,
            "eps": 3.65
        },
        "2004": {
            "cash": 1.5,
            "stock": 1,
            "eps": 3.03
        },
        "2005": {
            "cash": 0.51,
            "stock": 1.52,
            "eps": 2.42
        },
        "2006": {
            "cash": 1.2,
            "stock": 0.5,
            "eps": 0.69
        },
        "2007": {
            "cash": 0.49,
            "stock": 0.59,
            "eps": 2.34
        },
        "2008": {
            "cash": 1.01,
            "stock": 0.25,
            "eps": -0.59
        },
        "2009": {
            "cash": 0,
            "stock": 0.5,
            "eps": 0.65
        },
        "2010": {
            "cash": 0,
            "stock": 0.5,
            "eps": 1.53
        },
        "2011": {
            "cash": 0.4,
            "stock": 0.4,
            "eps": 0.43
        },
        "2012": {
            "cash": 0,
            "stock": 0,
            "eps": 0.35
        },
        "2013": {
            "cash": 0.2,
            "stock": 0,
            "eps": 0.16
        },
        "2014": {
            "cash": 0,
            "stock": 0,
            "eps": -0.04
        },
        "2015": {
            "cash": 0,
            "stock": 0,
            "eps": -0.39
        },
        "2016": {
            "cash": 0,
            "stock": 0,
            "eps": 0.28
        },
        "2017": {
            "cash": 0,
            "stock": 0,
            "eps": 0.37
        },
        "2018": {
            "cash": 0.3,
            "stock": 0,
            "eps": 0.22
        },
        "2019": {
            "cash": 0.1,
            "stock": 0,
            "eps": 0.35
        },
        "2020": {
            "cash": 0.2,
            "stock": 0,
            "eps": 1.81
        },
        "2021": {
            "cash": 1.13,
            "stock": 0,
            "eps": 1.38
        },
        "2022": {
            "cash": 1.1,
            "stock": 0,
            "eps": 2.01
        },
        "2023": {
            "cash": 1.2,
            "stock": 0,
            "eps": 0.09
        }
    },
    "dividends": {
        "2001-05-15": {
            "cash": 0,
            "stock": 2.42
        },
        "2002-04-29": {
            "cash": 0.5,
            "stock": 3.5
        },
        "2003-06-20": {
            "cash": 1,
            "stock": 1.5
        },
        "2004-04-21": {
            "cash": 1.5,
            "stock": 1
        },
        "2005-04-22": {
            "cash": 0.51,
            "stock": 1.52
        },
        "2006-04-19": {
            "cash": 1.2,
            "stock": 0.5
        },
        "2007-04-19": {
            "cash": 0.49,
            "stock": 0.59
        },
        "2008-04-25": {
            "cash": 1.01,
            "stock": 0.25
        },
        "2009-03-30": {
            "cash": 0,
            "stock": 0.5
        },
        "2010-03-24": {
            "cash": 0,
            "stock": 0.5
        },
        "2011-04-25": {
            "cash": 0.4,
            "stock": 0.4
        },
        "2013-06-11": {
            "cash": 0.2,
            "stock": 0
        },
        "2018-07-06": {
            "cash": 0.3,
            "stock": 0
        },
        "2019-09-20": {
            "cash": 0.1,
            "stock": 0
        },
        "2020-07-23": {
            "cash": 0.2,
            "stock": 0
        },
        "2021-09-24": {
            "cash": 1.13,
            "stock": 0
        },
        "2022-08-12": {
            "cash": 1.1,
            "stock": 0
        },
        "2023-07-12": {
            "cash": 1.2,
            "stock": 0
        }
    },
    "prices": {
        "200101": "無",
        "200102": "無",
        "200103": "無",
        "200104": "無",
        "200105": "無",
        "200106": "無",
        "200107": "無",
        "200108": "無",
        "200109": "無",
        "200110": "無",
        "200111": "無",
        "200112": "無",
        "200201": "無",
        "200202": "無",
        "200203": "無",
        "200204": "無",
        "200205": "無",
        "200206": "無",
        "200207": "無",
        "200208": "無",
        "200209": "無",
        "200210": "無",
        "200211": "無",
        "200212": "無",
        "200301": "無",
        "200302": "無",
        "200303": "無",
        "200304": "無",
        "200305": "無",
        "200306": "無",
        "200307": "44.78",
        "200308": "41.66",
        "200309": "43.54",
        "200310": "37.50",
        "200311": "39.84",
        "200312": "45.26",
        "200401": "44.55",
        "200402": "44.72",
        "200403": "51.42",
        "200404": "56.86",
        "200405": "40.60",
        "200406": "37.03",
        "200407": "33.78",
        "200408": "29.58",
        "200409": "29.91",
        "200410": "28.42",
        "200411": "26.63",
        "200412": "28.00",
        "200501": "27.47",
        "200502": "28.38",
        "200503": "28.50",
        "200504": "26.17",
        "200505": "23.88",
        "200506": "26.70",
        "200507": "24.96",
        "200508": "22.84",
        "200509": "21.29",
        "200510": "21.62",
        "200511": "20.43",
        "200512": "22.23",
        "200601": "22.96",
        "200602": "22.03",
        "200603": "20.69",
        "200604": "21.81",
        "200605": "27.06",
        "200606": "24.84",
        "200607": "22.93",
        "200608": "18.26",
        "200609": "14.96",
        "200610": "17.50",
        "200611": "17.29",
        "200612": "17.90",
        "200701": "18.23",
        "200702": "17.99",
        "200703": "19.82",
        "200704": "25.36",
        "200705": "26.58",
        "200706": "27.58",
        "200707": "40.01",
        "200708": "31.75",
        "200709": "34.01",
        "200710": "33.62",
        "200711": "27.06",
        "200712": "24.30",
        "200801": "23.07",
        "200802": "24.28",
        "200803": "25.81",
        "200804": "28.47",
        "200805": "26.19",
        "200806": "19.56",
        "200807": "15.72",
        "200808": "15.35",
        "200809": "10.12",
        "200810": "9.20",
        "200811": "8.24",
        "200812": "7.69",
        "200901": "7.84",
        "200902": "7.90",
        "200903": "9.59",
        "200904": "14.10",
        "200905": "13.42",
        "200906": "11.96",
        "200907": "14.47",
        "200908": "14.26",
        "200909": "14.24",
        "200910": "14.68",
        "200911": "14.44",
        "200912": "17.44",
        "201001": "17.80",
        "201002": "15.14",
        "201003": "16.65",
        "201004": "18.33",
        "201005": "17.46",
        "201006": "17.14",
        "201007": "17.62",
        "201008": "18.52",
        "201009": "20.47",
        "201010": "25.79",
        "201011": "24.03",
        "201012": "23.83",
        "201101": "22.35",
        "201102": "22.95",
        "201103": "22.72",
        "201104": "22.79",
        "201105": "21.71",
        "201106": "18.63",
        "201107": "18.30",
        "201108": "15.72",
        "201109": "14.73",
        "201110": "14.32",
        "201111": "12.72",
        "201112": "10.68",
        "201201": "11.37",
        "201202": "13.70",
        "201203": "13.63",
        "201204": "11.17",
        "201205": "10.45",
        "201206": "10.28",
        "201207": "11.04",
        "201208": "10.72",
        "201209": "11.56",
        "201210": "13.30",
        "201211": "12.00",
        "201212": "13.77",
        "201301": "15.22",
        "201302": "16.53",
        "201303": "17.83",
        "201304": "16.00",
        "201305": "15.88",
        "201306": "17.85",
        "201307": "21.27",
        "201308": "19.50",
        "201309": "19.10",
        "201310": "21.04",
        "201311": "19.10",
        "201312": "18.38",
        "201401": "18.80",
        "201402": "20.31",
        "201403": "20.23",
        "201404": "18.68",
        "201405": "18.12",
        "201406": "18.88",
        "201407": "19.72",
        "201408": "17.69",
        "201409": "17.47",
        "201410": "16.06",
        "201411": "14.26",
        "201412": "14.86",
        "201501": "14.96",
        "201502": "14.53",
        "201503": "14.60",
        "201504": "14.18",
        "201505": "12.26",
        "201506": "11.56",
        "201507": "12.00",
        "201508": "9.81",
        "201509": "10.39",
        "201510": "11.19",
        "201511": "13.48",
        "201512": "17.48",
        "201601": "16.68",
        "201602": "17.29",
        "201603": "15.94",
        "201604": "14.63",
        "201605": "13.96",
        "201606": "14.16",
        "201607": "14.35",
        "201608": "13.92",
        "201609": "13.32",
        "201610": "12.18",
        "201611": "10.99",
        "201612": "11.65",
        "201701": "11.77",
        "201702": "12.22",
        "201703": "12.30",
        "201704": "11.46",
        "201705": "11.19",
        "201706": "11.15",
        "201707": "10.90",
        "201708": "10.58",
        "201709": "11.77",
        "201710": "11.78",
        "201711": "12.74",
        "201712": "13.00",
        "201801": "14.15",
        "201802": "12.88",
        "201803": "13.97",
        "201804": "14.57",
        "201805": "13.91",
        "201806": "13.75",
        "201807": "13.06",
        "201808": "12.40",
        "201809": "12.11",
        "201810": "11.38",
        "201811": "10.40",
        "201812": "10.60",
        "201901": "10.96",
        "201902": "11.22",
        "201903": "11.27",
        "201904": "11.18",
        "201905": "10.59",
        "201906": "10.49",
        "201907": "11.00",
        "201908": "10.73",
        "201909": "11.13",
        "201910": "11.82",
        "201911": "12.16",
        "201912": "12.07",
        "202001": "12.15",
        "202002": "14.26",
        "202003": "16.40",
        "202004": "18.18",
        "202005": "20.78",
        "202006": "20.46",
        "202007": "20.20",
        "202008": "19.79",
        "202009": "18.21",
        "202010": "17.70",
        "202011": "18.32",
        "202012": "20.52",
        "202101": "19.90",
        "202102": "19.33",
        "202103": "20.58",
        "202104": "20.78",
        "202105": "21.68",
        "202106": "30.10",
        "202107": "25.48",
        "202108": "23.72",
        "202109": "21.34",
        "202110": "19.20",
        "202111": "19.58",
        "202112": "20.72",
        "202201": "20.90",
        "202202": "19.83",
        "202203": "20.18",
        "202204": "26.43",
        "202205": "23.82",
        "202206": "21.64",
        "202207": "19.75",
        "202208": "21.96",
        "202209": "22.79",
        "202210": "19.74",
        "202211": "20.13",
        "202212": "23.32",
        "202301": "23.66",
        "202302": "23.93",
        "202303": "23.77",
        "202304": "25.94",
        "202305": "30.44",
        "202306": "28.24",
        "202307": "29.00",
        "202308": "24.83",
        "202309": "24.00"
    },
    "quarters": {
        "20011": {
            "year_quarter": 20011,
            "year": 2001,
            "quarter": 1,
            "eps": null,
            "eps_growth_year": null,
            "eps_4q": null,
            "eps_4q_growth_year": null,
            "roe": null,
            "roe_4q": 0,
            "gross_profit": null,
            "gross_margin": null,
            "gross_margin_4q_avg": 0,
            "net_income": null,
            "revenue": null,
            "common_shares": null,
            "book_valuer_per_share": null,
            "book_valuer_per_share_4q_avg": 0,
            "equity": null,
            "current_ratio": null,
            "debt_ratio": null,
            "inventory_turnover_ratio": null,
            "account_receivable_turnover_ratio": null,
            "reinvestment_rate": null,
            "research_to_sale_ratio": null,
            "price_fair": 0,
            "eps_avg_yearly": 0,
            "eps_latest_yearly": 0,
            "eps_growth_yearly": 0
        },
        "20012": {
            "year_quarter": 20012,
            "year": 2001,
            "quarter": 2,
            "eps": null,
            "eps_growth_year": null,
            "eps_4q": null,
            "eps_4q_growth_year": null,
            "roe": null,
            "roe_4q": 0,
            "gross_profit": null,
            "gross_margin": null,
            "gross_margin_4q_avg": 0,
            "net_income": null,
            "revenue": null,
            "common_shares": null,
            "book_valuer_per_share": null,
            "book_valuer_per_share_4q_avg": 0,
            "equity": null,
            "current_ratio": null,
            "debt_ratio": null,
            "inventory_turnover_ratio": null,
            "account_receivable_turnover_ratio": null,
            "reinvestment_rate": null,
            "research_to_sale_ratio": null,
            "price_fair": 0,
            "eps_avg_yearly": 0,
            "eps_latest_yearly": 0,
            "eps_growth_yearly": 0
        },
        "20013": {
            "year_quarter": 20013,
            "year": 2001,
            "quarter": 3,
            "eps": null,
            "eps_growth_year": null,
            "eps_4q": null,
            "eps_4q_growth_year": null,
            "roe": null,
            "roe_4q": 0,
            "gross_profit": null,
            "gross_margin": null,
            "gross_margin_4q_avg": 0,
            "net_income": null,
            "revenue": null,
            "common_shares": null,
            "book_valuer_per_share": null,
            "book_valuer_per_share_4q_avg": 0,
            "equity": null,
            "current_ratio": null,
            "debt_ratio": null,
            "inventory_turnover_ratio": null,
            "account_receivable_turnover_ratio": null,
            "reinvestment_rate": null,
            "research_to_sale_ratio": null,
            "price_fair": 0,
            "eps_avg_yearly": 0,
            "eps_latest_yearly": 0,
            "eps_growth_yearly": 0
        },
        "20014": {
            "year_quarter": 20014,
            "year": 2001,
            "quarter": 4,
            "eps": null,
            "eps_growth_year": null,
            "eps_4q": null,
            "eps_4q_growth_year": null,
            "roe": null,
            "roe_4q": 0,
            "gross_profit": null,
            "gross_margin": null,
            "gross_margin_4q_avg": 0,
            "net_income": null,
            "revenue": null,
            "common_shares": 223560,
            "book_valuer_per_share": 16.26,
            "book_valuer_per_share_4q_avg": 4.07,
            "equity": 363620,
            "current_ratio": 255.97,
            "debt_ratio": 33.26,
            "inventory_turnover_ratio": null,
            "account_receivable_turnover_ratio": null,
            "reinvestment_rate": null,
            "research_to_sale_ratio": null,
            "price_fair": 0,
            "eps_avg_yearly": 0,
            "eps_latest_yearly": 0,
            "eps_growth_yearly": 0
        },
        "20021": {
            "year_quarter": 20021,
            "year": 2002,
            "quarter": 1,
            "eps": null,
            "eps_growth_year": null,
            "eps_4q": null,
            "eps_4q_growth_year": null,
            "roe": null,
            "roe_4q": 0,
            "gross_profit": null,
            "gross_margin": null,
            "gross_margin_4q_avg": 0,
            "net_income": null,
            "revenue": null,
            "common_shares": null,
            "book_valuer_per_share": null,
            "book_valuer_per_share_4q_avg": 4.07,
            "equity": null,
            "current_ratio": null,
            "debt_ratio": null,
            "inventory_turnover_ratio": null,
            "account_receivable_turnover_ratio": null,
            "reinvestment_rate": null,
            "research_to_sale_ratio": null,
            "price_fair": 0,
            "eps_avg_yearly": 0,
            "eps_latest_yearly": 0,
            "eps_growth_yearly": 0
        },
        "20022": {
            "year_quarter": 20022,
            "year": 2002,
            "quarter": 2,
            "eps": null,
            "eps_growth_year": null,
            "eps_4q": null,
            "eps_4q_growth_year": null,
            "roe": null,
            "roe_4q": 0,
            "gross_profit": null,
            "gross_margin": null,
            "gross_margin_4q_avg": 0,
            "net_income": null,
            "revenue": null,
            "common_shares": null,
            "book_valuer_per_share": null,
            "book_valuer_per_share_4q_avg": 4.07,
            "equity": null,
            "current_ratio": null,
            "debt_ratio": null,
            "inventory_turnover_ratio": null,
            "account_receivable_turnover_ratio": null,
            "reinvestment_rate": null,
            "research_to_sale_ratio": null,
            "price_fair": 0,
            "eps_avg_yearly": 0,
            "eps_latest_yearly": 0,
            "eps_growth_yearly": 0
        },
        "20023": {
            "year_quarter": 20023,
            "year": 2002,
            "quarter": 3,
            "eps": 1.35,
            "eps_growth_year": null,
            "eps_4q": null,
            "eps_4q_growth_year": null,
            "roe": 8.44,
            "roe_4q": 8.44,
            "gross_profit": 68220,
            "gross_margin": 34.34,
            "gross_margin_4q_avg": 8.59,
            "net_income": 40514,
            "revenue": 198657,
            "common_shares": 223560,
            "book_valuer_per_share": 21.48,
            "book_valuer_per_share_4q_avg": 9.44,
            "equity": 480191,
            "current_ratio": 204.74,
            "debt_ratio": 35.41,
            "inventory_turnover_ratio": 2.76,
            "account_receivable_turnover_ratio": null,
            "reinvestment_rate": null,
            "research_to_sale_ratio": null,
            "price_fair": 0,
            "eps_avg_yearly": 0,
            "eps_latest_yearly": 0,
            "eps_growth_yearly": 0
        },
        "20024": {
            "year_quarter": 20024,
            "year": 2002,
            "quarter": 4,
            "eps": 0.63,
            "eps_growth_year": null,
            "eps_4q": null,
            "eps_4q_growth_year": null,
            "roe": 3.87,
            "roe_4q": 12.309999999999999,
            "gross_profit": 46420,
            "gross_margin": 49.25,
            "gross_margin_4q_avg": 20.9,
            "net_income": 19016,
            "revenue": 94259,
            "common_shares": 303689,
            "book_valuer_per_share": 16.54,
            "book_valuer_per_share_4q_avg": 9.51,
            "equity": 502289,
            "current_ratio": 296.46,
            "debt_ratio": 29.18,
            "inventory_turnover_ratio": 0.6,
            "account_receivable_turnover_ratio": null,
            "reinvestment_rate": null,
            "research_to_sale_ratio": null,
            "price_fair": 7.56,
            "eps_avg_yearly": 2.52,
            "eps_latest_yearly": 2.52,
            "eps_growth_yearly": -213.33
        },
        "20031": {
            "year_quarter": 20031,
            "year": 2003,
            "quarter": 1,
            "eps": 0.51,
            "eps_growth_year": null,
            "eps_4q": null,
            "eps_4q_growth_year": null,
            "roe": 2.86,
            "roe_4q": 15.17,
            "gross_profit": 40746,
            "gross_margin": 43.55,
            "gross_margin_4q_avg": 31.79,
            "net_income": 15420,
            "revenue": 93558,
            "common_shares": 323689,
            "book_valuer_per_share": 17.85,
            "book_valuer_per_share_4q_avg": 13.97,
            "equity": 577822,
            "current_ratio": 461.66,
            "debt_ratio": 20.89,
            "inventory_turnover_ratio": 0.63,
            "account_receivable_turnover_ratio": null,
            "reinvestment_rate": null,
            "research_to_sale_ratio": null,
            "price_fair": 6.84,
            "eps_avg_yearly": 2.28,
            "eps_latest_yearly": 2.04,
            "eps_growth_yearly": -144.76
        },
        "20032": {
            "year_quarter": 20032,
            "year": 2003,
            "quarter": 2,
            "eps": 0.89,
            "eps_growth_year": null,
            "eps_4q": 2.92,
            "eps_4q_growth_year": null,
            "roe": 5.69,
            "roe_4q": 20.86,
            "gross_profit": 69067,
            "gross_margin": 32.41,
            "gross_margin_4q_avg": 39.89,
            "net_income": 32827,
            "revenue": 213100,
            "common_shares": 323689,
            "book_valuer_per_share": 17.77,
            "book_valuer_per_share_4q_avg": 18.41,
            "equity": 575068,
            "current_ratio": 432.12,
            "debt_ratio": 14.8,
            "inventory_turnover_ratio": 2.78,
            "account_receivable_turnover_ratio": null,
            "reinvestment_rate": null,
            "research_to_sale_ratio": null,
            "price_fair": 34.75,
            "eps_avg_yearly": 2.71,
            "eps_latest_yearly": 3.56,
            "eps_growth_yearly": 2.84
        },
        "20033": {
            "year_quarter": 20033,
            "year": 2003,
            "quarter": 3,
            "eps": 1.32,
            "eps_growth_year": -2.22,
            "eps_4q": 3.12,
            "eps_4q_growth_year": null,
            "roe": 8.23,
            "roe_4q": 20.650000000000002,
            "gross_profit": 68614,
            "gross_margin": 35.18,
            "gross_margin_4q_avg": 40.1,
            "net_income": 49272,
            "revenue": 195013,
            "common_shares": 381543,
            "book_valuer_per_share": 16.3,
            "book_valuer_per_share_4q_avg": 17.12,
            "equity": 621825,
            "current_ratio": 830.73,
            "debt_ratio": 6.85,
            "inventory_turnover_ratio": 3.56,
            "account_receivable_turnover_ratio": null,
            "reinvestment_rate": null,
            "research_to_sale_ratio": null,
            "price_fair": 117.25,
            "eps_avg_yearly": 3.35,
            "eps_latest_yearly": 5.28,
            "eps_growth_yearly": 50.44
        },
        "20034": {
            "year_quarter": 20034,
            "year": 2003,
            "quarter": 4,
            "eps": 0.93,
            "eps_growth_year": 47.62,
            "eps_4q": 3.54,
            "eps_4q_growth_year": null,
            "roe": 5.44,
            "roe_4q": 22.220000000000002,
            "gross_profit": 71601,
            "gross_margin": 36.25,
            "gross_margin_4q_avg": 36.85,
            "net_income": 34784,
            "revenue": 197521,
            "common_shares": 381543,
            "book_valuer_per_share": 17.23,
            "book_valuer_per_share_4q_avg": 17.29,
            "equity": 657315,
            "current_ratio": 364.05,
            "debt_ratio": 18.87,
            "inventory_turnover_ratio": 1.88,
            "account_receivable_turnover_ratio": null,
            "reinvestment_rate": null,
            "research_to_sale_ratio": null,
            "price_fair": 91.48,
            "eps_avg_yearly": 3.42,
            "eps_latest_yearly": 3.72,
            "eps_growth_yearly": 16.72
        },
        "20041": {
            "year_quarter": 20041,
            "year": 2004,
            "quarter": 1,
            "eps": 0.68,
            "eps_growth_year": 33.33,
            "eps_4q": 3.76,
            "eps_4q_growth_year": null,
            "roe": 3.86,
            "roe_4q": 23.220000000000002,
            "gross_profit": 54899,
            "gross_margin": 42.98,
            "gross_margin_4q_avg": 36.71,
            "net_income": 25815,
            "revenue": 127741,
            "common_shares": 381543,
            "book_valuer_per_share": 17.8,
            "book_valuer_per_share_4q_avg": 17.28,
            "equity": 678976,
            "current_ratio": 627.42,
            "debt_ratio": 8.77,
            "inventory_turnover_ratio": 1.12,
            "account_receivable_turnover_ratio": null,
            "reinvestment_rate": null,
            "research_to_sale_ratio": null,
            "price_fair": 9.92,
            "eps_avg_yearly": 3.31,
            "eps_latest_yearly": 2.72,
            "eps_growth_yearly": -3.99
        },
        "20042": {
            "year_quarter": 20042,
            "year": 2004,
            "quarter": 2,
            "eps": 0.91,
            "eps_growth_year": 2.25,
            "eps_4q": 3.45,
            "eps_4q_growth_year": 18.03,
            "roe": 5.88,
            "roe_4q": 23.41,
            "gross_profit": 64440,
            "gross_margin": 32.3,
            "gross_margin_4q_avg": 36.68,
            "net_income": 39380,
            "revenue": 199502,
            "common_shares": 430662,
            "book_valuer_per_share": 15.36,
            "book_valuer_per_share_4q_avg": 16.67,
            "equity": 661323,
            "current_ratio": 271.12,
            "debt_ratio": 21.64,
            "inventory_turnover_ratio": 10.82,
            "account_receivable_turnover_ratio": null,
            "reinvestment_rate": null,
            "research_to_sale_ratio": null,
            "price_fair": 86.9,
            "eps_avg_yearly": 3.35,
            "eps_latest_yearly": 3.64,
            "eps_growth_yearly": 15.91
        },
        "20043": {
            "year_quarter": 20043,
            "year": 2004,
            "quarter": 3,
            "eps": 0.77,
            "eps_growth_year": -41.67,
            "eps_4q": 3.08,
            "eps_4q_growth_year": -1.2,
            "roe": 4.9,
            "roe_4q": 20.080000000000002,
            "gross_profit": 57742,
            "gross_margin": 35.31,
            "gross_margin_4q_avg": 36.71,
            "net_income": 33262,
            "revenue": 163528,
            "common_shares": 430662,
            "book_valuer_per_share": 16.15,
            "book_valuer_per_share_4q_avg": 16.64,
            "equity": 695536,
            "current_ratio": 373.45,
            "debt_ratio": 15.47,
            "inventory_turnover_ratio": 14.42,
            "account_receivable_turnover_ratio": null,
            "reinvestment_rate": null,
            "research_to_sale_ratio": null,
            "price_fair": 53.88,
            "eps_avg_yearly": 3.32,
            "eps_latest_yearly": 3.08,
            "eps_growth_yearly": 6.23
        },
        "20044": {
            "year_quarter": 20044,
            "year": 2004,
            "quarter": 4,
            "eps": 0.67,
            "eps_growth_year": -27.96,
            "eps_4q": 2.96,
            "eps_4q_growth_year": -16.25,
            "roe": 4.08,
            "roe_4q": 18.72,
            "gross_profit": 73106,
            "gross_margin": 25.83,
            "gross_margin_4q_avg": 34.11,
            "net_income": 28777,
            "revenue": 283025,
            "common_shares": 430662,
            "book_valuer_per_share": 16.59,
            "book_valuer_per_share_4q_avg": 16.48,
            "equity": 714510,
            "current_ratio": 325.37,
            "debt_ratio": 22.26,
            "inventory_turnover_ratio": 3.03,
            "account_receivable_turnover_ratio": null,
            "reinvestment_rate": null,
            "research_to_sale_ratio": null,
            "price_fair": 9.75,
            "eps_avg_yearly": 3.25,
            "eps_latest_yearly": 2.68,
            "eps_growth_yearly": -0.24
        },
        "20051": {
            "year_quarter": 20051,
            "year": 2005,
            "quarter": 1,
            "eps": 0.54,
            "eps_growth_year": -20.59,
            "eps_4q": 2.91,
            "eps_4q_growth_year": -22.64,
            "roe": 3.19,
            "roe_4q": 18.05,
            "gross_profit": 50889,
            "gross_margin": 29.97,
            "gross_margin_4q_avg": 30.85,
            "net_income": 23131,
            "revenue": 169803,
            "common_shares": 430662,
            "book_valuer_per_share": 17.08,
            "book_valuer_per_share_4q_avg": 16.3,
            "equity": 735758,
            "current_ratio": 462.96,
            "debt_ratio": 13.25,
            "inventory_turnover_ratio": 1.51,
            "account_receivable_turnover_ratio": null,
            "reinvestment_rate": null,
            "research_to_sale_ratio": null,
            "price_fair": 9.42,
            "eps_avg_yearly": 3.14,
            "eps_latest_yearly": 2.16,
            "eps_growth_yearly": -7.97
        },
        "20052": {
            "year_quarter": 20052,
            "year": 2005,
            "quarter": 2,
            "eps": 0.47,
            "eps_growth_year": -48.35,
            "eps_4q": 2.17,
            "eps_4q_growth_year": -37.04,
            "roe": 3.23,
            "roe_4q": 15.4,
            "gross_profit": 55970,
            "gross_margin": 25.48,
            "gross_margin_4q_avg": 29.15,
            "net_income": 23526,
            "revenue": 219693,
            "common_shares": 430662,
            "book_valuer_per_share": 16.76,
            "book_valuer_per_share_4q_avg": 16.65,
            "equity": 721594,
            "current_ratio": 494.12,
            "debt_ratio": 12.19,
            "inventory_turnover_ratio": 6.4,
            "account_receivable_turnover_ratio": null,
            "reinvestment_rate": null,
            "research_to_sale_ratio": null,
            "price_fair": 9.08,
            "eps_avg_yearly": 3.03,
            "eps_latest_yearly": 1.88,
            "eps_growth_yearly": -11.96
        },
        "20053": {
            "year_quarter": 20053,
            "year": 2005,
            "quarter": 3,
            "eps": 0.7,
            "eps_growth_year": -9.09,
            "eps_4q": 2.19,
            "eps_4q_growth_year": -28.96,
            "roe": 4.79,
            "roe_4q": 15.29,
            "gross_profit": 92029,
            "gross_margin": 28.43,
            "gross_margin_4q_avg": 27.43,
            "net_income": 35407,
            "revenue": 323707,
            "common_shares": 505161,
            "book_valuer_per_share": 14.97,
            "book_valuer_per_share_4q_avg": 16.35,
            "equity": 756288,
            "current_ratio": 324.15,
            "debt_ratio": 18.94,
            "inventory_turnover_ratio": 11.32,
            "account_receivable_turnover_ratio": null,
            "reinvestment_rate": null,
            "research_to_sale_ratio": null,
            "price_fair": 46.14,
            "eps_avg_yearly": 3.01,
            "eps_latest_yearly": 2.8,
            "eps_growth_yearly": 5.35
        },
        "20054": {
            "year_quarter": 20054,
            "year": 2005,
            "quarter": 4,
            "eps": 0.71,
            "eps_growth_year": 5.97,
            "eps_4q": 2.35,
            "eps_4q_growth_year": -20.55,
            "roe": 4.59,
            "roe_4q": 15.799999999999999,
            "gross_profit": 141314,
            "gross_margin": 33.6,
            "gross_margin_4q_avg": 29.37,
            "net_income": 35450,
            "revenue": 420591,
            "common_shares": 505161,
            "book_valuer_per_share": 15.54,
            "book_valuer_per_share_4q_avg": 16.09,
            "equity": 789140,
            "current_ratio": 194.24,
            "debt_ratio": 40.2,
            "inventory_turnover_ratio": 2.24,
            "account_receivable_turnover_ratio": null,
            "reinvestment_rate": null,
            "research_to_sale_ratio": null,
            "price_fair": 46.03,
            "eps_avg_yearly": 2.99,
            "eps_latest_yearly": 2.84,
            "eps_growth_yearly": 5.37
        },
        "20061": {
            "year_quarter": 20061,
            "year": 2006,
            "quarter": 1,
            "eps": 0.11,
            "eps_growth_year": -79.63,
            "eps_4q": 2.09,
            "eps_4q_growth_year": -28.26,
            "roe": 0.67,
            "roe_4q": 13.280000000000001,
            "gross_profit": 67397,
            "gross_margin": 34.21,
            "gross_margin_4q_avg": 30.43,
            "net_income": 5254,
            "revenue": 197028,
            "common_shares": 505161,
            "book_valuer_per_share": 15.61,
            "book_valuer_per_share_4q_avg": 15.72,
            "equity": 788566,
            "current_ratio": 451.15,
            "debt_ratio": 14.89,
            "inventory_turnover_ratio": 1.06,
            "account_receivable_turnover_ratio": null,
            "reinvestment_rate": null,
            "research_to_sale_ratio": null,
            "price_fair": 8.43,
            "eps_avg_yearly": 2.81,
            "eps_latest_yearly": 0.44,
            "eps_growth_yearly": -19.15
        },
        "20062": {
            "year_quarter": 20062,
            "year": 2006,
            "quarter": 2,
            "eps": -0.07,
            "eps_growth_year": -114.89,
            "eps_4q": 1.43,
            "eps_4q_growth_year": -33.92,
            "roe": -0.48,
            "roe_4q": 9.57,
            "gross_profit": 82363,
            "gross_margin": 28.8,
            "gross_margin_4q_avg": 31.26,
            "net_income": -3625,
            "revenue": 285977,
            "common_shares": 505161,
            "book_valuer_per_share": 14.32,
            "book_valuer_per_share_4q_avg": 15.11,
            "equity": 723344,
            "current_ratio": 241.41,
            "debt_ratio": 27.44,
            "inventory_turnover_ratio": 12.8,
            "account_receivable_turnover_ratio": null,
            "reinvestment_rate": 38.52,
            "research_to_sale_ratio": null,
            "price_fair": 8.43,
            "eps_avg_yearly": 2.81,
            "eps_latest_yearly": 0.44,
            "eps_growth_yearly": -19.15
        },
        "20063": {
            "year_quarter": 20063,
            "year": 2006,
            "quarter": 3,
            "eps": 0.22,
            "eps_growth_year": -68.57,
            "eps_4q": 0.91,
            "eps_4q_growth_year": -58.5,
            "roe": 1.62,
            "roe_4q": 6.4,
            "gross_profit": 90064,
            "gross_margin": 25.34,
            "gross_margin_4q_avg": 30.49,
            "net_income": 11834,
            "revenue": 355481,
            "common_shares": 539768,
            "book_valuer_per_share": 13.7,
            "book_valuer_per_share_4q_avg": 14.79,
            "equity": 739389,
            "current_ratio": 243.68,
            "debt_ratio": 28.56,
            "inventory_turnover_ratio": 17.88,
            "account_receivable_turnover_ratio": null,
            "reinvestment_rate": -4.88,
            "research_to_sale_ratio": null,
            "price_fair": 8.43,
            "eps_avg_yearly": 2.81,
            "eps_latest_yearly": 0.44,
            "eps_growth_yearly": -19.15
        },
        "20064": {
            "year_quarter": 20064,
            "year": 2006,
            "quarter": 4,
            "eps": 0.43,
            "eps_growth_year": -39.44,
            "eps_4q": 0.69,
            "eps_4q_growth_year": -70.84,
            "roe": 3.01,
            "roe_4q": 4.82,
            "gross_profit": 101155,
            "gross_margin": 31.36,
            "gross_margin_4q_avg": 29.93,
            "net_income": 22596,
            "revenue": 322539,
            "common_shares": 539768,
            "book_valuer_per_share": 14.07,
            "book_valuer_per_share_4q_avg": 14.43,
            "equity": 762515,
            "current_ratio": 198.41,
            "debt_ratio": 38.14,
            "inventory_turnover_ratio": 1.61,
            "account_receivable_turnover_ratio": null,
            "reinvestment_rate": 6.69,
            "research_to_sale_ratio": null,
            "price_fair": 91.87,
            "eps_avg_yearly": 2.75,
            "eps_latest_yearly": 1.72,
            "eps_growth_yearly": 23.36
        },
        "20071": {
            "year_quarter": 20071,
            "year": 2007,
            "quarter": 1,
            "eps": 0.41,
            "eps_growth_year": 272.73,
            "eps_4q": 0.99,
            "eps_4q_growth_year": -52.48,
            "roe": 2.81,
            "roe_4q": 6.960000000000001,
            "gross_profit": 63769,
            "gross_margin": 21.43,
            "gross_margin_4q_avg": 26.73,
            "net_income": 21726,
            "revenue": 297543,
            "common_shares": 539768,
            "book_valuer_per_share": 14.53,
            "book_valuer_per_share_4q_avg": 14.16,
            "equity": 784026,
            "current_ratio": 624.5,
            "debt_ratio": 11.14,
            "inventory_turnover_ratio": 1.7,
            "account_receivable_turnover_ratio": null,
            "reinvestment_rate": -4.41,
            "research_to_sale_ratio": null,
            "price_fair": 95.4,
            "eps_avg_yearly": 2.73,
            "eps_latest_yearly": 1.64,
            "eps_growth_yearly": 27.47
        },
        "20072": {
            "year_quarter": 20072,
            "year": 2007,
            "quarter": 2,
            "eps": 0.58,
            "eps_growth_year": null,
            "eps_4q": 1.58,
            "eps_4q_growth_year": 9.96,
            "roe": 4.12,
            "roe_4q": 11.559999999999999,
            "gross_profit": 73696,
            "gross_margin": 17.7,
            "gross_margin_4q_avg": 23.96,
            "net_income": 32640,
            "revenue": 416361,
            "common_shares": 539768,
            "book_valuer_per_share": 14.8,
            "book_valuer_per_share_4q_avg": 14.28,
            "equity": 799008,
            "current_ratio": 546.99,
            "debt_ratio": 12.92,
            "inventory_turnover_ratio": 31.63,
            "account_receivable_turnover_ratio": null,
            "reinvestment_rate": -5.61,
            "research_to_sale_ratio": null,
            "price_fair": 73.91,
            "eps_avg_yearly": 2.64,
            "eps_latest_yearly": 2.32,
            "eps_growth_yearly": 18.03
        },
        "20073": {
            "year_quarter": 20073,
            "year": 2007,
            "quarter": 3,
            "eps": 1.11,
            "eps_growth_year": 404.55,
            "eps_4q": 2.45,
            "eps_4q_growth_year": 169.89,
            "roe": 7.61,
            "roe_4q": 17.55,
            "gross_profit": 86552,
            "gross_margin": 18.03,
            "gross_margin_4q_avg": 22.13,
            "net_income": 63556,
            "revenue": 479974,
            "common_shares": 583317,
            "book_valuer_per_share": 14.93,
            "book_valuer_per_share_4q_avg": 14.58,
            "equity": 870797,
            "current_ratio": 228.97,
            "debt_ratio": 25.88,
            "inventory_turnover_ratio": 29.64,
            "account_receivable_turnover_ratio": null,
            "reinvestment_rate": 34.27,
            "research_to_sale_ratio": null,
            "price_fair": 90.2,
            "eps_avg_yearly": 2.58,
            "eps_latest_yearly": 4.44,
            "eps_growth_yearly": 30.33
        },
        "20074": {
            "year_quarter": 20074,
            "year": 2007,
            "quarter": 4,
            "eps": 0.24,
            "eps_growth_year": -44.19,
            "eps_4q": 2.25,
            "eps_4q_growth_year": 228.13,
            "roe": 1.4,
            "roe_4q": 15.94,
            "gross_profit": 50773,
            "gross_margin": 11.8,
            "gross_margin_4q_avg": 17.24,
            "net_income": 14069,
            "revenue": 430366,
            "common_shares": 676989,
            "book_valuer_per_share": 16.81,
            "book_valuer_per_share_4q_avg": 15.27,
            "equity": 1140701,
            "current_ratio": 225.13,
            "debt_ratio": 37.35,
            "inventory_turnover_ratio": 2.52,
            "account_receivable_turnover_ratio": null,
            "reinvestment_rate": 46.73,
            "research_to_sale_ratio": null,
            "price_fair": 62.78,
            "eps_avg_yearly": 2.38,
            "eps_latest_yearly": 0.96,
            "eps_growth_yearly": 16.38
        },
        "20081": {
            "year_quarter": 20081,
            "year": 2008,
            "quarter": 1,
            "eps": 0.25,
            "eps_growth_year": -39.02,
            "eps_4q": 1.97,
            "eps_4q_growth_year": 98.49,
            "roe": 1.41,
            "roe_4q": 14.54,
            "gross_profit": 86695,
            "gross_margin": 23.93,
            "gross_margin_4q_avg": 17.87,
            "net_income": 16125,
            "revenue": 362319,
            "common_shares": 676989,
            "book_valuer_per_share": 16.92,
            "book_valuer_per_share_4q_avg": 15.87,
            "equity": 1147822,
            "current_ratio": 297.66,
            "debt_ratio": 31.17,
            "inventory_turnover_ratio": 1.02,
            "account_receivable_turnover_ratio": null,
            "reinvestment_rate": 70.19,
            "research_to_sale_ratio": null,
            "price_fair": 79,
            "eps_avg_yearly": 2.26,
            "eps_latest_yearly": 1,
            "eps_growth_yearly": 25.25
        },
        "20082": {
            "year_quarter": 20082,
            "year": 2008,
            "quarter": 2,
            "eps": -0.18,
            "eps_growth_year": -131.03,
            "eps_4q": 1.22,
            "eps_4q_growth_year": -22.89,
            "roe": -1.1,
            "roe_4q": 9.32,
            "gross_profit": 52570,
            "gross_margin": 21.4,
            "gross_margin_4q_avg": 18.79,
            "net_income": -12089,
            "revenue": 245598,
            "common_shares": 676989,
            "book_valuer_per_share": 15.56,
            "book_valuer_per_share_4q_avg": 16.06,
            "equity": 1054826,
            "current_ratio": 187.5,
            "debt_ratio": 39.72,
            "inventory_turnover_ratio": 0.73,
            "account_receivable_turnover_ratio": null,
            "reinvestment_rate": 117.8,
            "research_to_sale_ratio": null,
            "price_fair": 57.61,
            "eps_avg_yearly": 2.15,
            "eps_latest_yearly": 1,
            "eps_growth_yearly": 16.79
        },
        "20083": {
            "year_quarter": 20083,
            "year": 2008,
            "quarter": 3,
            "eps": 0.05,
            "eps_growth_year": -95.5,
            "eps_4q": 0.34,
            "eps_4q_growth_year": -86,
            "roe": 0.31,
            "roe_4q": 2.0199999999999996,
            "gross_profit": 70921,
            "gross_margin": 26.14,
            "gross_margin_4q_avg": 20.82,
            "net_income": 3249,
            "revenue": 271271,
            "common_shares": 705730,
            "book_valuer_per_share": 14.61,
            "book_valuer_per_share_4q_avg": 15.98,
            "equity": 1032783,
            "current_ratio": 192.11,
            "debt_ratio": 37.95,
            "inventory_turnover_ratio": 0.74,
            "account_receivable_turnover_ratio": null,
            "reinvestment_rate": 132.1,
            "research_to_sale_ratio": null,
            "price_fair": 69.07,
            "eps_avg_yearly": 2.07,
            "eps_latest_yearly": 1,
            "eps_growth_yearly": 23.31
        },
        "20084": {
            "year_quarter": 20084,
            "year": 2008,
            "quarter": 4,
            "eps": -0.71,
            "eps_growth_year": -395.83,
            "eps_4q": -0.57,
            "eps_4q_growth_year": -125.46,
            "roe": -4.9,
            "roe_4q": -4.280000000000001,
            "gross_profit": 28749,
            "gross_margin": 13.11,
            "gross_margin_4q_avg": 21.15,
            "net_income": -48845,
            "revenue": 219293,
            "common_shares": 639160,
            "book_valuer_per_share": 15.02,
            "book_valuer_per_share_4q_avg": 15.53,
            "equity": 961778,
            "current_ratio": 216.42,
            "debt_ratio": 31.42,
            "inventory_turnover_ratio": 0.81,
            "account_receivable_turnover_ratio": 9.25,
            "reinvestment_rate": 144.76,
            "research_to_sale_ratio": null,
            "price_fair": 70.64,
            "eps_avg_yearly": 2.02,
            "eps_latest_yearly": 1,
            "eps_growth_yearly": 30.15
        },
        "20091": {
            "year_quarter": 20091,
            "year": 2009,
            "quarter": 1,
            "eps": -0.09,
            "eps_growth_year": -136,
            "eps_4q": -0.98,
            "eps_4q_growth_year": -149.88,
            "roe": -0.56,
            "roe_4q": -6.250000000000002,
            "gross_profit": 55457,
            "gross_margin": 29.94,
            "gross_margin_4q_avg": 22.65,
            "net_income": -5365,
            "revenue": 185228,
            "common_shares": 639160,
            "book_valuer_per_share": 15.03,
            "book_valuer_per_share_4q_avg": 15.06,
            "equity": 962332,
            "current_ratio": 217.11,
            "debt_ratio": 31.01,
            "inventory_turnover_ratio": 0.68,
            "account_receivable_turnover_ratio": 4.48,
            "reinvestment_rate": 186.86,
            "research_to_sale_ratio": null,
            "price_fair": 70.14,
            "eps_avg_yearly": 2,
            "eps_latest_yearly": 1,
            "eps_growth_yearly": 40.93
        },
        "20092": {
            "year_quarter": 20092,
            "year": 2009,
            "quarter": 2,
            "eps": -0.1,
            "eps_growth_year": null,
            "eps_4q": -0.9,
            "eps_4q_growth_year": -173.88,
            "roe": -0.9,
            "roe_4q": -6.050000000000001,
            "gross_profit": 114209,
            "gross_margin": 27.97,
            "gross_margin_4q_avg": 24.29,
            "net_income": -8901,
            "revenue": 408347,
            "common_shares": 639160,
            "book_valuer_per_share": 14.8,
            "book_valuer_per_share_4q_avg": 14.87,
            "equity": 1008669,
            "current_ratio": 205.74,
            "debt_ratio": 46.63,
            "inventory_turnover_ratio": 1.17,
            "account_receivable_turnover_ratio": 8.7,
            "reinvestment_rate": 284.92,
            "research_to_sale_ratio": null,
            "price_fair": 70.62,
            "eps_avg_yearly": 2.02,
            "eps_latest_yearly": 1,
            "eps_growth_yearly": 51.24
        },
        "20093": {
            "year_quarter": 20093,
            "year": 2009,
            "quarter": 3,
            "eps": 0.21,
            "eps_growth_year": 320,
            "eps_4q": -0.64,
            "eps_4q_growth_year": -285.35,
            "roe": 1.53,
            "roe_4q": -4.83,
            "gross_profit": 150410,
            "gross_margin": 29.94,
            "gross_margin_4q_avg": 25.24,
            "net_income": 15494,
            "revenue": 502452,
            "common_shares": 671118,
            "book_valuer_per_share": 14.26,
            "book_valuer_per_share_4q_avg": 14.78,
            "equity": 1015475,
            "current_ratio": 191.11,
            "debt_ratio": 48.99,
            "inventory_turnover_ratio": 1.07,
            "account_receivable_turnover_ratio": 7.5,
            "reinvestment_rate": 305.9,
            "research_to_sale_ratio": null,
            "price_fair": 67.2,
            "eps_avg_yearly": 1.92,
            "eps_latest_yearly": 1,
            "eps_growth_yearly": 33.18
        },
        "20094": {
            "year_quarter": 20094,
            "year": 2009,
            "quarter": 4,
            "eps": 0.63,
            "eps_growth_year": null,
            "eps_4q": 0.65,
            "eps_4q_growth_year": null,
            "roe": 4.12,
            "roe_4q": 4.1899999999999995,
            "gross_profit": 190538,
            "gross_margin": 33.41,
            "gross_margin_4q_avg": 30.32,
            "net_income": 41731,
            "revenue": 570249,
            "common_shares": 671118,
            "book_valuer_per_share": 14.87,
            "book_valuer_per_share_4q_avg": 14.74,
            "equity": 1008508,
            "current_ratio": 184.89,
            "debt_ratio": 47.31,
            "inventory_turnover_ratio": 1.11,
            "account_receivable_turnover_ratio": 16.71,
            "reinvestment_rate": 507.14,
            "research_to_sale_ratio": null,
            "price_fair": 65.8,
            "eps_avg_yearly": 1.88,
            "eps_latest_yearly": 2.52,
            "eps_growth_yearly": 132.46
        },
        "20101": {
            "year_quarter": 20101,
            "year": 2010,
            "quarter": 1,
            "eps": 0.19,
            "eps_growth_year": null,
            "eps_4q": 0.92,
            "eps_4q_growth_year": null,
            "roe": 1.34,
            "roe_4q": 6.09,
            "gross_profit": 153992,
            "gross_margin": 29.86,
            "gross_margin_4q_avg": 30.3,
            "net_income": 13556,
            "revenue": 515702,
            "common_shares": 671399,
            "book_valuer_per_share": 15.05,
            "book_valuer_per_share_4q_avg": 14.75,
            "equity": 1011304,
            "current_ratio": 175.35,
            "debt_ratio": 48.6,
            "inventory_turnover_ratio": 1.01,
            "account_receivable_turnover_ratio": 8.47,
            "reinvestment_rate": 537.92,
            "research_to_sale_ratio": 2.39,
            "price_fair": 67.2,
            "eps_avg_yearly": 1.92,
            "eps_latest_yearly": 0.76,
            "eps_growth_yearly": 139.8
        },
        "20102": {
            "year_quarter": 20102,
            "year": 2010,
            "quarter": 2,
            "eps": 0.38,
            "eps_growth_year": null,
            "eps_4q": 1.35,
            "eps_4q_growth_year": null,
            "roe": 2.55,
            "roe_4q": 9.54,
            "gross_profit": 187908,
            "gross_margin": 32.06,
            "gross_margin_4q_avg": 31.32,
            "net_income": 26183,
            "revenue": 586103,
            "common_shares": 671399,
            "book_valuer_per_share": 15.5,
            "book_valuer_per_share_4q_avg": 14.92,
            "equity": 1045448,
            "current_ratio": 187.73,
            "debt_ratio": 45.21,
            "inventory_turnover_ratio": 1.03,
            "account_receivable_turnover_ratio": 10.15,
            "reinvestment_rate": 475.12,
            "research_to_sale_ratio": 2.82,
            "price_fair": 65.64,
            "eps_avg_yearly": 1.88,
            "eps_latest_yearly": 1.52,
            "eps_growth_yearly": 168.71
        },
        "20103": {
            "year_quarter": 20103,
            "year": 2010,
            "quarter": 3,
            "eps": 0.53,
            "eps_growth_year": 151.87,
            "eps_4q": 1.68,
            "eps_4q_growth_year": null,
            "roe": 3.57,
            "roe_4q": 11.579999999999998,
            "gross_profit": 187468,
            "gross_margin": 29.12,
            "gross_margin_4q_avg": 31.11,
            "net_income": 37911,
            "revenue": 643825,
            "common_shares": 704969,
            "book_valuer_per_share": 15.24,
            "book_valuer_per_share_4q_avg": 15.17,
            "equity": 1079142,
            "current_ratio": 187.73,
            "debt_ratio": 44.47,
            "inventory_turnover_ratio": 1.14,
            "account_receivable_turnover_ratio": 10.02,
            "reinvestment_rate": 204.64,
            "research_to_sale_ratio": 2.39,
            "price_fair": 66.5,
            "eps_avg_yearly": 1.9,
            "eps_latest_yearly": 2.12,
            "eps_growth_yearly": 167.63
        },
        "20104": {
            "year_quarter": 20104,
            "year": 2010,
            "quarter": 4,
            "eps": 0.43,
            "eps_growth_year": -31.37,
            "eps_4q": 1.52,
            "eps_4q_growth_year": 133.5,
            "roe": 2.8,
            "roe_4q": 10.259999999999998,
            "gross_profit": 180689,
            "gross_margin": 33.38,
            "gross_margin_4q_avg": 31.11,
            "net_income": 30303,
            "revenue": 541321,
            "common_shares": 704969,
            "book_valuer_per_share": 15.38,
            "book_valuer_per_share_4q_avg": 15.29,
            "equity": 1089227,
            "current_ratio": 197.33,
            "debt_ratio": 40.99,
            "inventory_turnover_ratio": 0.91,
            "account_receivable_turnover_ratio": 8.48,
            "reinvestment_rate": 402.89,
            "research_to_sale_ratio": 2.92,
            "price_fair": 66.5,
            "eps_avg_yearly": 1.9,
            "eps_latest_yearly": 1.72,
            "eps_growth_yearly": 121.9
        },
        "20111": {
            "year_quarter": 20111,
            "year": 2011,
            "quarter": 1,
            "eps": 0.2,
            "eps_growth_year": 5.26,
            "eps_4q": 1.54,
            "eps_4q_growth_year": 66.89,
            "roe": 1.29,
            "roe_4q": 10.21,
            "gross_profit": 153848,
            "gross_margin": 27.81,
            "gross_margin_4q_avg": 30.59,
            "net_income": 14191,
            "revenue": 553115,
            "common_shares": 704969,
            "book_valuer_per_share": 15.62,
            "book_valuer_per_share_4q_avg": 15.44,
            "equity": 1105626,
            "current_ratio": 181.19,
            "debt_ratio": 37.74,
            "inventory_turnover_ratio": 1,
            "account_receivable_turnover_ratio": 8.13,
            "reinvestment_rate": 457.72,
            "research_to_sale_ratio": 1.95,
            "price_fair": 63.56,
            "eps_avg_yearly": 1.82,
            "eps_latest_yearly": 0.8,
            "eps_growth_yearly": 102.36
        },
        "20112": {
            "year_quarter": 20112,
            "year": 2011,
            "quarter": 2,
            "eps": 0.21,
            "eps_growth_year": -44.45,
            "eps_4q": 1.33,
            "eps_4q_growth_year": -1.67,
            "roe": 1.43,
            "roe_4q": 9.09,
            "gross_profit": 170037,
            "gross_margin": 29.95,
            "gross_margin_4q_avg": 30.07,
            "net_income": 15734,
            "revenue": 567823,
            "common_shares": 704969,
            "book_valuer_per_share": 15.36,
            "book_valuer_per_share_4q_avg": 15.4,
            "equity": 1087615,
            "current_ratio": 169.35,
            "debt_ratio": 38.53,
            "inventory_turnover_ratio": 0.96,
            "account_receivable_turnover_ratio": 7.43,
            "reinvestment_rate": 484.82,
            "research_to_sale_ratio": 2.42,
            "price_fair": 58.38,
            "eps_avg_yearly": 1.67,
            "eps_latest_yearly": 0.84,
            "eps_growth_yearly": 87.78
        },
        "20113": {
            "year_quarter": 20113,
            "year": 2011,
            "quarter": 3,
            "eps": -0.04,
            "eps_growth_year": -107.47,
            "eps_4q": 0.78,
            "eps_4q_growth_year": -53.39,
            "roe": -0.27,
            "roe_4q": 5.25,
            "gross_profit": 140662,
            "gross_margin": 25.6,
            "gross_margin_4q_avg": 29.19,
            "net_income": -2900,
            "revenue": 549407,
            "common_shares": 733168,
            "book_valuer_per_share": 14.93,
            "book_valuer_per_share_4q_avg": 15.32,
            "equity": 1096187,
            "current_ratio": 173.9,
            "debt_ratio": 39.74,
            "inventory_turnover_ratio": 0.95,
            "account_receivable_turnover_ratio": 6.62,
            "reinvestment_rate": 199.73,
            "research_to_sale_ratio": 3.1,
            "price_fair": 47.6,
            "eps_avg_yearly": 1.36,
            "eps_latest_yearly": 0.84,
            "eps_growth_yearly": 56.92
        },
        "20114": {
            "year_quarter": 20114,
            "year": 2011,
            "quarter": 4,
            "eps": 0.06,
            "eps_growth_year": -85.33,
            "eps_4q": 0.43,
            "eps_4q_growth_year": -71.55,
            "roe": 0.42,
            "roe_4q": 2.87,
            "gross_profit": 172023,
            "gross_margin": 30.05,
            "gross_margin_4q_avg": 28.35,
            "net_income": 4588,
            "revenue": 572530,
            "common_shares": 733168,
            "book_valuer_per_share": 15.05,
            "book_valuer_per_share_4q_avg": 15.24,
            "equity": 1100305,
            "current_ratio": 196.13,
            "debt_ratio": 34.24,
            "inventory_turnover_ratio": 0.93,
            "account_receivable_turnover_ratio": 6.43,
            "reinvestment_rate": 535.59,
            "research_to_sale_ratio": 2.25,
            "price_fair": 49.35,
            "eps_avg_yearly": 1.41,
            "eps_latest_yearly": 0.84,
            "eps_growth_yearly": 103.22
        },
        "20121": {
            "year_quarter": 20121,
            "year": 2012,
            "quarter": 1,
            "eps": 0.08,
            "eps_growth_year": -60,
            "eps_4q": 0.32,
            "eps_4q_growth_year": -79.52,
            "roe": 0.57,
            "roe_4q": 2.15,
            "gross_profit": 155569,
            "gross_margin": 27.02,
            "gross_margin_4q_avg": 28.16,
            "net_income": 6256,
            "revenue": 575831,
            "common_shares": 733168,
            "book_valuer_per_share": 15.07,
            "book_valuer_per_share_4q_avg": 15.1,
            "equity": 1102050,
            "current_ratio": 167.54,
            "debt_ratio": 38.52,
            "inventory_turnover_ratio": 0.96,
            "account_receivable_turnover_ratio": 5.84,
            "reinvestment_rate": 541.72,
            "research_to_sale_ratio": 2.03,
            "price_fair": 46.38,
            "eps_avg_yearly": 1.33,
            "eps_latest_yearly": 0.32,
            "eps_growth_yearly": 117.8
        },
        "20122": {
            "year_quarter": 20122,
            "year": 2012,
            "quarter": 2,
            "eps": 0.03,
            "eps_growth_year": -84.64,
            "eps_4q": 0.14,
            "eps_4q_growth_year": -89.71,
            "roe": 0.27,
            "roe_4q": 0.99,
            "gross_profit": 167711,
            "gross_margin": 30.27,
            "gross_margin_4q_avg": 28.24,
            "net_income": 2968,
            "revenue": 554003,
            "common_shares": 733168,
            "book_valuer_per_share": 15.11,
            "book_valuer_per_share_4q_avg": 15.04,
            "equity": 1105005,
            "current_ratio": 186.92,
            "debt_ratio": 35.01,
            "inventory_turnover_ratio": 0.85,
            "account_receivable_turnover_ratio": 6.48,
            "reinvestment_rate": 397.2,
            "research_to_sale_ratio": 2.16,
            "price_fair": 41.69,
            "eps_avg_yearly": 1.19,
            "eps_latest_yearly": 0.12,
            "eps_growth_yearly": 76.94
        },
        "20123": {
            "year_quarter": 20123,
            "year": 2012,
            "quarter": 3,
            "eps": 0.27,
            "eps_growth_year": null,
            "eps_4q": 0.45,
            "eps_4q_growth_year": -43.25,
            "roe": 1.76,
            "roe_4q": 3.02,
            "gross_profit": 182079,
            "gross_margin": 28.89,
            "gross_margin_4q_avg": 29.06,
            "net_income": 19655,
            "revenue": 630323,
            "common_shares": 733168,
            "book_valuer_per_share": 15.36,
            "book_valuer_per_share_4q_avg": 15.15,
            "equity": 1123239,
            "current_ratio": 187.05,
            "debt_ratio": 36,
            "inventory_turnover_ratio": 1.01,
            "account_receivable_turnover_ratio": 8.75,
            "reinvestment_rate": 27.55,
            "research_to_sale_ratio": 2.23,
            "price_fair": 41.3,
            "eps_avg_yearly": 1.18,
            "eps_latest_yearly": 1.08,
            "eps_growth_yearly": 389.24
        },
        "20124": {
            "year_quarter": 20124,
            "year": 2012,
            "quarter": 4,
            "eps": -0.03,
            "eps_growth_year": -153.76,
            "eps_4q": 0.35,
            "eps_4q_growth_year": -19.56,
            "roe": -0.2,
            "roe_4q": 2.4,
            "gross_profit": 160980,
            "gross_margin": 28.34,
            "gross_margin_4q_avg": 28.63,
            "net_income": -2287,
            "revenue": 568024,
            "common_shares": 733168,
            "book_valuer_per_share": 15.33,
            "book_valuer_per_share_4q_avg": 15.22,
            "equity": 1121079,
            "current_ratio": 232.35,
            "debt_ratio": 35.29,
            "inventory_turnover_ratio": 0.97,
            "account_receivable_turnover_ratio": 7.98,
            "reinvestment_rate": 287.62,
            "research_to_sale_ratio": 2.81,
            "price_fair": 41.3,
            "eps_avg_yearly": 1.18,
            "eps_latest_yearly": 1.08,
            "eps_growth_yearly": 389.24
        },
        "20131": {
            "year_quarter": 20131,
            "year": 2013,
            "quarter": 1,
            "eps": 0.55,
            "eps_growth_year": 587.5,
            "eps_4q": 0.82,
            "eps_4q_growth_year": 159.76,
            "roe": 3.56,
            "roe_4q": 5.390000000000001,
            "gross_profit": 153870,
            "gross_margin": 27.11,
            "gross_margin_4q_avg": 28.65,
            "net_income": 40599,
            "revenue": 567567,
            "common_shares": 733168,
            "book_valuer_per_share": 15.87,
            "book_valuer_per_share_4q_avg": 15.42,
            "equity": 1160998,
            "current_ratio": 229.85,
            "debt_ratio": 36.16,
            "inventory_turnover_ratio": 0.99,
            "account_receivable_turnover_ratio": 9.92,
            "reinvestment_rate": 30.51,
            "research_to_sale_ratio": 2.17,
            "price_fair": 41.3,
            "eps_avg_yearly": 1.18,
            "eps_latest_yearly": 1.08,
            "eps_growth_yearly": 389.24
        },
        "20132": {
            "year_quarter": 20132,
            "year": 2013,
            "quarter": 2,
            "eps": -0.13,
            "eps_growth_year": -503.16,
            "eps_4q": 0.66,
            "eps_4q_growth_year": 382.93,
            "roe": -0.9,
            "roe_4q": 4.22,
            "gross_profit": 195974,
            "gross_margin": 26.32,
            "gross_margin_4q_avg": 27.67,
            "net_income": -10988,
            "revenue": 744706,
            "common_shares": 733168,
            "book_valuer_per_share": 15.83,
            "book_valuer_per_share_4q_avg": 15.6,
            "equity": 1291016,
            "current_ratio": 194.28,
            "debt_ratio": 38.6,
            "inventory_turnover_ratio": 1.13,
            "account_receivable_turnover_ratio": 9.22,
            "reinvestment_rate": -1.81,
            "research_to_sale_ratio": 1.84,
            "price_fair": 41.3,
            "eps_avg_yearly": 1.18,
            "eps_latest_yearly": 1.08,
            "eps_growth_yearly": 389.24
        },
        "20133": {
            "year_quarter": 20133,
            "year": 2013,
            "quarter": 3,
            "eps": -0.1,
            "eps_growth_year": -137.21,
            "eps_4q": 0.29,
            "eps_4q_growth_year": -33.84,
            "roe": -0.57,
            "roe_4q": 1.89,
            "gross_profit": 210794,
            "gross_margin": 26.97,
            "gross_margin_4q_avg": 27.19,
            "net_income": -7275,
            "revenue": 781452,
            "common_shares": 733168,
            "book_valuer_per_share": 15.71,
            "book_valuer_per_share_4q_avg": 15.69,
            "equity": 1281702,
            "current_ratio": 186.83,
            "debt_ratio": 39.55,
            "inventory_turnover_ratio": 1.04,
            "account_receivable_turnover_ratio": 5.91,
            "reinvestment_rate": -2.99,
            "research_to_sale_ratio": 1.7,
            "price_fair": 41.3,
            "eps_avg_yearly": 1.18,
            "eps_latest_yearly": 1.08,
            "eps_growth_yearly": 389.24
        },
        "20134": {
            "year_quarter": 20134,
            "year": 2013,
            "quarter": 4,
            "eps": -0.16,
            "eps_growth_year": null,
            "eps_4q": 0.17,
            "eps_4q_growth_year": -50.18,
            "roe": -0.84,
            "roe_4q": 1.25,
            "gross_profit": 183986,
            "gross_margin": 24.21,
            "gross_margin_4q_avg": 26.15,
            "net_income": -11165,
            "revenue": 759968,
            "common_shares": 733168,
            "book_valuer_per_share": 15.52,
            "book_valuer_per_share_4q_avg": 15.73,
            "equity": 1361297,
            "current_ratio": 209.88,
            "debt_ratio": 36.26,
            "inventory_turnover_ratio": 1.03,
            "account_receivable_turnover_ratio": 5.55,
            "reinvestment_rate": -249.02,
            "research_to_sale_ratio": 1.6,
            "price_fair": 36.09,
            "eps_avg_yearly": 1.03,
            "eps_latest_yearly": 1.08,
            "eps_growth_yearly": 343.6
        },
        "20141": {
            "year_quarter": 20141,
            "year": 2014,
            "quarter": 1,
            "eps": 0.03,
            "eps_growth_year": -94.55,
            "eps_4q": -0.35,
            "eps_4q_growth_year": -142.18,
            "roe": 0.35,
            "roe_4q": -1.96,
            "gross_profit": 204780,
            "gross_margin": 27.7,
            "gross_margin_4q_avg": 26.3,
            "net_income": 4810,
            "revenue": 739342,
            "common_shares": 733168,
            "book_valuer_per_share": 15.55,
            "book_valuer_per_share_4q_avg": 15.65,
            "equity": 1365799,
            "current_ratio": 230.6,
            "debt_ratio": 33.59,
            "inventory_turnover_ratio": 0.93,
            "account_receivable_turnover_ratio": 6.47,
            "reinvestment_rate": -275.1,
            "research_to_sale_ratio": 1.83,
            "price_fair": 37.28,
            "eps_avg_yearly": 1.07,
            "eps_latest_yearly": 1.08,
            "eps_growth_yearly": 421.48
        },
        "20142": {
            "year_quarter": 20142,
            "year": 2014,
            "quarter": 2,
            "eps": -0.02,
            "eps_growth_year": null,
            "eps_4q": -0.24,
            "eps_4q_growth_year": -136.53,
            "roe": -0.2,
            "roe_4q": -1.2599999999999998,
            "gross_profit": 224606,
            "gross_margin": 28.16,
            "gross_margin_4q_avg": 26.76,
            "net_income": -2766,
            "revenue": 797724,
            "common_shares": 733168,
            "book_valuer_per_share": 15.49,
            "book_valuer_per_share_4q_avg": 15.57,
            "equity": 1402214,
            "current_ratio": 229.22,
            "debt_ratio": 42.3,
            "inventory_turnover_ratio": 0.87,
            "account_receivable_turnover_ratio": 6.52,
            "reinvestment_rate": -322.06,
            "research_to_sale_ratio": 1.57,
            "price_fair": 35,
            "eps_avg_yearly": 1,
            "eps_latest_yearly": 1.08,
            "eps_growth_yearly": 424.54
        },
        "20143": {
            "year_quarter": 20143,
            "year": 2014,
            "quarter": 3,
            "eps": -0.03,
            "eps_growth_year": null,
            "eps_4q": -0.18,
            "eps_4q_growth_year": -159.48,
            "roe": -0.45,
            "roe_4q": -1.1400000000000001,
            "gross_profit": 248074,
            "gross_margin": 27.14,
            "gross_margin_4q_avg": 26.8,
            "net_income": -6387,
            "revenue": 913901,
            "common_shares": 733168,
            "book_valuer_per_share": 15.54,
            "book_valuer_per_share_4q_avg": 15.53,
            "equity": 1409680,
            "current_ratio": 219.15,
            "debt_ratio": 41.93,
            "inventory_turnover_ratio": 0.91,
            "account_receivable_turnover_ratio": 6.19,
            "reinvestment_rate": 68.89,
            "research_to_sale_ratio": 1.79,
            "price_fair": 28.47,
            "eps_avg_yearly": 0.81,
            "eps_latest_yearly": 1.08,
            "eps_growth_yearly": 468.98
        },
        "20144": {
            "year_quarter": 20144,
            "year": 2014,
            "quarter": 4,
            "eps": -0.02,
            "eps_growth_year": null,
            "eps_4q": -0.04,
            "eps_4q_growth_year": -121.47,
            "roe": -0.16,
            "roe_4q": -0.4600000000000001,
            "gross_profit": 236552,
            "gross_margin": 26.79,
            "gross_margin_4q_avg": 27.45,
            "net_income": -2318,
            "revenue": 882914,
            "common_shares": 733168,
            "book_valuer_per_share": 15.62,
            "book_valuer_per_share_4q_avg": 15.55,
            "equity": 1466073,
            "current_ratio": 238.27,
            "debt_ratio": 40.32,
            "inventory_turnover_ratio": 0.9,
            "account_receivable_turnover_ratio": 5.63,
            "reinvestment_rate": -774.19,
            "research_to_sale_ratio": 1.66,
            "price_fair": 22.12,
            "eps_avg_yearly": 0.63,
            "eps_latest_yearly": 1.08,
            "eps_growth_yearly": 577.88
        },
        "20151": {
            "year_quarter": 20151,
            "year": 2015,
            "quarter": 1,
            "eps": -0.12,
            "eps_growth_year": -500,
            "eps_4q": -0.19,
            "eps_4q_growth_year": null,
            "roe": -1.05,
            "roe_4q": -1.8599999999999999,
            "gross_profit": 230967,
            "gross_margin": 28.57,
            "gross_margin_4q_avg": 27.67,
            "net_income": -15234,
            "revenue": 808456,
            "common_shares": 733168,
            "book_valuer_per_share": 15.47,
            "book_valuer_per_share_4q_avg": 15.53,
            "equity": 1448264,
            "current_ratio": 242.79,
            "debt_ratio": 42.01,
            "inventory_turnover_ratio": 0.81,
            "account_receivable_turnover_ratio": 5.71,
            "reinvestment_rate": -1164.91,
            "research_to_sale_ratio": 1.63,
            "price_fair": 20.65,
            "eps_avg_yearly": 0.59,
            "eps_latest_yearly": 1.08,
            "eps_growth_yearly": 775.83
        },
        "20152": {
            "year_quarter": 20152,
            "year": 2015,
            "quarter": 2,
            "eps": -0.08,
            "eps_growth_year": null,
            "eps_4q": -0.24,
            "eps_4q_growth_year": null,
            "roe": -0.78,
            "roe_4q": -2.44,
            "gross_profit": 239319,
            "gross_margin": 27.46,
            "gross_margin_4q_avg": 27.49,
            "net_income": -11219,
            "revenue": 871417,
            "common_shares": 733168,
            "book_valuer_per_share": 15.35,
            "book_valuer_per_share_4q_avg": 15.5,
            "equity": 1432664,
            "current_ratio": 255.42,
            "debt_ratio": 44.07,
            "inventory_turnover_ratio": 0.89,
            "account_receivable_turnover_ratio": 6.62,
            "reinvestment_rate": -2193.14,
            "research_to_sale_ratio": 1.32,
            "price_fair": 17.73,
            "eps_avg_yearly": 0.51,
            "eps_latest_yearly": 1.08,
            "eps_growth_yearly": 1027.78
        },
        "20153": {
            "year_quarter": 20153,
            "year": 2015,
            "quarter": 3,
            "eps": 0.14,
            "eps_growth_year": null,
            "eps_4q": -0.07,
            "eps_4q_growth_year": null,
            "roe": -0.39,
            "roe_4q": -2.38,
            "gross_profit": 243232,
            "gross_margin": 27.83,
            "gross_margin_4q_avg": 27.66,
            "net_income": -5563,
            "revenue": 873868,
            "common_shares": 733168,
            "book_valuer_per_share": 15.63,
            "book_valuer_per_share_4q_avg": 15.52,
            "equity": 1437484,
            "current_ratio": 250.23,
            "debt_ratio": 45.13,
            "inventory_turnover_ratio": 0.91,
            "account_receivable_turnover_ratio": 5.82,
            "reinvestment_rate": 270.35,
            "research_to_sale_ratio": 1.8,
            "price_fair": 17.73,
            "eps_avg_yearly": 0.51,
            "eps_latest_yearly": 1.08,
            "eps_growth_yearly": 1027.78
        },
        "20154": {
            "year_quarter": 20154,
            "year": 2015,
            "quarter": 4,
            "eps": -0.33,
            "eps_growth_year": null,
            "eps_4q": -0.38,
            "eps_4q_growth_year": null,
            "roe": -3.08,
            "roe_4q": -5.3,
            "gross_profit": 229265,
            "gross_margin": 26.89,
            "gross_margin_4q_avg": 27.69,
            "net_income": -43489,
            "revenue": 852487,
            "common_shares": 733168,
            "book_valuer_per_share": 15.16,
            "book_valuer_per_share_4q_avg": 15.4,
            "equity": 1383457,
            "current_ratio": 238.29,
            "debt_ratio": 45.63,
            "inventory_turnover_ratio": 0.96,
            "account_receivable_turnover_ratio": 5.42,
            "reinvestment_rate": -6259.14,
            "research_to_sale_ratio": 1.37,
            "price_fair": 17.73,
            "eps_avg_yearly": 0.51,
            "eps_latest_yearly": 1.08,
            "eps_growth_yearly": 1027.78
        },
        "20161": {
            "year_quarter": 20161,
            "year": 2016,
            "quarter": 1,
            "eps": -0.08,
            "eps_growth_year": null,
            "eps_4q": -0.34,
            "eps_4q_growth_year": null,
            "roe": -0.57,
            "roe_4q": -4.82,
            "gross_profit": 219265,
            "gross_margin": 27.68,
            "gross_margin_4q_avg": 27.47,
            "net_income": -7838,
            "revenue": 792220,
            "common_shares": 733168,
            "book_valuer_per_share": 15.07,
            "book_valuer_per_share_4q_avg": 15.3,
            "equity": 1374731,
            "current_ratio": 233.93,
            "debt_ratio": 44.77,
            "inventory_turnover_ratio": 0.93,
            "account_receivable_turnover_ratio": 5.7,
            "reinvestment_rate": null,
            "research_to_sale_ratio": 1.38,
            "price_fair": 21,
            "eps_avg_yearly": 0.6,
            "eps_latest_yearly": 1.08,
            "eps_growth_yearly": 1475
        },
        "20162": {
            "year_quarter": 20162,
            "year": 2016,
            "quarter": 2,
            "eps": -0.22,
            "eps_growth_year": null,
            "eps_4q": -0.48,
            "eps_4q_growth_year": null,
            "roe": -0.93,
            "roe_4q": -4.97,
            "gross_profit": 233392,
            "gross_margin": 29.05,
            "gross_margin_4q_avg": 27.86,
            "net_income": -12714,
            "revenue": 803313,
            "common_shares": 733168,
            "book_valuer_per_share": 14.77,
            "book_valuer_per_share_4q_avg": 15.16,
            "equity": 1355452,
            "current_ratio": 200.35,
            "debt_ratio": 45.31,
            "inventory_turnover_ratio": 0.95,
            "account_receivable_turnover_ratio": 6.29,
            "reinvestment_rate": null,
            "research_to_sale_ratio": 1.43,
            "price_fair": 37.8,
            "eps_avg_yearly": 1.08,
            "eps_latest_yearly": 1.08,
            "eps_growth_yearly": 3200
        },
        "20163": {
            "year_quarter": 20163,
            "year": 2016,
            "quarter": 3,
            "eps": -0.09,
            "eps_growth_year": -164.29,
            "eps_4q": -0.72,
            "eps_4q_growth_year": null,
            "roe": -0.88,
            "roe_4q": -5.46,
            "gross_profit": 225532,
            "gross_margin": 28.78,
            "gross_margin_4q_avg": 28.1,
            "net_income": -11901,
            "revenue": 783616,
            "common_shares": 733168,
            "book_valuer_per_share": 14.56,
            "book_valuer_per_share_4q_avg": 14.89,
            "equity": 1335422,
            "current_ratio": 185.86,
            "debt_ratio": 47.36,
            "inventory_turnover_ratio": 0.95,
            "account_receivable_turnover_ratio": 6.01,
            "reinvestment_rate": null,
            "research_to_sale_ratio": 1.47,
            "price_fair": 0,
            "eps_avg_yearly": 0,
            "eps_latest_yearly": 0,
            "eps_growth_yearly": 0
        },
        "20164": {
            "year_quarter": 20164,
            "year": 2016,
            "quarter": 4,
            "eps": 0.67,
            "eps_growth_year": null,
            "eps_4q": 0.27,
            "eps_4q_growth_year": null,
            "roe": 0.62,
            "roe_4q": -1.7599999999999998,
            "gross_profit": 213635,
            "gross_margin": 28.53,
            "gross_margin_4q_avg": 28.51,
            "net_income": 8269,
            "revenue": 748688,
            "common_shares": 733168,
            "book_valuer_per_share": 15.16,
            "book_valuer_per_share_4q_avg": 14.89,
            "equity": 1336531,
            "current_ratio": 208.29,
            "debt_ratio": 39.32,
            "inventory_turnover_ratio": 0.94,
            "account_receivable_turnover_ratio": 5.85,
            "reinvestment_rate": -24997.02,
            "research_to_sale_ratio": 1.57,
            "price_fair": 0,
            "eps_avg_yearly": 0,
            "eps_latest_yearly": 0,
            "eps_growth_yearly": 0
        },
        "20171": {
            "year_quarter": 20171,
            "year": 2017,
            "quarter": 1,
            "eps": -0.4,
            "eps_growth_year": null,
            "eps_4q": -0.04,
            "eps_4q_growth_year": null,
            "roe": -2.82,
            "roe_4q": -4.01,
            "gross_profit": 191375,
            "gross_margin": 27.46,
            "gross_margin_4q_avg": 28.46,
            "net_income": -36961,
            "revenue": 696963,
            "common_shares": 733168,
            "book_valuer_per_share": 14.63,
            "book_valuer_per_share_4q_avg": 14.78,
            "equity": 1287808,
            "current_ratio": 216.93,
            "debt_ratio": 40.82,
            "inventory_turnover_ratio": 0.89,
            "account_receivable_turnover_ratio": 6.67,
            "reinvestment_rate": null,
            "research_to_sale_ratio": 1.46,
            "price_fair": 0,
            "eps_avg_yearly": 0,
            "eps_latest_yearly": 0,
            "eps_growth_yearly": 0
        },
        "20172": {
            "year_quarter": 20172,
            "year": 2017,
            "quarter": 2,
            "eps": 0.29,
            "eps_growth_year": null,
            "eps_4q": 0.47,
            "eps_4q_growth_year": null,
            "roe": 2.34,
            "roe_4q": -0.74,
            "gross_profit": 237153,
            "gross_margin": 31.39,
            "gross_margin_4q_avg": 29.04,
            "net_income": 30557,
            "revenue": 755424,
            "common_shares": 733168,
            "book_valuer_per_share": 14.97,
            "book_valuer_per_share_4q_avg": 14.83,
            "equity": 1321401,
            "current_ratio": 209.78,
            "debt_ratio": 40.61,
            "inventory_turnover_ratio": 0.89,
            "account_receivable_turnover_ratio": 7.66,
            "reinvestment_rate": null,
            "research_to_sale_ratio": 1.2,
            "price_fair": 0,
            "eps_avg_yearly": 0,
            "eps_latest_yearly": 0,
            "eps_growth_yearly": 0
        },
        "20173": {
            "year_quarter": 20173,
            "year": 2017,
            "quarter": 3,
            "eps": 0.36,
            "eps_growth_year": null,
            "eps_4q": 0.93,
            "eps_4q_growth_year": null,
            "roe": 1.54,
            "roe_4q": 1.6800000000000002,
            "gross_profit": 257237,
            "gross_margin": 30.87,
            "gross_margin_4q_avg": 29.56,
            "net_income": 20574,
            "revenue": 833266,
            "common_shares": 733168,
            "book_valuer_per_share": 15.38,
            "book_valuer_per_share_4q_avg": 15.04,
            "equity": 1344934,
            "current_ratio": 241.53,
            "debt_ratio": 44.71,
            "inventory_turnover_ratio": 0.98,
            "account_receivable_turnover_ratio": 6.93,
            "reinvestment_rate": null,
            "research_to_sale_ratio": 1.23,
            "price_fair": 50.4,
            "eps_avg_yearly": 1.44,
            "eps_latest_yearly": 1.44,
            "eps_growth_yearly": 96.55
        },
        "20174": {
            "year_quarter": 20174,
            "year": 2017,
            "quarter": 4,
            "eps": 0.12,
            "eps_growth_year": -82.45,
            "eps_4q": 0.38,
            "eps_4q_growth_year": 37.69,
            "roe": 0.48,
            "roe_4q": 1.5399999999999996,
            "gross_profit": 249401,
            "gross_margin": 29.71,
            "gross_margin_4q_avg": 29.86,
            "net_income": 6419,
            "revenue": 839366,
            "common_shares": 733168,
            "book_valuer_per_share": 15.5,
            "book_valuer_per_share_4q_avg": 15.12,
            "equity": 1352398,
            "current_ratio": 243.69,
            "debt_ratio": 43.94,
            "inventory_turnover_ratio": 1.02,
            "account_receivable_turnover_ratio": 6.62,
            "reinvestment_rate": -525.96,
            "research_to_sale_ratio": 1.32,
            "price_fair": 2.88,
            "eps_avg_yearly": 0.96,
            "eps_latest_yearly": 0.48,
            "eps_growth_yearly": -85.06
        },
        "20181": {
            "year_quarter": 20181,
            "year": 2018,
            "quarter": 1,
            "eps": 0,
            "eps_growth_year": null,
            "eps_4q": 0.78,
            "eps_4q_growth_year": null,
            "roe": -0.04,
            "roe_4q": 4.32,
            "gross_profit": 222922,
            "gross_margin": 29.84,
            "gross_margin_4q_avg": 30.45,
            "net_income": -580,
            "revenue": 746993,
            "common_shares": 733168,
            "book_valuer_per_share": 15.56,
            "book_valuer_per_share_4q_avg": 15.35,
            "equity": 1356001,
            "current_ratio": 253.87,
            "debt_ratio": 42.28,
            "inventory_turnover_ratio": 0.89,
            "account_receivable_turnover_ratio": 6.37,
            "reinvestment_rate": -571.98,
            "research_to_sale_ratio": 1.1,
            "price_fair": 2.88,
            "eps_avg_yearly": 0.96,
            "eps_latest_yearly": 0.48,
            "eps_growth_yearly": -85.06
        },
        "20182": {
            "year_quarter": 20182,
            "year": 2018,
            "quarter": 2,
            "eps": 0.16,
            "eps_growth_year": -44.83,
            "eps_4q": 0.65,
            "eps_4q_growth_year": 36.68,
            "roe": 0.67,
            "roe_4q": 2.65,
            "gross_profit": 242805,
            "gross_margin": 30.32,
            "gross_margin_4q_avg": 30.19,
            "net_income": 9073,
            "revenue": 800879,
            "common_shares": 733168,
            "book_valuer_per_share": 15.39,
            "book_valuer_per_share_4q_avg": 15.46,
            "equity": 1340440,
            "current_ratio": 235.38,
            "debt_ratio": 43.97,
            "inventory_turnover_ratio": 0.9,
            "account_receivable_turnover_ratio": 6.76,
            "reinvestment_rate": -508.53,
            "research_to_sale_ratio": 1.27,
            "price_fair": 2.88,
            "eps_avg_yearly": 0.96,
            "eps_latest_yearly": 0.48,
            "eps_growth_yearly": -85.06
        },
        "20183": {
            "year_quarter": 20183,
            "year": 2018,
            "quarter": 3,
            "eps": 0.08,
            "eps_growth_year": -77.78,
            "eps_4q": 0.37,
            "eps_4q_growth_year": -60.54,
            "roe": 0.4,
            "roe_4q": 1.51,
            "gross_profit": 252384,
            "gross_margin": 31.68,
            "gross_margin_4q_avg": 30.39,
            "net_income": 5296,
            "revenue": 796565,
            "common_shares": 733168,
            "book_valuer_per_share": 15.37,
            "book_valuer_per_share_4q_avg": 15.46,
            "equity": 1337757,
            "current_ratio": 257.58,
            "debt_ratio": 41.29,
            "inventory_turnover_ratio": 0.88,
            "account_receivable_turnover_ratio": 6.1,
            "reinvestment_rate": -409.06,
            "research_to_sale_ratio": 1.42,
            "price_fair": 2.24,
            "eps_avg_yearly": 0.75,
            "eps_latest_yearly": 0.32,
            "eps_growth_yearly": -123.37
        },
        "20184": {
            "year_quarter": 20184,
            "year": 2018,
            "quarter": 4,
            "eps": -0.02,
            "eps_growth_year": -119.26,
            "eps_4q": 0.23,
            "eps_4q_growth_year": -40.05,
            "roe": -0.07,
            "roe_4q": 0.96,
            "gross_profit": 236736,
            "gross_margin": 31.46,
            "gross_margin_4q_avg": 30.83,
            "net_income": -998,
            "revenue": 752612,
            "common_shares": 733168,
            "book_valuer_per_share": 15.3,
            "book_valuer_per_share_4q_avg": 15.41,
            "equity": 1341088,
            "current_ratio": 245.96,
            "debt_ratio": 41.67,
            "inventory_turnover_ratio": 0.84,
            "account_receivable_turnover_ratio": 6.03,
            "reinvestment_rate": -404.12,
            "research_to_sale_ratio": 1.77,
            "price_fair": 2.24,
            "eps_avg_yearly": 0.75,
            "eps_latest_yearly": 0.32,
            "eps_growth_yearly": -123.37
        },
        "20191": {
            "year_quarter": 20191,
            "year": 2019,
            "quarter": 1,
            "eps": 0.07,
            "eps_growth_year": null,
            "eps_4q": 0.29,
            "eps_4q_growth_year": -62.45,
            "roe": 0.43,
            "roe_4q": 1.4300000000000002,
            "gross_profit": 234267,
            "gross_margin": 32.19,
            "gross_margin_4q_avg": 31.41,
            "net_income": 5685,
            "revenue": 727705,
            "common_shares": 733168,
            "book_valuer_per_share": 15.24,
            "book_valuer_per_share_4q_avg": 15.33,
            "equity": 1326821,
            "current_ratio": 204.63,
            "debt_ratio": 54.18,
            "inventory_turnover_ratio": 0.79,
            "account_receivable_turnover_ratio": 6.44,
            "reinvestment_rate": -355.21,
            "research_to_sale_ratio": 1.78,
            "price_fair": 2.24,
            "eps_avg_yearly": 0.75,
            "eps_latest_yearly": 0.32,
            "eps_growth_yearly": -123.37
        },
        "20192": {
            "year_quarter": 20192,
            "year": 2019,
            "quarter": 2,
            "eps": 0.05,
            "eps_growth_year": -68.75,
            "eps_4q": 0.18,
            "eps_4q_growth_year": -71.66,
            "roe": 0.34,
            "roe_4q": 1.1,
            "gross_profit": 251880,
            "gross_margin": 32,
            "gross_margin_4q_avg": 31.83,
            "net_income": 4544,
            "revenue": 787039,
            "common_shares": 733168,
            "book_valuer_per_share": 15.2,
            "book_valuer_per_share_4q_avg": 15.28,
            "equity": 1329757,
            "current_ratio": 230.09,
            "debt_ratio": 56.46,
            "inventory_turnover_ratio": 0.83,
            "account_receivable_turnover_ratio": 6.4,
            "reinvestment_rate": -290.42,
            "research_to_sale_ratio": 2.21,
            "price_fair": 1.83,
            "eps_avg_yearly": 0.61,
            "eps_latest_yearly": 0.2,
            "eps_growth_yearly": -121.1
        },
        "20193": {
            "year_quarter": 20193,
            "year": 2019,
            "quarter": 3,
            "eps": 0.06,
            "eps_growth_year": -25,
            "eps_4q": 0.16,
            "eps_4q_growth_year": -55.73,
            "roe": 0.07,
            "roe_4q": 0.77,
            "gross_profit": 250964,
            "gross_margin": 31.77,
            "gross_margin_4q_avg": 31.86,
            "net_income": 894,
            "revenue": 789981,
            "common_shares": 733168,
            "book_valuer_per_share": 15.15,
            "book_valuer_per_share_4q_avg": 15.22,
            "equity": 1322426,
            "current_ratio": 229.53,
            "debt_ratio": 56.21,
            "inventory_turnover_ratio": 0.84,
            "account_receivable_turnover_ratio": 5.5,
            "reinvestment_rate": -362.57,
            "research_to_sale_ratio": 1.52,
            "price_fair": 1.61,
            "eps_avg_yearly": 0.54,
            "eps_latest_yearly": 0.24,
            "eps_growth_yearly": -80.88
        },
        "20194": {
            "year_quarter": 20194,
            "year": 2019,
            "quarter": 4,
            "eps": 0.17,
            "eps_growth_year": null,
            "eps_4q": 0.35,
            "eps_4q_growth_year": 55.11,
            "roe": 0.97,
            "roe_4q": 1.81,
            "gross_profit": 246034,
            "gross_margin": 31.17,
            "gross_margin_4q_avg": 31.78,
            "net_income": 12931,
            "revenue": 789226,
            "common_shares": 733168,
            "book_valuer_per_share": 15.27,
            "book_valuer_per_share_4q_avg": 15.22,
            "equity": 1331403,
            "current_ratio": 217.11,
            "debt_ratio": 56.54,
            "inventory_turnover_ratio": 0.85,
            "account_receivable_turnover_ratio": 5.95,
            "reinvestment_rate": -196.55,
            "research_to_sale_ratio": 2.79,
            "price_fair": 19.6,
            "eps_avg_yearly": 0.56,
            "eps_latest_yearly": 0.68,
            "eps_growth_yearly": 54.82
        },
        "20201": {
            "year_quarter": 20201,
            "year": 2020,
            "quarter": 1,
            "eps": 0.25,
            "eps_growth_year": 257.14,
            "eps_4q": 0.54,
            "eps_4q_growth_year": 83.12,
            "roe": 1.9,
            "roe_4q": 3.28,
            "gross_profit": 272208,
            "gross_margin": 33.42,
            "gross_margin_4q_avg": 32.09,
            "net_income": 25538,
            "revenue": 814607,
            "common_shares": 733168,
            "book_valuer_per_share": 15.49,
            "book_valuer_per_share_4q_avg": 15.28,
            "equity": 1354728,
            "current_ratio": 208.38,
            "debt_ratio": 58.07,
            "inventory_turnover_ratio": 0.83,
            "account_receivable_turnover_ratio": 6.89,
            "reinvestment_rate": -172.1,
            "research_to_sale_ratio": 1.63,
            "price_fair": 21.8,
            "eps_avg_yearly": 0.62,
            "eps_latest_yearly": 1,
            "eps_growth_yearly": 73.88
        },
        "20202": {
            "year_quarter": 20202,
            "year": 2020,
            "quarter": 2,
            "eps": 0.35,
            "eps_growth_year": 600,
            "eps_4q": 0.83,
            "eps_4q_growth_year": 352.26,
            "roe": 2.14,
            "roe_4q": 5.08,
            "gross_profit": 305057,
            "gross_margin": 35.54,
            "gross_margin_4q_avg": 32.98,
            "net_income": 29035,
            "revenue": 858405,
            "common_shares": 733168,
            "book_valuer_per_share": 15.59,
            "book_valuer_per_share_4q_avg": 15.38,
            "equity": 1363515,
            "current_ratio": 177.79,
            "debt_ratio": 58.72,
            "inventory_turnover_ratio": 0.8,
            "account_receivable_turnover_ratio": 6.31,
            "reinvestment_rate": -30.79,
            "research_to_sale_ratio": 1.85,
            "price_fair": 25.2,
            "eps_avg_yearly": 0.72,
            "eps_latest_yearly": 1.4,
            "eps_growth_yearly": 84.65
        },
        "20203": {
            "year_quarter": 20203,
            "year": 2020,
            "quarter": 3,
            "eps": 0.78,
            "eps_growth_year": 1200,
            "eps_4q": 1.55,
            "eps_4q_growth_year": 854.93,
            "roe": 4.25,
            "roe_4q": 9.260000000000002,
            "gross_profit": 335766,
            "gross_margin": 33.84,
            "gross_margin_4q_avg": 33.49,
            "net_income": 59311,
            "revenue": 992157,
            "common_shares": 733168,
            "book_valuer_per_share": 16.42,
            "book_valuer_per_share_4q_avg": 15.69,
            "equity": 1426641,
            "current_ratio": 190.61,
            "debt_ratio": 54.99,
            "inventory_turnover_ratio": 0.91,
            "account_receivable_turnover_ratio": 5.52,
            "reinvestment_rate": -17.37,
            "research_to_sale_ratio": 1.3,
            "price_fair": 34.53,
            "eps_avg_yearly": 0.99,
            "eps_latest_yearly": 3.12,
            "eps_growth_yearly": 129.84
        },
        "20204": {
            "year_quarter": 20204,
            "year": 2020,
            "quarter": 4,
            "eps": 0.43,
            "eps_growth_year": 159.9,
            "eps_4q": 1.71,
            "eps_4q_growth_year": 386.71,
            "roe": 2.59,
            "roe_4q": 10.88,
            "gross_profit": 320937,
            "gross_margin": 31.66,
            "gross_margin_4q_avg": 33.62,
            "net_income": 39937,
            "revenue": 1013800,
            "common_shares": 793168,
            "book_valuer_per_share": 16.91,
            "book_valuer_per_share_4q_avg": 16.1,
            "equity": 1659904,
            "current_ratio": 220.3,
            "debt_ratio": 50.55,
            "inventory_turnover_ratio": 0.95,
            "account_receivable_turnover_ratio": 5.23,
            "reinvestment_rate": -31.92,
            "research_to_sale_ratio": 1.66,
            "price_fair": 37.1,
            "eps_avg_yearly": 1.06,
            "eps_latest_yearly": 1.72,
            "eps_growth_yearly": 98.91
        },
        "20211": {
            "year_quarter": 20211,
            "year": 2021,
            "quarter": 1,
            "eps": 0.34,
            "eps_growth_year": 36,
            "eps_4q": 1.81,
            "eps_4q_growth_year": 237.83,
            "roe": 1.93,
            "roe_4q": 10.91,
            "gross_profit": 314904,
            "gross_margin": 33.14,
            "gross_margin_4q_avg": 33.55,
            "net_income": 32277,
            "revenue": 950243,
            "common_shares": 793168,
            "book_valuer_per_share": 17.21,
            "book_valuer_per_share_4q_avg": 16.53,
            "equity": 1688501,
            "current_ratio": 205.54,
            "debt_ratio": 53.59,
            "inventory_turnover_ratio": 0.83,
            "account_receivable_turnover_ratio": 5.41,
            "reinvestment_rate": 72.06,
            "research_to_sale_ratio": 1.65,
            "price_fair": 38.05,
            "eps_avg_yearly": 1.09,
            "eps_latest_yearly": 1.36,
            "eps_growth_yearly": 82.31
        },
        "20212": {
            "year_quarter": 20212,
            "year": 2021,
            "quarter": 2,
            "eps": 0.81,
            "eps_growth_year": 131.43,
            "eps_4q": 2.18,
            "eps_4q_growth_year": 163.13,
            "roe": 4.24,
            "roe_4q": 13.01,
            "gross_profit": 366567,
            "gross_margin": 35.62,
            "gross_margin_4q_avg": 33.57,
            "net_income": 75000,
            "revenue": 1029187,
            "common_shares": 841391,
            "book_valuer_per_share": 18.03,
            "book_valuer_per_share_4q_avg": 17.14,
            "equity": 1850230,
            "current_ratio": 203.37,
            "debt_ratio": 51.06,
            "inventory_turnover_ratio": 0.81,
            "account_receivable_turnover_ratio": 4.88,
            "reinvestment_rate": 66.42,
            "research_to_sale_ratio": 1.15,
            "price_fair": 44.33,
            "eps_avg_yearly": 1.27,
            "eps_latest_yearly": 3.24,
            "eps_growth_yearly": 121.53
        },
        "20213": {
            "year_quarter": 20213,
            "year": 2021,
            "quarter": 3,
            "eps": 0.17,
            "eps_growth_year": -78.21,
            "eps_4q": 1.67,
            "eps_4q_growth_year": 8.15,
            "roe": 0.83,
            "roe_4q": 9.59,
            "gross_profit": 305571,
            "gross_margin": 32.81,
            "gross_margin_4q_avg": 33.31,
            "net_income": 15104,
            "revenue": 931312,
            "common_shares": 843228,
            "book_valuer_per_share": 17.07,
            "book_valuer_per_share_4q_avg": 17.31,
            "equity": 1772847,
            "current_ratio": 201.96,
            "debt_ratio": 50.76,
            "inventory_turnover_ratio": 0.73,
            "account_receivable_turnover_ratio": 4.15,
            "reinvestment_rate": 68.53,
            "research_to_sale_ratio": 1.26,
            "price_fair": 42.12,
            "eps_avg_yearly": 1.2,
            "eps_latest_yearly": 0.68,
            "eps_growth_yearly": 87.14
        },
        "20214": {
            "year_quarter": 20214,
            "year": 2021,
            "quarter": 4,
            "eps": 0.06,
            "eps_growth_year": -87.11,
            "eps_4q": 1.32,
            "eps_4q_growth_year": -22.66,
            "roe": 0.29,
            "roe_4q": 7.29,
            "gross_profit": 309593,
            "gross_margin": 29.85,
            "gross_margin_4q_avg": 32.86,
            "net_income": 5151,
            "revenue": 1037161,
            "common_shares": 843228,
            "book_valuer_per_share": 17.14,
            "book_valuer_per_share_4q_avg": 17.36,
            "equity": 1779496,
            "current_ratio": 187.35,
            "debt_ratio": 52.61,
            "inventory_turnover_ratio": 0.87,
            "account_receivable_turnover_ratio": 4.75,
            "reinvestment_rate": 86.64,
            "research_to_sale_ratio": 1.59,
            "price_fair": 41.42,
            "eps_avg_yearly": 1.18,
            "eps_latest_yearly": 0.24,
            "eps_growth_yearly": 87.8
        },
        "20221": {
            "year_quarter": 20221,
            "year": 2022,
            "quarter": 1,
            "eps": 0.22,
            "eps_growth_year": -35.29,
            "eps_4q": 1.22,
            "eps_4q_growth_year": -32.39,
            "roe": 1.87,
            "roe_4q": 7.23,
            "gross_profit": 309758,
            "gross_margin": 34.01,
            "gross_margin_4q_avg": 33.07,
            "net_income": 33701,
            "revenue": 910774,
            "common_shares": 844026,
            "book_valuer_per_share": 17.48,
            "book_valuer_per_share_4q_avg": 17.43,
            "equity": 1824125,
            "current_ratio": 180.31,
            "debt_ratio": 53.69,
            "inventory_turnover_ratio": 0.69,
            "account_receivable_turnover_ratio": 4.14,
            "reinvestment_rate": 94.87,
            "research_to_sale_ratio": 1.35,
            "price_fair": 40.6,
            "eps_avg_yearly": 1.16,
            "eps_latest_yearly": 0.88,
            "eps_growth_yearly": 163.1
        },
        "20222": {
            "year_quarter": 20222,
            "year": 2022,
            "quarter": 2,
            "eps": 0.95,
            "eps_growth_year": 17.28,
            "eps_4q": 1.4,
            "eps_4q_growth_year": -35.98,
            "roe": 5.91,
            "roe_4q": 8.9,
            "gross_profit": 469764,
            "gross_margin": 36.29,
            "gross_margin_4q_avg": 33.24,
            "net_income": 108409,
            "revenue": 1294397,
            "common_shares": 849291,
            "book_valuer_per_share": 17.27,
            "book_valuer_per_share_4q_avg": 17.24,
            "equity": 1843108,
            "current_ratio": 165.51,
            "debt_ratio": 56.32,
            "inventory_turnover_ratio": 0.89,
            "account_receivable_turnover_ratio": 4.89,
            "reinvestment_rate": 83.49,
            "research_to_sale_ratio": 0.97,
            "price_fair": 47.2,
            "eps_avg_yearly": 1.35,
            "eps_latest_yearly": 3.8,
            "eps_growth_yearly": 246.25
        },
        "20223": {
            "year_quarter": 20223,
            "year": 2022,
            "quarter": 3,
            "eps": 0.56,
            "eps_growth_year": 229.41,
            "eps_4q": 1.78,
            "eps_4q_growth_year": 6.61,
            "roe": 2.66,
            "roe_4q": 10.73,
            "gross_profit": 367664,
            "gross_margin": 34.09,
            "gross_margin_4q_avg": 33.56,
            "net_income": 49707,
            "revenue": 1078550,
            "common_shares": 849291,
            "book_valuer_per_share": 17.89,
            "book_valuer_per_share_4q_avg": 17.45,
            "equity": 1897777,
            "current_ratio": 175.58,
            "debt_ratio": 53.99,
            "inventory_turnover_ratio": 0.75,
            "account_receivable_turnover_ratio": 3.42,
            "reinvestment_rate": 77.96,
            "research_to_sale_ratio": 1.43,
            "price_fair": 52,
            "eps_avg_yearly": 1.49,
            "eps_latest_yearly": 2.24,
            "eps_growth_yearly": 248.81
        },
        "20224": {
            "year_quarter": 20224,
            "year": 2022,
            "quarter": 4,
            "eps": 0.28,
            "eps_growth_year": 397.78,
            "eps_4q": 2,
            "eps_4q_growth_year": 51.79,
            "roe": 1.31,
            "roe_4q": 11.75,
            "gross_profit": 359159,
            "gross_margin": 33.84,
            "gross_margin_4q_avg": 34.56,
            "net_income": 25149,
            "revenue": 1061227,
            "common_shares": 849291,
            "book_valuer_per_share": 18.28,
            "book_valuer_per_share_4q_avg": 17.73,
            "equity": 1944495,
            "current_ratio": 186.68,
            "debt_ratio": 51.32,
            "inventory_turnover_ratio": 0.74,
            "account_receivable_turnover_ratio": 3.67,
            "reinvestment_rate": 74.59,
            "research_to_sale_ratio": 1.26,
            "price_fair": 51.15,
            "eps_avg_yearly": 1.46,
            "eps_latest_yearly": 1.12,
            "eps_growth_yearly": 218.89
        },
        "20231": {
            "year_quarter": 20231,
            "year": 2023,
            "quarter": 1,
            "eps": 0.11,
            "eps_growth_year": -50,
            "eps_4q": 1.9,
            "eps_4q_growth_year": 55.35,
            "roe": 0.93,
            "roe_4q": 10.81,
            "gross_profit": 328358,
            "gross_margin": 35.25,
            "gross_margin_4q_avg": 34.87,
            "net_income": 18282,
            "revenue": 931437,
            "common_shares": 849291,
            "book_valuer_per_share": 18.44,
            "book_valuer_per_share_4q_avg": 17.97,
            "equity": 1967566,
            "current_ratio": 186.21,
            "debt_ratio": 52.32,
            "inventory_turnover_ratio": 0.62,
            "account_receivable_turnover_ratio": 3.53,
            "reinvestment_rate": 77,
            "research_to_sale_ratio": 1.07,
            "price_fair": 48.91,
            "eps_avg_yearly": 1.4,
            "eps_latest_yearly": 0.44,
            "eps_growth_yearly": 190.03
        },
        "20232": {
            "year_quarter": 20232,
            "year": 2023,
            "quarter": 2,
            "eps": -0.02,
            "eps_growth_year": -102.11,
            "eps_4q": 0.93,
            "eps_4q_growth_year": -33.52,
            "roe": -0.25,
            "roe_4q": 4.65,
            "gross_profit": 331861,
            "gross_margin": 33.74,
            "gross_margin_4q_avg": 34.23,
            "net_income": -4777,
            "revenue": 983712,
            "common_shares": 849291,
            "book_valuer_per_share": 17.07,
            "book_valuer_per_share_4q_avg": 17.92,
            "equity": 1853692,
            "current_ratio": 180.15,
            "debt_ratio": 53.1,
            "inventory_turnover_ratio": 0.65,
            "account_receivable_turnover_ratio": 4.1,
            "reinvestment_rate": 80.89,
            "research_to_sale_ratio": 1.33,
            "price_fair": 51.71,
            "eps_avg_yearly": 1.48,
            "eps_latest_yearly": 0.44,
            "eps_growth_yearly": 210.32
        }
    },
    "months": {
        "2003-07": {
            "month": "2003-07",
            "price": "44.78",
            "revenue": 44989
        },
        "2003-08": {
            "month": "2003-08",
            "price": "41.66",
            "revenue": 59082
        },
        "2003-09": {
            "month": "2003-09",
            "price": "43.54",
            "revenue": 90944
        },
        "2003-10": {
            "month": "2003-10",
            "price": "37.50",
            "revenue": 55491
        },
        "2003-11": {
            "month": "2003-11",
            "price": "39.84",
            "revenue": 60774
        },
        "2003-12": {
            "month": "2003-12",
            "price": "45.26",
            "revenue": 78773
        },
        "2004-01": {
            "month": "2004-01",
            "price": "44.55",
            "revenue": 37723
        },
        "2004-02": {
            "month": "2004-02",
            "price": "44.72",
            "revenue": 46629
        },
        "2004-03": {
            "month": "2004-03",
            "price": "51.42",
            "revenue": 54625
        },
        "2004-04": {
            "month": "2004-04",
            "price": "56.86",
            "revenue": 73137
        },
        "2004-05": {
            "month": "2004-05",
            "price": "40.60",
            "revenue": 32878
        },
        "2004-06": {
            "month": "2004-06",
            "price": "37.03",
            "revenue": 82251
        },
        "2004-07": {
            "month": "2004-07",
            "price": "33.78",
            "revenue": 42773
        },
        "2004-08": {
            "month": "2004-08",
            "price": "29.58",
            "revenue": 55223
        },
        "2004-09": {
            "month": "2004-09",
            "price": "29.91",
            "revenue": 65532
        },
        "2004-10": {
            "month": "2004-10",
            "price": "28.42",
            "revenue": 78759
        },
        "2004-11": {
            "month": "2004-11",
            "price": "26.63",
            "revenue": 82671
        },
        "2004-12": {
            "month": "2004-12",
            "price": "28.00",
            "revenue": 121595
        },
        "2005-01": {
            "month": "2005-01",
            "price": "27.47",
            "revenue": 51819
        },
        "2005-02": {
            "month": "2005-02",
            "price": "28.38",
            "revenue": 62934
        },
        "2005-03": {
            "month": "2005-03",
            "price": "28.50",
            "revenue": 55049
        },
        "2005-04": {
            "month": "2005-04",
            "price": "26.17",
            "revenue": 90940
        },
        "2005-05": {
            "month": "2005-05",
            "price": "23.88",
            "revenue": 48311
        },
        "2005-06": {
            "month": "2005-06",
            "price": "26.70",
            "revenue": 80441
        },
        "2005-07": {
            "month": "2005-07",
            "price": "24.96",
            "revenue": 90797
        },
        "2005-08": {
            "month": "2005-08",
            "price": "22.84",
            "revenue": 99527
        },
        "2005-09": {
            "month": "2005-09",
            "price": "21.29",
            "revenue": 133383
        },
        "2005-10": {
            "month": "2005-10",
            "price": "21.62",
            "revenue": 100880
        },
        "2005-11": {
            "month": "2005-11",
            "price": "20.43",
            "revenue": 177264
        },
        "2005-12": {
            "month": "2005-12",
            "price": "22.23",
            "revenue": 142447
        },
        "2006-01": {
            "month": "2006-01",
            "price": "22.96",
            "revenue": 78468
        },
        "2006-02": {
            "month": "2006-02",
            "price": "22.03",
            "revenue": 30088
        },
        "2006-03": {
            "month": "2006-03",
            "price": "20.69",
            "revenue": 88472
        },
        "2006-04": {
            "month": "2006-04",
            "price": "21.81",
            "revenue": 81965
        },
        "2006-05": {
            "month": "2006-05",
            "price": "27.06",
            "revenue": 99196
        },
        "2006-06": {
            "month": "2006-06",
            "price": "24.84",
            "revenue": 106161
        },
        "2006-07": {
            "month": "2006-07",
            "price": "22.93",
            "revenue": 103346
        },
        "2006-08": {
            "month": "2006-08",
            "price": "18.26",
            "revenue": 121237
        },
        "2006-09": {
            "month": "2006-09",
            "price": "14.96",
            "revenue": 129554
        },
        "2006-10": {
            "month": "2006-10",
            "price": "17.50",
            "revenue": 124152
        },
        "2006-11": {
            "month": "2006-11",
            "price": "17.29",
            "revenue": 109679
        },
        "2006-12": {
            "month": "2006-12",
            "price": "17.90",
            "revenue": 88707
        },
        "2007-01": {
            "month": "2007-01",
            "price": "18.23",
            "revenue": 92088
        },
        "2007-02": {
            "month": "2007-02",
            "price": "17.99",
            "revenue": 75549
        },
        "2007-03": {
            "month": "2007-03",
            "price": "19.82",
            "revenue": 129905
        },
        "2007-04": {
            "month": "2007-04",
            "price": "25.36",
            "revenue": 148405
        },
        "2007-05": {
            "month": "2007-05",
            "price": "26.58",
            "revenue": 111248
        },
        "2007-06": {
            "month": "2007-06",
            "price": "27.58",
            "revenue": 156694
        },
        "2007-07": {
            "month": "2007-07",
            "price": "40.01",
            "revenue": 137283
        },
        "2007-08": {
            "month": "2007-08",
            "price": "31.75",
            "revenue": 154450
        },
        "2007-09": {
            "month": "2007-09",
            "price": "34.01",
            "revenue": 188256
        },
        "2007-10": {
            "month": "2007-10",
            "price": "33.62",
            "revenue": 137316
        },
        "2007-11": {
            "month": "2007-11",
            "price": "27.06",
            "revenue": 133534
        },
        "2007-12": {
            "month": "2007-12",
            "price": "24.30",
            "revenue": 159516
        },
        "2008-01": {
            "month": "2008-01",
            "price": "23.07",
            "revenue": 140821
        },
        "2008-02": {
            "month": "2008-02",
            "price": "24.28",
            "revenue": 142517
        },
        "2008-03": {
            "month": "2008-03",
            "price": "25.81",
            "revenue": 59180
        },
        "2008-04": {
            "month": "2008-04",
            "price": "28.47",
            "revenue": 100685
        },
        "2008-05": {
            "month": "2008-05",
            "price": "26.19",
            "revenue": 70856
        },
        "2008-06": {
            "month": "2008-06",
            "price": "19.56",
            "revenue": 49844
        },
        "2008-07": {
            "month": "2008-07",
            "price": "15.72",
            "revenue": 64221
        },
        "2008-08": {
            "month": "2008-08",
            "price": "15.35",
            "revenue": 78066
        },
        "2008-09": {
            "month": "2008-09",
            "price": "10.12",
            "revenue": 102328
        },
        "2008-10": {
            "month": "2008-10",
            "price": "9.20",
            "revenue": 75109
        },
        "2008-11": {
            "month": "2008-11",
            "price": "8.24",
            "revenue": 31310
        },
        "2008-12": {
            "month": "2008-12",
            "price": "7.69",
            "revenue": 56186
        },
        "2009-01": {
            "month": "2009-01",
            "price": "7.84",
            "revenue": 58984
        },
        "2009-02": {
            "month": "2009-02",
            "price": "7.90",
            "revenue": 35762
        },
        "2009-03": {
            "month": "2009-03",
            "price": "9.59",
            "revenue": 44057
        },
        "2009-04": {
            "month": "2009-04",
            "price": "14.10",
            "revenue": 69932
        },
        "2009-05": {
            "month": "2009-05",
            "price": "13.42",
            "revenue": 40509
        },
        "2009-06": {
            "month": "2009-06",
            "price": "11.96",
            "revenue": 71654
        },
        "2009-07": {
            "month": "2009-07",
            "price": "14.47",
            "revenue": 52530
        },
        "2009-08": {
            "month": "2009-08",
            "price": "14.26",
            "revenue": 57803
        },
        "2009-09": {
            "month": "2009-09",
            "price": "14.24",
            "revenue": 74252
        },
        "2009-10": {
            "month": "2009-10",
            "price": "14.68",
            "revenue": 56247
        },
        "2009-11": {
            "month": "2009-11",
            "price": "14.44",
            "revenue": 72593
        },
        "2009-12": {
            "month": "2009-12",
            "price": "17.44",
            "revenue": 70001
        },
        "2010-01": {
            "month": "2010-01",
            "price": "17.80",
            "revenue": 183059
        },
        "2010-02": {
            "month": "2010-02",
            "price": "15.14",
            "revenue": 159854
        },
        "2010-03": {
            "month": "2010-03",
            "price": "16.65",
            "revenue": 172581
        },
        "2010-04": {
            "month": "2010-04",
            "price": "18.33",
            "revenue": 189678
        },
        "2010-05": {
            "month": "2010-05",
            "price": "17.46",
            "revenue": 216560
        },
        "2010-06": {
            "month": "2010-06",
            "price": "17.14",
            "revenue": 186313
        },
        "2010-07": {
            "month": "2010-07",
            "price": "17.62",
            "revenue": 196853
        },
        "2010-08": {
            "month": "2010-08",
            "price": "18.52",
            "revenue": 221833
        },
        "2010-09": {
            "month": "2010-09",
            "price": "20.47",
            "revenue": 224791
        },
        "2010-10": {
            "month": "2010-10",
            "price": "25.79",
            "revenue": 171183
        },
        "2010-11": {
            "month": "2010-11",
            "price": "24.03",
            "revenue": 183978
        },
        "2010-12": {
            "month": "2010-12",
            "price": "23.83",
            "revenue": 190759
        },
        "2011-01": {
            "month": "2011-01",
            "price": "22.35",
            "revenue": 203553
        },
        "2011-02": {
            "month": "2011-02",
            "price": "22.95",
            "revenue": 152663
        },
        "2011-03": {
            "month": "2011-03",
            "price": "22.72",
            "revenue": 196978
        },
        "2011-04": {
            "month": "2011-04",
            "price": "22.79",
            "revenue": 190823
        },
        "2011-05": {
            "month": "2011-05",
            "price": "21.71",
            "revenue": 171248
        },
        "2011-06": {
            "month": "2011-06",
            "price": "18.63",
            "revenue": 208664
        },
        "2011-07": {
            "month": "2011-07",
            "price": "18.30",
            "revenue": 187911
        },
        "2011-08": {
            "month": "2011-08",
            "price": "15.72",
            "revenue": 170116
        },
        "2011-09": {
            "month": "2011-09",
            "price": "14.73",
            "revenue": 187121
        },
        "2011-10": {
            "month": "2011-10",
            "price": "14.32",
            "revenue": 204156
        },
        "2011-11": {
            "month": "2011-11",
            "price": "12.72",
            "revenue": 180748
        },
        "2011-12": {
            "month": "2011-12",
            "price": "10.68",
            "revenue": 192843
        },
        "2012-01": {
            "month": "2012-01",
            "price": "11.37",
            "revenue": 196969
        },
        "2012-02": {
            "month": "2012-02",
            "price": "13.70",
            "revenue": 172973
        },
        "2012-03": {
            "month": "2012-03",
            "price": "13.63",
            "revenue": 205864
        },
        "2012-04": {
            "month": "2012-04",
            "price": "11.17",
            "revenue": 196961
        },
        "2012-05": {
            "month": "2012-05",
            "price": "10.45",
            "revenue": 184123
        },
        "2012-06": {
            "month": "2012-06",
            "price": "10.28",
            "revenue": 174289
        },
        "2012-07": {
            "month": "2012-07",
            "price": "11.04",
            "revenue": 204844
        },
        "2012-08": {
            "month": "2012-08",
            "price": "10.72",
            "revenue": 192567
        },
        "2012-09": {
            "month": "2012-09",
            "price": "11.56",
            "revenue": 232872
        },
        "2012-10": {
            "month": "2012-10",
            "price": "13.30",
            "revenue": 203909
        },
        "2012-11": {
            "month": "2012-11",
            "price": "12.00",
            "revenue": 170980
        },
        "2012-12": {
            "month": "2012-12",
            "price": "13.77",
            "revenue": 193206
        },
        "2013-01": {
            "month": "2013-01",
            "price": "15.22",
            "revenue": 192982
        },
        "2013-02": {
            "month": "2013-02",
            "price": "16.53",
            "revenue": 184826
        },
        "2013-03": {
            "month": "2013-03",
            "price": "17.83",
            "revenue": 189759
        },
        "2013-04": {
            "month": "2013-04",
            "price": "16.00",
            "revenue": 254120
        },
        "2013-05": {
            "month": "2013-05",
            "price": "15.88",
            "revenue": 255916
        },
        "2013-06": {
            "month": "2013-06",
            "price": "17.85",
            "revenue": 234670
        },
        "2013-07": {
            "month": "2013-07",
            "price": "21.27",
            "revenue": 242622
        },
        "2013-08": {
            "month": "2013-08",
            "price": "19.50",
            "revenue": 254743
        },
        "2013-09": {
            "month": "2013-09",
            "price": "19.10",
            "revenue": 284068
        },
        "2013-10": {
            "month": "2013-10",
            "price": "21.04",
            "revenue": 238537
        },
        "2013-11": {
            "month": "2013-11",
            "price": "19.10",
            "revenue": 240839
        },
        "2013-12": {
            "month": "2013-12",
            "price": "18.38",
            "revenue": 280611
        },
        "2014-01": {
            "month": "2014-01",
            "price": "18.80",
            "revenue": 288563
        },
        "2014-02": {
            "month": "2014-02",
            "price": "20.31",
            "revenue": 200897
        },
        "2014-03": {
            "month": "2014-03",
            "price": "20.23",
            "revenue": 249882
        },
        "2014-04": {
            "month": "2014-04",
            "price": "18.68",
            "revenue": 270268
        },
        "2014-05": {
            "month": "2014-05",
            "price": "18.12",
            "revenue": 281450
        },
        "2014-06": {
            "month": "2014-06",
            "price": "18.88",
            "revenue": 246110
        },
        "2014-07": {
            "month": "2014-07",
            "price": "19.72",
            "revenue": 311058
        },
        "2014-08": {
            "month": "2014-08",
            "price": "17.69",
            "revenue": 304280
        },
        "2014-09": {
            "month": "2014-09",
            "price": "17.47",
            "revenue": 298459
        },
        "2014-10": {
            "month": "2014-10",
            "price": "16.06",
            "revenue": 289499
        },
        "2014-11": {
            "month": "2014-11",
            "price": "14.26",
            "revenue": 282420
        },
        "2014-12": {
            "month": "2014-12",
            "price": "14.86",
            "revenue": 311124
        },
        "2015-01": {
            "month": "2015-01",
            "price": "14.96",
            "revenue": 276652
        },
        "2015-02": {
            "month": "2015-02",
            "price": "14.53",
            "revenue": 260276
        },
        "2015-03": {
            "month": "2015-03",
            "price": "14.60",
            "revenue": 271528
        },
        "2015-04": {
            "month": "2015-04",
            "price": "14.18",
            "revenue": 283358
        },
        "2015-05": {
            "month": "2015-05",
            "price": "12.26",
            "revenue": 300369
        },
        "2015-06": {
            "month": "2015-06",
            "price": "11.56",
            "revenue": 287690
        },
        "2015-07": {
            "month": "2015-07",
            "price": "12.00",
            "revenue": 306096
        },
        "2015-08": {
            "month": "2015-08",
            "price": "9.81",
            "revenue": 293619
        },
        "2015-09": {
            "month": "2015-09",
            "price": "10.39",
            "revenue": 274153
        },
        "2015-10": {
            "month": "2015-10",
            "price": "11.19",
            "revenue": 280908
        },
        "2015-11": {
            "month": "2015-11",
            "price": "13.48",
            "revenue": 281440
        },
        "2015-12": {
            "month": "2015-12",
            "price": "17.48",
            "revenue": 290139
        },
        "2016-01": {
            "month": "2016-01",
            "price": "16.68",
            "revenue": 256343
        },
        "2016-02": {
            "month": "2016-02",
            "price": "17.29",
            "revenue": 251117
        },
        "2016-03": {
            "month": "2016-03",
            "price": "15.94",
            "revenue": 284760
        },
        "2016-04": {
            "month": "2016-04",
            "price": "14.63",
            "revenue": 260190
        },
        "2016-05": {
            "month": "2016-05",
            "price": "13.96",
            "revenue": 297239
        },
        "2016-06": {
            "month": "2016-06",
            "price": "14.16",
            "revenue": 245884
        },
        "2016-07": {
            "month": "2016-07",
            "price": "14.35",
            "revenue": 271945
        },
        "2016-08": {
            "month": "2016-08",
            "price": "13.92",
            "revenue": 253413
        },
        "2016-09": {
            "month": "2016-09",
            "price": "13.32",
            "revenue": 258258
        },
        "2016-10": {
            "month": "2016-10",
            "price": "12.18",
            "revenue": 236716
        },
        "2016-11": {
            "month": "2016-11",
            "price": "10.99",
            "revenue": 236347
        },
        "2016-12": {
            "month": "2016-12",
            "price": "11.65",
            "revenue": 275625
        },
        "2017-01": {
            "month": "2017-01",
            "price": "11.77",
            "revenue": 239191
        },
        "2017-02": {
            "month": "2017-02",
            "price": "12.22",
            "revenue": 234588
        },
        "2017-03": {
            "month": "2017-03",
            "price": "12.30",
            "revenue": 223184
        },
        "2017-04": {
            "month": "2017-04",
            "price": "11.46",
            "revenue": 247713
        },
        "2017-05": {
            "month": "2017-05",
            "price": "11.19",
            "revenue": 267974
        },
        "2017-06": {
            "month": "2017-06",
            "price": "11.15",
            "revenue": 239737
        },
        "2017-07": {
            "month": "2017-07",
            "price": "10.90",
            "revenue": 254551
        },
        "2017-08": {
            "month": "2017-08",
            "price": "10.58",
            "revenue": 328341
        },
        "2017-09": {
            "month": "2017-09",
            "price": "11.77",
            "revenue": 278699
        },
        "2017-10": {
            "month": "2017-10",
            "price": "11.78",
            "revenue": 262487
        },
        "2017-11": {
            "month": "2017-11",
            "price": "12.74",
            "revenue": 273464
        },
        "2017-12": {
            "month": "2017-12",
            "price": "13.00",
            "revenue": 303415
        },
        "2018-01": {
            "month": "2018-01",
            "price": "14.15",
            "revenue": 265204
        },
        "2018-02": {
            "month": "2018-02",
            "price": "12.88",
            "revenue": 227263
        },
        "2018-03": {
            "month": "2018-03",
            "price": "13.97",
            "revenue": 254526
        },
        "2018-04": {
            "month": "2018-04",
            "price": "14.57",
            "revenue": 251892
        },
        "2018-05": {
            "month": "2018-05",
            "price": "13.91",
            "revenue": 283292
        },
        "2018-06": {
            "month": "2018-06",
            "price": "13.75",
            "revenue": 265695
        },
        "2018-07": {
            "month": "2018-07",
            "price": "13.06",
            "revenue": 282582
        },
        "2018-08": {
            "month": "2018-08",
            "price": "12.40",
            "revenue": 261875
        },
        "2018-09": {
            "month": "2018-09",
            "price": "12.11",
            "revenue": 252108
        },
        "2018-10": {
            "month": "2018-10",
            "price": "11.38",
            "revenue": 255888
        },
        "2018-11": {
            "month": "2018-11",
            "price": "10.40",
            "revenue": 236086
        },
        "2018-12": {
            "month": "2018-12",
            "price": "10.60",
            "revenue": 261545
        },
        "2019-01": {
            "month": "2019-01",
            "price": "10.96",
            "revenue": 277538
        },
        "2019-02": {
            "month": "2019-02",
            "price": "11.22",
            "revenue": 203128
        },
        "2019-03": {
            "month": "2019-03",
            "price": "11.27",
            "revenue": 247039
        },
        "2019-04": {
            "month": "2019-04",
            "price": "11.18",
            "revenue": 255050
        },
        "2019-05": {
            "month": "2019-05",
            "price": "10.59",
            "revenue": 269336
        },
        "2019-06": {
            "month": "2019-06",
            "price": "10.49",
            "revenue": 262653
        },
        "2019-07": {
            "month": "2019-07",
            "price": "11.00",
            "revenue": 276591
        },
        "2019-08": {
            "month": "2019-08",
            "price": "10.73",
            "revenue": 247326
        },
        "2019-09": {
            "month": "2019-09",
            "price": "11.13",
            "revenue": 266064
        },
        "2019-10": {
            "month": "2019-10",
            "price": "11.82",
            "revenue": 251065
        },
        "2019-11": {
            "month": "2019-11",
            "price": "12.16",
            "revenue": 237955
        },
        "2019-12": {
            "month": "2019-12",
            "price": "12.07",
            "revenue": 300206
        },
        "2020-01": {
            "month": "2020-01",
            "price": "12.15",
            "revenue": 289826
        },
        "2020-02": {
            "month": "2020-02",
            "price": "14.26",
            "revenue": 246608
        },
        "2020-03": {
            "month": "2020-03",
            "price": "16.40",
            "revenue": 280446
        },
        "2020-04": {
            "month": "2020-04",
            "price": "18.18",
            "revenue": 276985
        },
        "2020-05": {
            "month": "2020-05",
            "price": "20.78",
            "revenue": 276670
        },
        "2020-06": {
            "month": "2020-06",
            "price": "20.46",
            "revenue": 302477
        },
        "2020-07": {
            "month": "2020-07",
            "price": "20.20",
            "revenue": 329364
        },
        "2020-08": {
            "month": "2020-08",
            "price": "19.79",
            "revenue": 311326
        },
        "2020-09": {
            "month": "2020-09",
            "price": "18.21",
            "revenue": 351467
        },
        "2020-10": {
            "month": "2020-10",
            "price": "17.70",
            "revenue": 333864
        },
        "2020-11": {
            "month": "2020-11",
            "price": "18.32",
            "revenue": 335266
        },
        "2020-12": {
            "month": "2020-12",
            "price": "20.52",
            "revenue": 344670
        },
        "2021-01": {
            "month": "2021-01",
            "price": "19.90",
            "revenue": 328812
        },
        "2021-02": {
            "month": "2021-02",
            "price": "19.33",
            "revenue": 305411
        },
        "2021-03": {
            "month": "2021-03",
            "price": "20.58",
            "revenue": 316020
        },
        "2021-04": {
            "month": "2021-04",
            "price": "20.78",
            "revenue": 281977
        },
        "2021-05": {
            "month": "2021-05",
            "price": "21.68",
            "revenue": 367072
        },
        "2021-06": {
            "month": "2021-06",
            "price": "30.10",
            "revenue": 380138
        },
        "2021-07": {
            "month": "2021-07",
            "price": "25.48",
            "revenue": 297863
        },
        "2021-08": {
            "month": "2021-08",
            "price": "23.72",
            "revenue": 328223
        },
        "2021-09": {
            "month": "2021-09",
            "price": "21.34",
            "revenue": 305226
        },
        "2021-10": {
            "month": "2021-10",
            "price": "19.20",
            "revenue": 374793
        },
        "2021-11": {
            "month": "2021-11",
            "price": "19.58",
            "revenue": 328687
        },
        "2021-12": {
            "month": "2021-12",
            "price": "20.72",
            "revenue": 333681
        },
        "2022-01": {
            "month": "2022-01",
            "price": "20.90",
            "revenue": 353268
        },
        "2022-02": {
            "month": "2022-02",
            "price": "19.83",
            "revenue": 275247
        },
        "2022-03": {
            "month": "2022-03",
            "price": "20.18",
            "revenue": 282259
        },
        "2022-04": {
            "month": "2022-04",
            "price": "26.43",
            "revenue": 426382
        },
        "2022-05": {
            "month": "2022-05",
            "price": "23.82",
            "revenue": 431625
        },
        "2022-06": {
            "month": "2022-06",
            "price": "21.64",
            "revenue": 436390
        },
        "2022-07": {
            "month": "2022-07",
            "price": "19.75",
            "revenue": 355667
        },
        "2022-08": {
            "month": "2022-08",
            "price": "21.96",
            "revenue": 383612
        },
        "2022-09": {
            "month": "2022-09",
            "price": "22.79",
            "revenue": 339271
        },
        "2022-10": {
            "month": "2022-10",
            "price": "19.74",
            "revenue": 369444
        },
        "2022-11": {
            "month": "2022-11",
            "price": "20.13",
            "revenue": 322638
        },
        "2022-12": {
            "month": "2022-12",
            "price": "23.32",
            "revenue": 369145
        },
        "2023-01": {
            "month": "2023-01",
            "price": "23.66",
            "revenue": 327610
        },
        "2023-02": {
            "month": "2023-02",
            "price": "23.93",
            "revenue": 274682
        },
        "2023-03": {
            "month": "2023-03",
            "price": "23.77",
            "revenue": 329145
        },
        "2023-04": {
            "month": "2023-04",
            "price": "25.94",
            "revenue": 329301
        },
        "2023-05": {
            "month": "2023-05",
            "price": "30.44",
            "revenue": 355678
        },
        "2023-06": {
            "month": "2023-06",
            "price": "28.24",
            "revenue": 301402
        },
        "2023-07": {
            "month": "2023-07",
            "price": "29.00",
            "revenue": 320474
        },
        "2023-08": {
            "month": "2023-08",
            "price": "24.83",
            "revenue": 314969
        }
    }
}
