{
    "summary": {
        "stock_name": "晟德",
        "stock_id": "4123",
        "category": "生技醫療",
        "main_business": "西藥製造業<br>西藥批發業<br>西藥零售業",
        "website_url": "http://www.centerlab.com.tw",
        "ceo": "許瑞寶",
        "pe_ratio": -111,
        "report_year_from": 2001,
        "report_year_to": 2023,
        "age": 22,
        "eps_negative_percentage": 9,
        "eps_growth_avg": {
            "last_all": -7.99,
            "last_2y": -69.1,
            "last_4y": -34.55,
            "last_8y": -21.41,
            "last_12y": -10.87,
            "last_16y": -3.91,
            "last_20y": null,
            "at_2006_last_3y": -36.97,
            "at_2007_last_3y": 1.74,
            "at_2008_last_3y": -7.55,
            "at_2009_last_3y": 15.23,
            "at_2010_last_3y": 7.17,
            "at_2011_last_3y": 7.17,
            "at_2012_last_3y": 48,
            "at_2013_last_3y": 7.59,
            "at_2014_last_3y": 56.33,
            "at_2015_last_3y": 28.41,
            "at_2016_last_3y": -18.33,
            "at_2017_last_3y": -3.9,
            "at_2018_last_3y": -3.9,
            "at_2019_last_3y": -33.33,
            "at_2020_last_3y": 0,
            "at_2021_last_3y": -16.78,
            "at_2022_last_3y": -79.4,
            "at_2023_last_3y": -79.4,
            "at_2006_last_all": -36.97,
            "at_2007_last_all": -9.57,
            "at_2008_last_all": -20.7,
            "at_2009_last_all": -3.46,
            "at_2010_last_all": -14.9,
            "at_2011_last_all": -2.13,
            "at_2012_last_all": 6.78,
            "at_2013_last_all": 0.56,
            "at_2014_last_all": 8.85,
            "at_2015_last_all": 7.27,
            "at_2016_last_all": -0.4,
            "at_2017_last_all": -0.4,
            "at_2018_last_all": 6.3,
            "at_2019_last_all": -0.35,
            "at_2020_last_all": -0.35,
            "at_2021_last_all": -3.29,
            "at_2022_last_all": -7.99,
            "at_2023_last_all": -7.99
        },
        "latest_eps": -0.45,
        "latest_price": 50.1,
        "latest_roe": -2.08,
        "latest_gross_margin": 41.96,
        "latest_equity": 20710943,
        "latest_revenue": 335010,
        "latest_gross_profit": 140570,
        "latest_net_income": 978177,
        "latest_debt_ratio": 25.26,
        "latest_current_ratio": 63.6,
        "latest_account_receivable_turnover_ratio": 1.64,
        "latest_inventory_turnover_ratio": 1.39,
        "latest_reinvestment_rate": 58.31,
        "latest_research_to_sale_ratio": 5.52
    },
    "eps_dividends": {
        "2001": {
            "cash": 0,
            "stock": 5.5,
            "eps": 0
        },
        "2002": {
            "cash": 0,
            "stock": 4.1,
            "eps": 6.55
        },
        "2003": {
            "cash": 0,
            "stock": 2.7,
            "eps": 2.96
        },
        "2004": {
            "cash": 0,
            "stock": 2,
            "eps": 1.8
        },
        "2005": {
            "cash": 0,
            "stock": 2,
            "eps": 1.96
        },
        "2006": {
            "cash": 0,
            "stock": 1.7,
            "eps": 0.73
        },
        "2007": {
            "cash": 0,
            "stock": 0.5,
            "eps": 4.69
        },
        "2008": {
            "cash": 0,
            "stock": 2,
            "eps": 1.11
        },
        "2009": {
            "cash": 0,
            "stock": 1.76,
            "eps": 3.18
        },
        "2010": {
            "cash": 0,
            "stock": 2.5,
            "eps": 0.16
        },
        "2011": {
            "cash": 0,
            "stock": 1.25,
            "eps": 0.46
        },
        "2012": {
            "cash": 0,
            "stock": 1.5,
            "eps": 0.86
        },
        "2013": {
            "cash": 0,
            "stock": 1.5,
            "eps": 0.33
        },
        "2014": {
            "cash": 0,
            "stock": 1.5,
            "eps": 1.71
        },
        "2015": {
            "cash": 0,
            "stock": 1,
            "eps": 1.51
        },
        "2016": {
            "cash": 0,
            "stock": 1,
            "eps": 0
        },
        "2017": {
            "cash": 0,
            "stock": 1,
            "eps": 0.79
        },
        "2018": {
            "cash": 2.5,
            "stock": 0.5,
            "eps": 17.77
        },
        "2019": {
            "cash": 1.5,
            "stock": 1.5,
            "eps": -0.78
        },
        "2020": {
            "cash": 1.5,
            "stock": 0.5,
            "eps": 8.62
        },
        "2021": {
            "cash": 1.5,
            "stock": 1,
            "eps": 4.28
        },
        "2022": {
            "cash": 2.5,
            "stock": 1.5,
            "eps": 0.52
        },
        "2023": {
            "cash": 1,
            "stock": 1,
            "eps": 1.67
        }
    },
    "dividends": {
        "2001-06-06": {
            "cash": 0,
            "stock": 5.5
        },
        "2002-03-15": {
            "cash": 0,
            "stock": 4.1
        },
        "2003-06-20": {
            "cash": 0,
            "stock": 2.7
        },
        "2004-03-16": {
            "cash": 0,
            "stock": 2
        },
        "2005-03-31": {
            "cash": 0,
            "stock": 2
        },
        "2006-03-17": {
            "cash": 0,
            "stock": 1.7
        },
        "2007-06-13": {
            "cash": 0,
            "stock": 0.5
        },
        "2008-03-20": {
            "cash": 0,
            "stock": 2
        },
        "2009-03-31": {
            "cash": 0,
            "stock": 1.76
        },
        "2010-03-24": {
            "cash": 0,
            "stock": 2.5
        },
        "2011-03-31": {
            "cash": 0,
            "stock": 1.25
        },
        "2012-06-19": {
            "cash": 0,
            "stock": 1.5
        },
        "2013-06-10": {
            "cash": 0,
            "stock": 1.5
        },
        "2014-06-27": {
            "cash": 0,
            "stock": 1.5
        },
        "2015-03-30": {
            "cash": 0,
            "stock": 1
        },
        "2016-03-29": {
            "cash": 0,
            "stock": 1
        },
        "2017-03-29": {
            "cash": 0,
            "stock": 1
        },
        "2018-09-11": {
            "cash": 2.5,
            "stock": 0.5
        },
        "2019-09-20": {
            "cash": 1.5,
            "stock": 1.5
        },
        "2020-09-10": {
            "cash": 1.5,
            "stock": 0.5
        },
        "2021-10-18": {
            "cash": 1.5,
            "stock": 1
        },
        "2022-10-07": {
            "cash": 2.5,
            "stock": 1.5
        },
        "2023-04-20": {
            "cash": 1,
            "stock": 1
        }
    },
    "prices": {
        "200101": "無",
        "200102": "無",
        "200103": "無",
        "200104": "無",
        "200105": "無",
        "200106": "無",
        "200107": "無",
        "200108": "無",
        "200109": "無",
        "200110": "無",
        "200111": "無",
        "200112": "無",
        "200201": "無",
        "200202": "無",
        "200203": "無",
        "200204": "無",
        "200205": "無",
        "200206": "無",
        "200207": "無",
        "200208": "無",
        "200209": "無",
        "200210": "無",
        "200211": "無",
        "200212": "無",
        "200301": "無",
        "200302": "無",
        "200303": "無",
        "200304": "無",
        "200305": "無",
        "200306": "無",
        "200307": "無",
        "200308": "無",
        "200309": "35.47",
        "200310": "33.84",
        "200311": "32.57",
        "200312": "32.76",
        "200401": "32.09",
        "200402": "32.58",
        "200403": "31.77",
        "200404": "31.18",
        "200405": "29.96",
        "200406": "28.77",
        "200407": "24.92",
        "200408": "22.88",
        "200409": "24.13",
        "200410": "23.15",
        "200411": "22.15",
        "200412": "22.50",
        "200501": "23.60",
        "200502": "24.54",
        "200503": "23.43",
        "200504": "22.67",
        "200505": "23.84",
        "200506": "24.62",
        "200507": "24.94",
        "200508": "23.94",
        "200509": "19.77",
        "200510": "20.34",
        "200511": "20.52",
        "200512": "19.80",
        "200601": "18.89",
        "200602": "18.92",
        "200603": "18.40",
        "200604": "18.53",
        "200605": "18.53",
        "200606": "18.31",
        "200607": "18.35",
        "200608": "16.57",
        "200609": "16.03",
        "200610": "15.97",
        "200611": "15.69",
        "200612": "16.09",
        "200701": "16.09",
        "200702": "15.95",
        "200703": "16.76",
        "200704": "21.05",
        "200705": "38.22",
        "200706": "46.32",
        "200707": "69.57",
        "200708": "60.76",
        "200709": "64.04",
        "200710": "60.23",
        "200711": "51.15",
        "200712": "45.12",
        "200801": "43.31",
        "200802": "44.05",
        "200803": "47.04",
        "200804": "49.87",
        "200805": "51.81",
        "200806": "42.27",
        "200807": "33.86",
        "200808": "33.89",
        "200809": "23.00",
        "200810": "22.09",
        "200811": "23.00",
        "200812": "23.39",
        "200901": "23.96",
        "200902": "26.78",
        "200903": "30.36",
        "200904": "42.39",
        "200905": "41.21",
        "200906": "37.97",
        "200907": "48.00",
        "200908": "46.56",
        "200909": "48.64",
        "200910": "48.29",
        "200911": "47.65",
        "200912": "50.50",
        "201001": "48.19",
        "201002": "40.44",
        "201003": "43.64",
        "201004": "46.74",
        "201005": "42.01",
        "201006": "41.71",
        "201007": "43.59",
        "201008": "42.94",
        "201009": "44.76",
        "201010": "49.05",
        "201011": "44.65",
        "201012": "43.71",
        "201101": "41.69",
        "201102": "46.09",
        "201103": "46.83",
        "201104": "46.56",
        "201105": "47.93",
        "201106": "45.24",
        "201107": "45.68",
        "201108": "42.02",
        "201109": "36.60",
        "201110": "32.93",
        "201111": "31.23",
        "201112": "27.11",
        "201201": "30.90",
        "201202": "36.33",
        "201203": "41.92",
        "201204": "39.68",
        "201205": "35.64",
        "201206": "32.96",
        "201207": "35.73",
        "201208": "35.70",
        "201209": "34.43",
        "201210": "36.50",
        "201211": "32.43",
        "201212": "35.96",
        "201301": "38.61",
        "201302": "42.27",
        "201303": "42.32",
        "201304": "40.28",
        "201305": "40.20",
        "201306": "43.31",
        "201307": "44.20",
        "201308": "45.92",
        "201309": "58.15",
        "201310": "68.23",
        "201311": "62.73",
        "201312": "62.70",
        "201401": "60.43",
        "201402": "63.13",
        "201403": "71.68",
        "201404": "69.55",
        "201405": "88.42",
        "201406": "106.37",
        "201407": "129.77",
        "201408": "105.00",
        "201409": "102.33",
        "201410": "95.32",
        "201411": "94.34",
        "201412": "110.52",
        "201501": "93.25",
        "201502": "85.52",
        "201503": "88.87",
        "201504": "89.12",
        "201505": "79.52",
        "201506": "70.59",
        "201507": "70.00",
        "201508": "63.98",
        "201509": "65.77",
        "201510": "68.63",
        "201511": "71.96",
        "201512": "75.45",
        "201601": "66.01",
        "201602": "67.71",
        "201603": "69.75",
        "201604": "70.95",
        "201605": "67.21",
        "201606": "66.76",
        "201607": "68.44",
        "201608": "68.14",
        "201609": "68.13",
        "201610": "66.92",
        "201611": "61.55",
        "201612": "60.75",
        "201701": "61.06",
        "201702": "62.12",
        "201703": "62.60",
        "201704": "58.27",
        "201705": "57.12",
        "201706": "60.21",
        "201707": "58.82",
        "201708": "57.74",
        "201709": "51.67",
        "201710": "48.91",
        "201711": "50.74",
        "201712": "49.61",
        "201801": "49.79",
        "201802": "45.25",
        "201803": "53.36",
        "201804": "64.67",
        "201805": "67.87",
        "201806": "70.05",
        "201807": "84.05",
        "201808": "84.54",
        "201809": "75.14",
        "201810": "62.11",
        "201811": "67.69",
        "201812": "70.49",
        "201901": "76.47",
        "201902": "80.87",
        "201903": "87.50",
        "201904": "81.16",
        "201905": "76.53",
        "201906": "76.31",
        "201907": "81.36",
        "201908": "69.09",
        "201909": "60.41",
        "201910": "59.46",
        "201911": "63.15",
        "201912": "59.90",
        "202001": "57.87",
        "202002": "51.76",
        "202003": "43.25",
        "202004": "43.41",
        "202005": "52.65",
        "202006": "74.87",
        "202007": "80.27",
        "202008": "74.80",
        "202009": "74.27",
        "202010": "66.94",
        "202011": "66.73",
        "202012": "68.35",
        "202101": "64.80",
        "202102": "63.94",
        "202103": "68.20",
        "202104": "68.33",
        "202105": "65.98",
        "202106": "70.24",
        "202107": "68.34",
        "202108": "69.48",
        "202109": "66.12",
        "202110": "59.05",
        "202111": "63.54",
        "202112": "61.43",
        "202201": "58.84",
        "202202": "60.30",
        "202203": "59.78",
        "202204": "63.52",
        "202205": "59.55",
        "202206": "59.86",
        "202207": "57.96",
        "202208": "59.99",
        "202209": "52.26",
        "202210": "45.24",
        "202211": "43.91",
        "202212": "47.08",
        "202301": "46.19",
        "202302": "47.82",
        "202303": "46.31",
        "202304": "49.05",
        "202305": "50.78"
    },
    "quarters": {
        "20011": {
            "year_quarter": 20011,
            "year": 2001,
            "quarter": 1,
            "eps": null,
            "eps_growth_year": null,
            "eps_4q": null,
            "eps_4q_growth_year": null,
            "roe": null,
            "roe_4q": 0,
            "gross_profit": null,
            "gross_margin": null,
            "gross_margin_4q_avg": 0,
            "net_income": null,
            "revenue": null,
            "common_shares": null,
            "book_valuer_per_share": null,
            "book_valuer_per_share_4q_avg": 0,
            "equity": null,
            "current_ratio": null,
            "debt_ratio": null,
            "inventory_turnover_ratio": null,
            "account_receivable_turnover_ratio": null,
            "reinvestment_rate": null,
            "research_to_sale_ratio": null,
            "price_fair": 0,
            "eps_avg_yearly": 0,
            "eps_latest_yearly": 0,
            "eps_growth_yearly": 0
        },
        "20012": {
            "year_quarter": 20012,
            "year": 2001,
            "quarter": 2,
            "eps": null,
            "eps_growth_year": null,
            "eps_4q": null,
            "eps_4q_growth_year": null,
            "roe": null,
            "roe_4q": 0,
            "gross_profit": null,
            "gross_margin": null,
            "gross_margin_4q_avg": 0,
            "net_income": null,
            "revenue": null,
            "common_shares": null,
            "book_valuer_per_share": null,
            "book_valuer_per_share_4q_avg": 0,
            "equity": null,
            "current_ratio": null,
            "debt_ratio": null,
            "inventory_turnover_ratio": null,
            "account_receivable_turnover_ratio": null,
            "reinvestment_rate": null,
            "research_to_sale_ratio": null,
            "price_fair": 0,
            "eps_avg_yearly": 0,
            "eps_latest_yearly": 0,
            "eps_growth_yearly": 0
        },
        "20013": {
            "year_quarter": 20013,
            "year": 2001,
            "quarter": 3,
            "eps": null,
            "eps_growth_year": null,
            "eps_4q": null,
            "eps_4q_growth_year": null,
            "roe": null,
            "roe_4q": 0,
            "gross_profit": null,
            "gross_margin": null,
            "gross_margin_4q_avg": 0,
            "net_income": null,
            "revenue": null,
            "common_shares": null,
            "book_valuer_per_share": null,
            "book_valuer_per_share_4q_avg": 0,
            "equity": null,
            "current_ratio": null,
            "debt_ratio": null,
            "inventory_turnover_ratio": null,
            "account_receivable_turnover_ratio": null,
            "reinvestment_rate": null,
            "research_to_sale_ratio": null,
            "price_fair": 0,
            "eps_avg_yearly": 0,
            "eps_latest_yearly": 0,
            "eps_growth_yearly": 0
        },
        "20014": {
            "year_quarter": 20014,
            "year": 2001,
            "quarter": 4,
            "eps": null,
            "eps_growth_year": null,
            "eps_4q": null,
            "eps_4q_growth_year": null,
            "roe": null,
            "roe_4q": 0,
            "gross_profit": null,
            "gross_margin": null,
            "gross_margin_4q_avg": 0,
            "net_income": null,
            "revenue": null,
            "common_shares": 40300,
            "book_valuer_per_share": 15.35,
            "book_valuer_per_share_4q_avg": 3.84,
            "equity": 61861,
            "current_ratio": 128.3,
            "debt_ratio": 58.06,
            "inventory_turnover_ratio": null,
            "account_receivable_turnover_ratio": null,
            "reinvestment_rate": null,
            "research_to_sale_ratio": null,
            "price_fair": 0,
            "eps_avg_yearly": 0,
            "eps_latest_yearly": 0,
            "eps_growth_yearly": 0
        },
        "20021": {
            "year_quarter": 20021,
            "year": 2002,
            "quarter": 1,
            "eps": 3.44,
            "eps_growth_year": null,
            "eps_4q": null,
            "eps_4q_growth_year": null,
            "roe": 20.16,
            "roe_4q": 20.16,
            "gross_profit": 28182,
            "gross_margin": 61.09,
            "gross_margin_4q_avg": 15.27,
            "net_income": 13868,
            "revenue": 46132,
            "common_shares": 40300,
            "book_valuer_per_share": 18.79,
            "book_valuer_per_share_4q_avg": 8.54,
            "equity": 75729,
            "current_ratio": 157.72,
            "debt_ratio": 52.39,
            "inventory_turnover_ratio": 2.23,
            "account_receivable_turnover_ratio": null,
            "reinvestment_rate": null,
            "research_to_sale_ratio": null,
            "price_fair": 0,
            "eps_avg_yearly": 0,
            "eps_latest_yearly": 0,
            "eps_growth_yearly": 0
        },
        "20022": {
            "year_quarter": 20022,
            "year": 2002,
            "quarter": 2,
            "eps": 0.55,
            "eps_growth_year": null,
            "eps_4q": null,
            "eps_4q_growth_year": null,
            "roe": 4.05,
            "roe_4q": 24.21,
            "gross_profit": 24422,
            "gross_margin": 60.58,
            "gross_margin_4q_avg": 30.42,
            "net_income": 3495,
            "revenue": 40313,
            "common_shares": 75000,
            "book_valuer_per_share": 12.92,
            "book_valuer_per_share_4q_avg": 11.77,
            "equity": 96881,
            "current_ratio": 206.34,
            "debt_ratio": 46.52,
            "inventory_turnover_ratio": 1.83,
            "account_receivable_turnover_ratio": null,
            "reinvestment_rate": null,
            "research_to_sale_ratio": null,
            "price_fair": 6.6,
            "eps_avg_yearly": 2.2,
            "eps_latest_yearly": 2.2,
            "eps_growth_yearly": -336.05
        },
        "20023": {
            "year_quarter": 20023,
            "year": 2002,
            "quarter": 3,
            "eps": 0.18,
            "eps_growth_year": null,
            "eps_4q": null,
            "eps_4q_growth_year": null,
            "roe": 1.25,
            "roe_4q": 25.46,
            "gross_profit": 19350,
            "gross_margin": 55.41,
            "gross_margin_4q_avg": 44.27,
            "net_income": 1221,
            "revenue": 34923,
            "common_shares": 75000,
            "book_valuer_per_share": 13.08,
            "book_valuer_per_share_4q_avg": 15.04,
            "equity": 98102,
            "current_ratio": 191.66,
            "debt_ratio": 47.01,
            "inventory_turnover_ratio": 1.71,
            "account_receivable_turnover_ratio": null,
            "reinvestment_rate": null,
            "research_to_sale_ratio": null,
            "price_fair": 4.38,
            "eps_avg_yearly": 1.46,
            "eps_latest_yearly": 0.72,
            "eps_growth_yearly": -302.57
        },
        "20024": {
            "year_quarter": 20024,
            "year": 2002,
            "quarter": 4,
            "eps": 2.38,
            "eps_growth_year": null,
            "eps_4q": 5.07,
            "eps_4q_growth_year": null,
            "roe": 15.49,
            "roe_4q": 40.95,
            "gross_profit": 25622,
            "gross_margin": 57.75,
            "gross_margin_4q_avg": 58.71,
            "net_income": 16470,
            "revenue": 44365,
            "common_shares": 75000,
            "book_valuer_per_share": 15.28,
            "book_valuer_per_share_4q_avg": 15.02,
            "equity": 114572,
            "current_ratio": 243.58,
            "debt_ratio": 38.87,
            "inventory_turnover_ratio": 2.19,
            "account_receivable_turnover_ratio": null,
            "reinvestment_rate": null,
            "research_to_sale_ratio": null,
            "price_fair": 145.13,
            "eps_avg_yearly": 4.15,
            "eps_latest_yearly": 9.52,
            "eps_growth_yearly": 1427.92
        },
        "20031": {
            "year_quarter": 20031,
            "year": 2003,
            "quarter": 1,
            "eps": 1.26,
            "eps_growth_year": -63.37,
            "eps_4q": 3.39,
            "eps_4q_growth_year": null,
            "roe": 8.73,
            "roe_4q": 29.52,
            "gross_profit": 36835,
            "gross_margin": 60.14,
            "gross_margin_4q_avg": 58.47,
            "net_income": 12513,
            "revenue": 61251,
            "common_shares": 105000,
            "book_valuer_per_share": 16.39,
            "book_valuer_per_share_4q_avg": 14.42,
            "equity": 172085,
            "current_ratio": 297.68,
            "debt_ratio": 26.64,
            "inventory_turnover_ratio": 2.78,
            "account_receivable_turnover_ratio": null,
            "reinvestment_rate": null,
            "research_to_sale_ratio": null,
            "price_fair": 152.95,
            "eps_avg_yearly": 4.37,
            "eps_latest_yearly": 5.04,
            "eps_growth_yearly": 1023.88
        },
        "20032": {
            "year_quarter": 20032,
            "year": 2003,
            "quarter": 2,
            "eps": 0.59,
            "eps_growth_year": 7.27,
            "eps_4q": 3.54,
            "eps_4q_growth_year": null,
            "roe": 3.45,
            "roe_4q": 28.92,
            "gross_profit": 20963,
            "gross_margin": 52.66,
            "gross_margin_4q_avg": 56.49,
            "net_income": 6034,
            "revenue": 39810,
            "common_shares": 105000,
            "book_valuer_per_share": 16.96,
            "book_valuer_per_share_4q_avg": 15.43,
            "equity": 178119,
            "current_ratio": 364,
            "debt_ratio": 23.55,
            "inventory_turnover_ratio": 1.92,
            "account_receivable_turnover_ratio": null,
            "reinvestment_rate": null,
            "research_to_sale_ratio": null,
            "price_fair": 138.88,
            "eps_avg_yearly": 3.97,
            "eps_latest_yearly": 2.36,
            "eps_growth_yearly": 776.56
        },
        "20033": {
            "year_quarter": 20033,
            "year": 2003,
            "quarter": 3,
            "eps": 0.22,
            "eps_growth_year": 22.22,
            "eps_4q": 2.82,
            "eps_4q_growth_year": null,
            "roe": 1.65,
            "roe_4q": 29.32,
            "gross_profit": 18896,
            "gross_margin": 54.1,
            "gross_margin_4q_avg": 56.16,
            "net_income": 2968,
            "revenue": 34927,
            "common_shares": 134612,
            "book_valuer_per_share": 13.45,
            "book_valuer_per_share_4q_avg": 15.52,
            "equity": 181087,
            "current_ratio": 480.7,
            "debt_ratio": 20.29,
            "inventory_turnover_ratio": 1.81,
            "account_receivable_turnover_ratio": null,
            "reinvestment_rate": null,
            "research_to_sale_ratio": null,
            "price_fair": 120.87,
            "eps_avg_yearly": 3.45,
            "eps_latest_yearly": 0.88,
            "eps_growth_yearly": 605.33
        },
        "20034": {
            "year_quarter": 20034,
            "year": 2003,
            "quarter": 4,
            "eps": 0.89,
            "eps_growth_year": -62.6,
            "eps_4q": 2.52,
            "eps_4q_growth_year": -50.3,
            "roe": 6.29,
            "roe_4q": 20.12,
            "gross_profit": 37594,
            "gross_margin": 62.3,
            "gross_margin_4q_avg": 57.3,
            "net_income": 11766,
            "revenue": 60348,
            "common_shares": 134612,
            "book_valuer_per_share": 14.33,
            "book_valuer_per_share_4q_avg": 15.28,
            "equity": 192853,
            "current_ratio": 265.58,
            "debt_ratio": 24.09,
            "inventory_turnover_ratio": 2.65,
            "account_receivable_turnover_ratio": null,
            "reinvestment_rate": null,
            "research_to_sale_ratio": null,
            "price_fair": 121.4,
            "eps_avg_yearly": 3.47,
            "eps_latest_yearly": 3.56,
            "eps_growth_yearly": 692.88
        },
        "20041": {
            "year_quarter": 20041,
            "year": 2004,
            "quarter": 1,
            "eps": 0.67,
            "eps_growth_year": -46.83,
            "eps_4q": 2.21,
            "eps_4q_growth_year": -34.88,
            "roe": 4.58,
            "roe_4q": 15.970000000000002,
            "gross_profit": 38697,
            "gross_margin": 61.74,
            "gross_margin_4q_avg": 57.7,
            "net_income": 9037,
            "revenue": 62677,
            "common_shares": 134612,
            "book_valuer_per_share": 15,
            "book_valuer_per_share_4q_avg": 14.94,
            "equity": 201890,
            "current_ratio": 169.27,
            "debt_ratio": 32.76,
            "inventory_turnover_ratio": 2.63,
            "account_receivable_turnover_ratio": null,
            "reinvestment_rate": null,
            "research_to_sale_ratio": null,
            "price_fair": 117.95,
            "eps_avg_yearly": 3.37,
            "eps_latest_yearly": 2.68,
            "eps_growth_yearly": 593.91
        },
        "20042": {
            "year_quarter": 20042,
            "year": 2004,
            "quarter": 2,
            "eps": 0.47,
            "eps_growth_year": -20.34,
            "eps_4q": 2.22,
            "eps_4q_growth_year": -37.33,
            "roe": 3.12,
            "roe_4q": 15.64,
            "gross_profit": 31583,
            "gross_margin": 60.61,
            "gross_margin_4q_avg": 59.69,
            "net_income": 6382,
            "revenue": 52106,
            "common_shares": 134612,
            "book_valuer_per_share": 15.4,
            "book_valuer_per_share_4q_avg": 14.55,
            "equity": 207322,
            "current_ratio": 363.46,
            "debt_ratio": 54.07,
            "inventory_turnover_ratio": 2.2,
            "account_receivable_turnover_ratio": null,
            "reinvestment_rate": null,
            "research_to_sale_ratio": null,
            "price_fair": 112.16,
            "eps_avg_yearly": 3.2,
            "eps_latest_yearly": 1.88,
            "eps_growth_yearly": 514.65
        },
        "20043": {
            "year_quarter": 20043,
            "year": 2004,
            "quarter": 3,
            "eps": 0.26,
            "eps_growth_year": 18.18,
            "eps_4q": 1.93,
            "eps_4q_growth_year": -31.63,
            "roe": 2.03,
            "roe_4q": 16.02,
            "gross_profit": 29308,
            "gross_margin": 58.99,
            "gross_margin_4q_avg": 60.91,
            "net_income": 4245,
            "revenue": 49684,
            "common_shares": 162734,
            "book_valuer_per_share": 13,
            "book_valuer_per_share_4q_avg": 14.43,
            "equity": 211567,
            "current_ratio": 324.52,
            "debt_ratio": 55.22,
            "inventory_turnover_ratio": 2.14,
            "account_receivable_turnover_ratio": null,
            "reinvestment_rate": null,
            "research_to_sale_ratio": null,
            "price_fair": 104.58,
            "eps_avg_yearly": 2.99,
            "eps_latest_yearly": 1.04,
            "eps_growth_yearly": 445.31
        },
        "20044": {
            "year_quarter": 20044,
            "year": 2004,
            "quarter": 4,
            "eps": 0.4,
            "eps_growth_year": -55.06,
            "eps_4q": 1.6,
            "eps_4q_growth_year": -36.6,
            "roe": 3.04,
            "roe_4q": 12.770000000000001,
            "gross_profit": 40176,
            "gross_margin": 62.36,
            "gross_margin_4q_avg": 60.93,
            "net_income": 6577,
            "revenue": 64430,
            "common_shares": 162734,
            "book_valuer_per_share": 13.14,
            "book_valuer_per_share_4q_avg": 14.14,
            "equity": 221453,
            "current_ratio": 266.84,
            "debt_ratio": 55.66,
            "inventory_turnover_ratio": 2.05,
            "account_receivable_turnover_ratio": null,
            "reinvestment_rate": null,
            "research_to_sale_ratio": null,
            "price_fair": 100.16,
            "eps_avg_yearly": 2.86,
            "eps_latest_yearly": 1.6,
            "eps_growth_yearly": 424.41
        },
        "20051": {
            "year_quarter": 20051,
            "year": 2005,
            "quarter": 1,
            "eps": 0.73,
            "eps_growth_year": 8.96,
            "eps_4q": 1.78,
            "eps_4q_growth_year": -19.3,
            "roe": 5.33,
            "roe_4q": 13.52,
            "gross_profit": 47163,
            "gross_margin": 62.89,
            "gross_margin_4q_avg": 61.21,
            "net_income": 11924,
            "revenue": 74988,
            "common_shares": 162734,
            "book_valuer_per_share": 13.87,
            "book_valuer_per_share_4q_avg": 13.85,
            "equity": 225677,
            "current_ratio": 424.66,
            "debt_ratio": 52.22,
            "inventory_turnover_ratio": 2.14,
            "account_receivable_turnover_ratio": null,
            "reinvestment_rate": null,
            "research_to_sale_ratio": null,
            "price_fair": 100.33,
            "eps_avg_yearly": 2.87,
            "eps_latest_yearly": 2.92,
            "eps_growth_yearly": 416.54
        },
        "20052": {
            "year_quarter": 20052,
            "year": 2005,
            "quarter": 2,
            "eps": 0.46,
            "eps_growth_year": -2.13,
            "eps_4q": 1.85,
            "eps_4q_growth_year": -16.84,
            "roe": 3.23,
            "roe_4q": 13.63,
            "gross_profit": 38390,
            "gross_margin": 60.19,
            "gross_margin_4q_avg": 61.11,
            "net_income": 7546,
            "revenue": 63778,
            "common_shares": 164253,
            "book_valuer_per_share": 14.73,
            "book_valuer_per_share_4q_avg": 13.69,
            "equity": 241993,
            "current_ratio": 144.49,
            "debt_ratio": 48.22,
            "inventory_turnover_ratio": 2.34,
            "account_receivable_turnover_ratio": null,
            "reinvestment_rate": null,
            "research_to_sale_ratio": null,
            "price_fair": 97.57,
            "eps_avg_yearly": 2.79,
            "eps_latest_yearly": 1.84,
            "eps_growth_yearly": 373.12
        },
        "20053": {
            "year_quarter": 20053,
            "year": 2005,
            "quarter": 3,
            "eps": 0.39,
            "eps_growth_year": 50,
            "eps_4q": 2,
            "eps_4q_growth_year": 3.98,
            "roe": 2.56,
            "roe_4q": 14.16,
            "gross_profit": 29027,
            "gross_margin": 59.92,
            "gross_margin_4q_avg": 61.34,
            "net_income": 6303,
            "revenue": 48443,
            "common_shares": 198322,
            "book_valuer_per_share": 12.63,
            "book_valuer_per_share_4q_avg": 13.59,
            "equity": 250487,
            "current_ratio": 149.48,
            "debt_ratio": 47.25,
            "inventory_turnover_ratio": 1.78,
            "account_receivable_turnover_ratio": null,
            "reinvestment_rate": null,
            "research_to_sale_ratio": null,
            "price_fair": 94.5,
            "eps_avg_yearly": 2.7,
            "eps_latest_yearly": 1.56,
            "eps_growth_yearly": 342.12
        },
        "20054": {
            "year_quarter": 20054,
            "year": 2005,
            "quarter": 4,
            "eps": 0.38,
            "eps_growth_year": -5,
            "eps_4q": 1.69,
            "eps_4q_growth_year": 5.83,
            "roe": 2.94,
            "roe_4q": 14.06,
            "gross_profit": 34727,
            "gross_margin": 60.46,
            "gross_margin_4q_avg": 60.87,
            "net_income": 7482,
            "revenue": 57435,
            "common_shares": 198576,
            "book_valuer_per_share": 13.02,
            "book_valuer_per_share_4q_avg": 13.56,
            "equity": 258690,
            "current_ratio": 123.88,
            "debt_ratio": 50.95,
            "inventory_turnover_ratio": 1.72,
            "account_receivable_turnover_ratio": null,
            "reinvestment_rate": 82.65,
            "research_to_sale_ratio": null,
            "price_fair": 91.75,
            "eps_avg_yearly": 2.62,
            "eps_latest_yearly": 1.52,
            "eps_growth_yearly": 318.63
        },
        "20061": {
            "year_quarter": 20061,
            "year": 2006,
            "quarter": 1,
            "eps": 0.19,
            "eps_growth_year": -73.97,
            "eps_4q": 1.29,
            "eps_4q_growth_year": -27.52,
            "roe": 1.41,
            "roe_4q": 10.14,
            "gross_profit": 35407,
            "gross_margin": 58.95,
            "gross_margin_4q_avg": 59.88,
            "net_income": 3676,
            "revenue": 60066,
            "common_shares": 198576,
            "book_valuer_per_share": 13.21,
            "book_valuer_per_share_4q_avg": 13.4,
            "equity": 262260,
            "current_ratio": 159.26,
            "debt_ratio": 45.59,
            "inventory_turnover_ratio": 1.81,
            "account_receivable_turnover_ratio": null,
            "reinvestment_rate": 26.76,
            "research_to_sale_ratio": null,
            "price_fair": 87.68,
            "eps_avg_yearly": 2.51,
            "eps_latest_yearly": 0.76,
            "eps_growth_yearly": 286.22
        },
        "20062": {
            "year_quarter": 20062,
            "year": 2006,
            "quarter": 2,
            "eps": 0.27,
            "eps_growth_year": -41.3,
            "eps_4q": 1.16,
            "eps_4q_growth_year": -37.01,
            "roe": 1.99,
            "roe_4q": 8.9,
            "gross_profit": 31469,
            "gross_margin": 56.12,
            "gross_margin_4q_avg": 58.86,
            "net_income": 5278,
            "revenue": 56073,
            "common_shares": 198576,
            "book_valuer_per_share": 13.44,
            "book_valuer_per_share_4q_avg": 13.08,
            "equity": 266913,
            "current_ratio": 190.5,
            "debt_ratio": 37.68,
            "inventory_turnover_ratio": 1.76,
            "account_receivable_turnover_ratio": null,
            "reinvestment_rate": 6.06,
            "research_to_sale_ratio": null,
            "price_fair": 85.23,
            "eps_avg_yearly": 2.44,
            "eps_latest_yearly": 1.08,
            "eps_growth_yearly": 317.75
        },
        "20063": {
            "year_quarter": 20063,
            "year": 2006,
            "quarter": 3,
            "eps": 0.09,
            "eps_growth_year": -76.92,
            "eps_4q": 0.76,
            "eps_4q_growth_year": -62.08,
            "roe": 0.82,
            "roe_4q": 7.16,
            "gross_profit": 29051,
            "gross_margin": 48.96,
            "gross_margin_4q_avg": 56.12,
            "net_income": 2211,
            "revenue": 59341,
            "common_shares": 233284,
            "book_valuer_per_share": 11.54,
            "book_valuer_per_share_4q_avg": 12.8,
            "equity": 269105,
            "current_ratio": 197.64,
            "debt_ratio": 37.58,
            "inventory_turnover_ratio": 1.97,
            "account_receivable_turnover_ratio": null,
            "reinvestment_rate": -0.49,
            "research_to_sale_ratio": null,
            "price_fair": 84.44,
            "eps_avg_yearly": 2.41,
            "eps_latest_yearly": 0.36,
            "eps_growth_yearly": 317.9
        },
        "20064": {
            "year_quarter": 20064,
            "year": 2006,
            "quarter": 4,
            "eps": 0.18,
            "eps_growth_year": -52.63,
            "eps_4q": 0.66,
            "eps_4q_growth_year": -60.87,
            "roe": 1.54,
            "roe_4q": 5.76,
            "gross_profit": 38305,
            "gross_margin": 53.94,
            "gross_margin_4q_avg": 54.49,
            "net_income": 4179,
            "revenue": 71018,
            "common_shares": 233284,
            "book_valuer_per_share": 11.71,
            "book_valuer_per_share_4q_avg": 12.48,
            "equity": 273075,
            "current_ratio": 145.75,
            "debt_ratio": 44.9,
            "inventory_turnover_ratio": 1.94,
            "account_receivable_turnover_ratio": null,
            "reinvestment_rate": 59.55,
            "research_to_sale_ratio": null,
            "price_fair": 65.19,
            "eps_avg_yearly": 1.86,
            "eps_latest_yearly": 0.72,
            "eps_growth_yearly": 37.34
        },
        "20071": {
            "year_quarter": 20071,
            "year": 2007,
            "quarter": 1,
            "eps": 1.22,
            "eps_growth_year": 542.11,
            "eps_4q": 1.72,
            "eps_4q_growth_year": 32.99,
            "roe": 9.94,
            "roe_4q": 14.290000000000001,
            "gross_profit": 46797,
            "gross_margin": 54.71,
            "gross_margin_4q_avg": 53.43,
            "net_income": 28533,
            "revenue": 85531,
            "common_shares": 233284,
            "book_valuer_per_share": 12.91,
            "book_valuer_per_share_4q_avg": 12.4,
            "equity": 301257,
            "current_ratio": 201.87,
            "debt_ratio": 37.43,
            "inventory_turnover_ratio": 2.07,
            "account_receivable_turnover_ratio": null,
            "reinvestment_rate": -1.06,
            "research_to_sale_ratio": null,
            "price_fair": 64.84,
            "eps_avg_yearly": 1.85,
            "eps_latest_yearly": 4.88,
            "eps_growth_yearly": 193.55
        },
        "20072": {
            "year_quarter": 20072,
            "year": 2007,
            "quarter": 2,
            "eps": 2.5,
            "eps_growth_year": 825.93,
            "eps_4q": 3.93,
            "eps_4q_growth_year": 237.91,
            "roe": 16.45,
            "roe_4q": 28.75,
            "gross_profit": 35091,
            "gross_margin": 51.07,
            "gross_margin_4q_avg": 52.17,
            "net_income": 61024,
            "revenue": 68717,
            "common_shares": 278132,
            "book_valuer_per_share": 15.84,
            "book_valuer_per_share_4q_avg": 13,
            "equity": 440625,
            "current_ratio": 507.11,
            "debt_ratio": 18.5,
            "inventory_turnover_ratio": 1.76,
            "account_receivable_turnover_ratio": null,
            "reinvestment_rate": -0.96,
            "research_to_sale_ratio": null,
            "price_fair": 81.55,
            "eps_avg_yearly": 2.33,
            "eps_latest_yearly": 10,
            "eps_growth_yearly": 233.07
        },
        "20073": {
            "year_quarter": 20073,
            "year": 2007,
            "quarter": 3,
            "eps": 1.92,
            "eps_growth_year": 2033.33,
            "eps_4q": 5.45,
            "eps_4q_growth_year": 617.48,
            "roe": 10.83,
            "roe_4q": 38.76,
            "gross_profit": 29566,
            "gross_margin": 48.12,
            "gross_margin_4q_avg": 51.96,
            "net_income": 51043,
            "revenue": 61444,
            "common_shares": 290520,
            "book_valuer_per_share": 17.29,
            "book_valuer_per_share_4q_avg": 14.44,
            "equity": 502174,
            "current_ratio": 574.21,
            "debt_ratio": 16.71,
            "inventory_turnover_ratio": 1.74,
            "account_receivable_turnover_ratio": null,
            "reinvestment_rate": -0.64,
            "research_to_sale_ratio": null,
            "price_fair": 96.43,
            "eps_avg_yearly": 2.76,
            "eps_latest_yearly": 7.68,
            "eps_growth_yearly": 242.95
        },
        "20074": {
            "year_quarter": 20074,
            "year": 2007,
            "quarter": 4,
            "eps": -0.95,
            "eps_growth_year": -627.78,
            "eps_4q": 4.2,
            "eps_4q_growth_year": 535.49,
            "roe": -5.33,
            "roe_4q": 31.89,
            "gross_profit": 39160,
            "gross_margin": 50.59,
            "gross_margin_4q_avg": 51.12,
            "net_income": -25947,
            "revenue": 77400,
            "common_shares": 293558,
            "book_valuer_per_share": 16.05,
            "book_valuer_per_share_4q_avg": 15.52,
            "equity": 471168,
            "current_ratio": 251.3,
            "debt_ratio": 27.38,
            "inventory_turnover_ratio": 2.04,
            "account_receivable_turnover_ratio": null,
            "reinvestment_rate": 59.95,
            "research_to_sale_ratio": null,
            "price_fair": 94.55,
            "eps_avg_yearly": 2.7,
            "eps_latest_yearly": 7.68,
            "eps_growth_yearly": 177.94
        },
        "20081": {
            "year_quarter": 20081,
            "year": 2008,
            "quarter": 1,
            "eps": 1.17,
            "eps_growth_year": -4.1,
            "eps_4q": 4.1,
            "eps_4q_growth_year": 138.27,
            "roe": 6.84,
            "roe_4q": 28.79,
            "gross_profit": 43770,
            "gross_margin": 46.87,
            "gross_margin_4q_avg": 49.16,
            "net_income": 34441,
            "revenue": 93390,
            "common_shares": 293558,
            "book_valuer_per_share": 18.26,
            "book_valuer_per_share_4q_avg": 16.86,
            "equity": 536003,
            "current_ratio": 476.4,
            "debt_ratio": 44.28,
            "inventory_turnover_ratio": 2.32,
            "account_receivable_turnover_ratio": null,
            "reinvestment_rate": 59.74,
            "research_to_sale_ratio": null,
            "price_fair": 94.6,
            "eps_avg_yearly": 2.7,
            "eps_latest_yearly": 7.68,
            "eps_growth_yearly": 197.71
        },
        "20082": {
            "year_quarter": 20082,
            "year": 2008,
            "quarter": 2,
            "eps": -2.11,
            "eps_growth_year": -184.4,
            "eps_4q": -0.09,
            "eps_4q_growth_year": -102.19,
            "roe": -12.45,
            "roe_4q": -0.10999999999999943,
            "gross_profit": 36496,
            "gross_margin": 46.64,
            "gross_margin_4q_avg": 48.06,
            "net_income": -62065,
            "revenue": 78257,
            "common_shares": 293558,
            "book_valuer_per_share": 15.71,
            "book_valuer_per_share_4q_avg": 16.83,
            "equity": 461187,
            "current_ratio": 347.16,
            "debt_ratio": 49.86,
            "inventory_turnover_ratio": 1.55,
            "account_receivable_turnover_ratio": null,
            "reinvestment_rate": 89.98,
            "research_to_sale_ratio": null,
            "price_fair": 96.82,
            "eps_avg_yearly": 2.77,
            "eps_latest_yearly": 7.68,
            "eps_growth_yearly": 222.1
        },
        "20083": {
            "year_quarter": 20083,
            "year": 2008,
            "quarter": 3,
            "eps": 1.73,
            "eps_growth_year": -9.9,
            "eps_4q": 0.22,
            "eps_4q_growth_year": -95.88,
            "roe": 12.84,
            "roe_4q": 1.9000000000000004,
            "gross_profit": 31696,
            "gross_margin": 42.26,
            "gross_margin_4q_avg": 46.59,
            "net_income": 61487,
            "revenue": 75002,
            "common_shares": 355332,
            "book_valuer_per_share": 13.69,
            "book_valuer_per_share_4q_avg": 15.93,
            "equity": 496300,
            "current_ratio": 366.77,
            "debt_ratio": 46.61,
            "inventory_turnover_ratio": 1.15,
            "account_receivable_turnover_ratio": null,
            "reinvestment_rate": 80.75,
            "research_to_sale_ratio": null,
            "price_fair": 101.85,
            "eps_avg_yearly": 2.91,
            "eps_latest_yearly": 7.68,
            "eps_growth_yearly": 255.5
        },
        "20084": {
            "year_quarter": 20084,
            "year": 2008,
            "quarter": 4,
            "eps": 0.32,
            "eps_growth_year": null,
            "eps_4q": 1.47,
            "eps_4q_growth_year": -64.93,
            "roe": 1.85,
            "roe_4q": 9.08,
            "gross_profit": 53788,
            "gross_margin": 45.63,
            "gross_margin_4q_avg": 45.35,
            "net_income": 9876,
            "revenue": 117870,
            "common_shares": 355332,
            "book_valuer_per_share": 14.92,
            "book_valuer_per_share_4q_avg": 15.65,
            "equity": 573094,
            "current_ratio": 427.66,
            "debt_ratio": 43.6,
            "inventory_turnover_ratio": 1.56,
            "account_receivable_turnover_ratio": 2.3,
            "reinvestment_rate": 54.48,
            "research_to_sale_ratio": null,
            "price_fair": 100.92,
            "eps_avg_yearly": 2.88,
            "eps_latest_yearly": 1.28,
            "eps_growth_yearly": 210.39
        },
        "20091": {
            "year_quarter": 20091,
            "year": 2009,
            "quarter": 1,
            "eps": 0.33,
            "eps_growth_year": -71.79,
            "eps_4q": 0.77,
            "eps_4q_growth_year": -81.14,
            "roe": 1.6,
            "roe_4q": 3.84,
            "gross_profit": 60148,
            "gross_margin": 48.38,
            "gross_margin_4q_avg": 45.73,
            "net_income": 9767,
            "revenue": 124323,
            "common_shares": 355332,
            "book_valuer_per_share": 17.06,
            "book_valuer_per_share_4q_avg": 15.35,
            "equity": 647145,
            "current_ratio": 99,
            "debt_ratio": 53.55,
            "inventory_turnover_ratio": 1.61,
            "account_receivable_turnover_ratio": 1.14,
            "reinvestment_rate": 99.98,
            "research_to_sale_ratio": null,
            "price_fair": 96.25,
            "eps_avg_yearly": 2.75,
            "eps_latest_yearly": 1.32,
            "eps_growth_yearly": 183.93
        },
        "20092": {
            "year_quarter": 20092,
            "year": 2009,
            "quarter": 2,
            "eps": 1.15,
            "eps_growth_year": null,
            "eps_4q": 3.39,
            "eps_4q_growth_year": null,
            "roe": 4.8,
            "roe_4q": 21.09,
            "gross_profit": 47968,
            "gross_margin": 45.38,
            "gross_margin_4q_avg": 45.41,
            "net_income": 45668,
            "revenue": 105697,
            "common_shares": 392831,
            "book_valuer_per_share": 20.66,
            "book_valuer_per_share_4q_avg": 16.58,
            "equity": 1255882,
            "current_ratio": 367.42,
            "debt_ratio": 29.8,
            "inventory_turnover_ratio": 1.31,
            "account_receivable_turnover_ratio": 0.96,
            "reinvestment_rate": 87.91,
            "research_to_sale_ratio": null,
            "price_fair": 104.3,
            "eps_avg_yearly": 2.98,
            "eps_latest_yearly": 4.6,
            "eps_growth_yearly": 279.09
        },
        "20093": {
            "year_quarter": 20093,
            "year": 2009,
            "quarter": 3,
            "eps": 1.49,
            "eps_growth_year": -13.87,
            "eps_4q": 3.3,
            "eps_4q_growth_year": 1373.82,
            "roe": 4.55,
            "roe_4q": 12.799999999999999,
            "gross_profit": 43554,
            "gross_margin": 44.74,
            "gross_margin_4q_avg": 46.03,
            "net_income": 62995,
            "revenue": 97339,
            "common_shares": 495269,
            "book_valuer_per_share": 19.9,
            "book_valuer_per_share_4q_avg": 18.14,
            "equity": 1516085,
            "current_ratio": 493.22,
            "debt_ratio": 17.5,
            "inventory_turnover_ratio": 1.05,
            "account_receivable_turnover_ratio": 0.96,
            "reinvestment_rate": 69.66,
            "research_to_sale_ratio": null,
            "price_fair": 117.13,
            "eps_avg_yearly": 3.35,
            "eps_latest_yearly": 5.96,
            "eps_growth_yearly": 294.01
        },
        "20094": {
            "year_quarter": 20094,
            "year": 2009,
            "quarter": 4,
            "eps": 0.21,
            "eps_growth_year": -34.38,
            "eps_4q": 1.99,
            "eps_4q_growth_year": 34.91,
            "roe": 0.39,
            "roe_4q": 11.339999999999998,
            "gross_profit": 49138,
            "gross_margin": 36.44,
            "gross_margin_4q_avg": 43.74,
            "net_income": 7161,
            "revenue": 134862,
            "common_shares": 696466,
            "book_valuer_per_share": 22.66,
            "book_valuer_per_share_4q_avg": 20.07,
            "equity": 2112953,
            "current_ratio": 704.61,
            "debt_ratio": 12.51,
            "inventory_turnover_ratio": 1.68,
            "account_receivable_turnover_ratio": 2.25,
            "reinvestment_rate": 58.65,
            "research_to_sale_ratio": null,
            "price_fair": 115.15,
            "eps_avg_yearly": 3.29,
            "eps_latest_yearly": 0.84,
            "eps_growth_yearly": 266.23
        },
        "20101": {
            "year_quarter": 20101,
            "year": 2010,
            "quarter": 1,
            "eps": 0.06,
            "eps_growth_year": -81.82,
            "eps_4q": 1.88,
            "eps_4q_growth_year": 143.05,
            "roe": -0.12,
            "roe_4q": 9.620000000000001,
            "gross_profit": 56109,
            "gross_margin": 45.17,
            "gross_margin_4q_avg": 42.93,
            "net_income": -2617,
            "revenue": 124205,
            "common_shares": 696641,
            "book_valuer_per_share": 22.38,
            "book_valuer_per_share_4q_avg": 21.4,
            "equity": 2148178,
            "current_ratio": 656.99,
            "debt_ratio": 13.58,
            "inventory_turnover_ratio": 1.24,
            "account_receivable_turnover_ratio": 0.99,
            "reinvestment_rate": 138.19,
            "research_to_sale_ratio": 8.05,
            "price_fair": 113.63,
            "eps_avg_yearly": 3.25,
            "eps_latest_yearly": 0.24,
            "eps_growth_yearly": 259.09
        },
        "20102": {
            "year_quarter": 20102,
            "year": 2010,
            "quarter": 2,
            "eps": 0.08,
            "eps_growth_year": -92.8,
            "eps_4q": 1.01,
            "eps_4q_growth_year": -70.07,
            "roe": -0.01,
            "roe_4q": 4.81,
            "gross_profit": 54379,
            "gross_margin": 39.08,
            "gross_margin_4q_avg": 41.36,
            "net_income": -165,
            "revenue": 139158,
            "common_shares": 696641,
            "book_valuer_per_share": 22.57,
            "book_valuer_per_share_4q_avg": 21.88,
            "equity": 2119156,
            "current_ratio": 662.72,
            "debt_ratio": 12.4,
            "inventory_turnover_ratio": 1.31,
            "account_receivable_turnover_ratio": 1.06,
            "reinvestment_rate": 140.86,
            "research_to_sale_ratio": 7.52,
            "price_fair": 111.42,
            "eps_avg_yearly": 3.18,
            "eps_latest_yearly": 0.32,
            "eps_growth_yearly": 256.17
        },
        "20103": {
            "year_quarter": 20103,
            "year": 2010,
            "quarter": 3,
            "eps": 0.01,
            "eps_growth_year": -99.59,
            "eps_4q": 0.26,
            "eps_4q_growth_year": -92.27,
            "roe": -0.35,
            "roe_4q": -0.08999999999999997,
            "gross_profit": 52344,
            "gross_margin": 40.67,
            "gross_margin_4q_avg": 40.34,
            "net_income": -7588,
            "revenue": 128702,
            "common_shares": 870801,
            "book_valuer_per_share": 19.34,
            "book_valuer_per_share_4q_avg": 21.74,
            "equity": 2222915,
            "current_ratio": 674.57,
            "debt_ratio": 11.77,
            "inventory_turnover_ratio": 1.16,
            "account_receivable_turnover_ratio": 0.99,
            "reinvestment_rate": 171.69,
            "research_to_sale_ratio": 11.49,
            "price_fair": 110.48,
            "eps_avg_yearly": 3.16,
            "eps_latest_yearly": 0.04,
            "eps_growth_yearly": 249.22
        },
        "20104": {
            "year_quarter": 20104,
            "year": 2010,
            "quarter": 4,
            "eps": 0.01,
            "eps_growth_year": -94.46,
            "eps_4q": 0.15,
            "eps_4q_growth_year": -92.51,
            "roe": -0.52,
            "roe_4q": -1,
            "gross_profit": 74481,
            "gross_margin": 42.09,
            "gross_margin_4q_avg": 41.75,
            "net_income": -11497,
            "revenue": 176967,
            "common_shares": 870801,
            "book_valuer_per_share": 19.11,
            "book_valuer_per_share_4q_avg": 20.85,
            "equity": 2182509,
            "current_ratio": 699.78,
            "debt_ratio": 10.96,
            "inventory_turnover_ratio": 1.6,
            "account_receivable_turnover_ratio": 1.29,
            "reinvestment_rate": 164.87,
            "research_to_sale_ratio": 8.18,
            "price_fair": 108.5,
            "eps_avg_yearly": 3.1,
            "eps_latest_yearly": 0.04,
            "eps_growth_yearly": 215.89
        },
        "20111": {
            "year_quarter": 20111,
            "year": 2011,
            "quarter": 1,
            "eps": 0.29,
            "eps_growth_year": 383.33,
            "eps_4q": 0.39,
            "eps_4q_growth_year": -79.15,
            "roe": 0.74,
            "roe_4q": -0.14,
            "gross_profit": 91572,
            "gross_margin": 43.63,
            "gross_margin_4q_avg": 41.37,
            "net_income": 16413,
            "revenue": 209866,
            "common_shares": 870801,
            "book_valuer_per_share": 19.94,
            "book_valuer_per_share_4q_avg": 20.24,
            "equity": 2266769,
            "current_ratio": 1021.04,
            "debt_ratio": 11.45,
            "inventory_turnover_ratio": 1.83,
            "account_receivable_turnover_ratio": 1.29,
            "reinvestment_rate": 188.84,
            "research_to_sale_ratio": 5.52,
            "price_fair": 97.65,
            "eps_avg_yearly": 2.79,
            "eps_latest_yearly": 1.16,
            "eps_growth_yearly": 956.63
        },
        "20112": {
            "year_quarter": 20112,
            "year": 2011,
            "quarter": 2,
            "eps": 0.01,
            "eps_growth_year": -86.52,
            "eps_4q": 0.29,
            "eps_4q_growth_year": -71.84,
            "roe": -0.37,
            "roe_4q": -0.5,
            "gross_profit": 56684,
            "gross_margin": 37.75,
            "gross_margin_4q_avg": 41.04,
            "net_income": -8333,
            "revenue": 150139,
            "common_shares": 870801,
            "book_valuer_per_share": 20.15,
            "book_valuer_per_share_4q_avg": 19.64,
            "equity": 2297121,
            "current_ratio": 1056.43,
            "debt_ratio": 10.64,
            "inventory_turnover_ratio": 1.39,
            "account_receivable_turnover_ratio": 0.93,
            "reinvestment_rate": 306.71,
            "research_to_sale_ratio": 9.52,
            "price_fair": 68.6,
            "eps_avg_yearly": 1.96,
            "eps_latest_yearly": 0.04,
            "eps_growth_yearly": 889.47
        },
        "20113": {
            "year_quarter": 20113,
            "year": 2011,
            "quarter": 3,
            "eps": 0.06,
            "eps_growth_year": 962.17,
            "eps_4q": 0.34,
            "eps_4q_growth_year": 34.8,
            "roe": 0.19,
            "roe_4q": 0.040000000000000036,
            "gross_profit": 54373,
            "gross_margin": 36.68,
            "gross_margin_4q_avg": 40.04,
            "net_income": 4371,
            "revenue": 148220,
            "common_shares": 979652,
            "book_valuer_per_share": 16.85,
            "book_valuer_per_share_4q_avg": 19.01,
            "equity": 2219817,
            "current_ratio": 871.25,
            "debt_ratio": 10.91,
            "inventory_turnover_ratio": 1.38,
            "account_receivable_turnover_ratio": 1.12,
            "reinvestment_rate": 487.03,
            "research_to_sale_ratio": 6.75,
            "price_fair": 46.9,
            "eps_avg_yearly": 1.34,
            "eps_latest_yearly": 0.24,
            "eps_growth_yearly": 1063.87
        },
        "20114": {
            "year_quarter": 20114,
            "year": 2011,
            "quarter": 4,
            "eps": 0.1,
            "eps_growth_year": 762.74,
            "eps_4q": 0.43,
            "eps_4q_growth_year": 191.79,
            "roe": -0.12,
            "roe_4q": 0.44,
            "gross_profit": 67580,
            "gross_margin": 38.35,
            "gross_margin_4q_avg": 39.1,
            "net_income": -2710,
            "revenue": 176211,
            "common_shares": 979652,
            "book_valuer_per_share": 16.87,
            "book_valuer_per_share_4q_avg": 18.45,
            "equity": 2213810,
            "current_ratio": 441.47,
            "debt_ratio": 15.24,
            "inventory_turnover_ratio": 1.64,
            "account_receivable_turnover_ratio": 1.34,
            "reinvestment_rate": 428.64,
            "research_to_sale_ratio": 4.21,
            "price_fair": 44.37,
            "eps_avg_yearly": 1.27,
            "eps_latest_yearly": 0.4,
            "eps_growth_yearly": 1002.55
        },
        "20121": {
            "year_quarter": 20121,
            "year": 2012,
            "quarter": 1,
            "eps": 0,
            "eps_growth_year": -100,
            "eps_4q": 0.18,
            "eps_4q_growth_year": -54.97,
            "roe": -0.47,
            "roe_4q": -0.77,
            "gross_profit": 78202,
            "gross_margin": 41.61,
            "gross_margin_4q_avg": 38.6,
            "net_income": -10712,
            "revenue": 187952,
            "common_shares": 979652,
            "book_valuer_per_share": 17.8,
            "book_valuer_per_share_4q_avg": 17.92,
            "equity": 2328255,
            "current_ratio": 455.47,
            "debt_ratio": 15.66,
            "inventory_turnover_ratio": 1.72,
            "account_receivable_turnover_ratio": 1.23,
            "reinvestment_rate": 480.26,
            "research_to_sale_ratio": 6.16,
            "price_fair": 44.37,
            "eps_avg_yearly": 1.27,
            "eps_latest_yearly": 0.4,
            "eps_growth_yearly": 1002.55
        },
        "20122": {
            "year_quarter": 20122,
            "year": 2012,
            "quarter": 2,
            "eps": -0.17,
            "eps_growth_year": -1653.69,
            "eps_4q": -0.03,
            "eps_4q_growth_year": -110.42,
            "roe": -1.46,
            "roe_4q": -1.8599999999999999,
            "gross_profit": 74675,
            "gross_margin": 41.79,
            "gross_margin_4q_avg": 39.61,
            "net_income": -33638,
            "revenue": 178671,
            "common_shares": 979652,
            "book_valuer_per_share": 17.33,
            "book_valuer_per_share_4q_avg": 17.21,
            "equity": 2276437,
            "current_ratio": 345.31,
            "debt_ratio": 15.59,
            "inventory_turnover_ratio": 1.52,
            "account_receivable_turnover_ratio": 1.12,
            "reinvestment_rate": 386.82,
            "research_to_sale_ratio": 12.07,
            "price_fair": 44.37,
            "eps_avg_yearly": 1.27,
            "eps_latest_yearly": 0.4,
            "eps_growth_yearly": 1002.55
        },
        "20123": {
            "year_quarter": 20123,
            "year": 2012,
            "quarter": 3,
            "eps": 0.07,
            "eps_growth_year": 11.87,
            "eps_4q": -0.01,
            "eps_4q_growth_year": -103.38,
            "roe": 0.55,
            "roe_4q": -1.5,
            "gross_profit": 66158,
            "gross_margin": 39.33,
            "gross_margin_4q_avg": 40.27,
            "net_income": 16540,
            "revenue": 168201,
            "common_shares": 1155600,
            "book_valuer_per_share": 21.83,
            "book_valuer_per_share_4q_avg": 18.46,
            "equity": 3732379,
            "current_ratio": 733.74,
            "debt_ratio": 10.23,
            "inventory_turnover_ratio": 1.34,
            "account_receivable_turnover_ratio": 1.13,
            "reinvestment_rate": 441.7,
            "research_to_sale_ratio": 11.45,
            "price_fair": 44.37,
            "eps_avg_yearly": 1.27,
            "eps_latest_yearly": 0.4,
            "eps_growth_yearly": 1002.55
        },
        "20124": {
            "year_quarter": 20124,
            "year": 2012,
            "quarter": 4,
            "eps": 0.96,
            "eps_growth_year": 855.56,
            "eps_4q": 0.86,
            "eps_4q_growth_year": 98.55,
            "roe": 2.48,
            "roe_4q": 1.1000000000000003,
            "gross_profit": 70405,
            "gross_margin": 39.35,
            "gross_margin_4q_avg": 40.52,
            "net_income": 89201,
            "revenue": 178916,
            "common_shares": 1157727,
            "book_valuer_per_share": 20.3,
            "book_valuer_per_share_4q_avg": 19.32,
            "equity": 3469716,
            "current_ratio": 440.54,
            "debt_ratio": 14.9,
            "inventory_turnover_ratio": 1.21,
            "account_receivable_turnover_ratio": 1.24,
            "reinvestment_rate": 384.48,
            "research_to_sale_ratio": 3.9,
            "price_fair": 51.26,
            "eps_avg_yearly": 1.46,
            "eps_latest_yearly": 3.84,
            "eps_growth_yearly": 1418.84
        },
        "20131": {
            "year_quarter": 20131,
            "year": 2013,
            "quarter": 1,
            "eps": -0.03,
            "eps_growth_year": null,
            "eps_4q": 0.79,
            "eps_4q_growth_year": 347.39,
            "roe": -0.58,
            "roe_4q": 0.9900000000000002,
            "gross_profit": 70681,
            "gross_margin": 41.8,
            "gross_margin_4q_avg": 40.57,
            "net_income": -20785,
            "revenue": 169102,
            "common_shares": 1223543,
            "book_valuer_per_share": 20.11,
            "book_valuer_per_share_4q_avg": 19.89,
            "equity": 3643990,
            "current_ratio": 651.77,
            "debt_ratio": 14.86,
            "inventory_turnover_ratio": 1.01,
            "account_receivable_turnover_ratio": 1.14,
            "reinvestment_rate": 437.04,
            "research_to_sale_ratio": null,
            "price_fair": 51.68,
            "eps_avg_yearly": 1.48,
            "eps_latest_yearly": 3.84,
            "eps_growth_yearly": 1536.03
        },
        "20132": {
            "year_quarter": 20132,
            "year": 2013,
            "quarter": 2,
            "eps": -0.21,
            "eps_growth_year": null,
            "eps_4q": 0.61,
            "eps_4q_growth_year": null,
            "roe": -1.39,
            "roe_4q": 1.0600000000000003,
            "gross_profit": 58215,
            "gross_margin": 33.84,
            "gross_margin_4q_avg": 38.58,
            "net_income": -49896,
            "revenue": 172020,
            "common_shares": 1223543,
            "book_valuer_per_share": 19.57,
            "book_valuer_per_share_4q_avg": 20.45,
            "equity": 3538095,
            "current_ratio": 647.7,
            "debt_ratio": 14.74,
            "inventory_turnover_ratio": 1.17,
            "account_receivable_turnover_ratio": 1.17,
            "reinvestment_rate": 582.87,
            "research_to_sale_ratio": 19.78,
            "price_fair": 41.75,
            "eps_avg_yearly": 1.19,
            "eps_latest_yearly": 3.84,
            "eps_growth_yearly": 1585.31
        },
        "20133": {
            "year_quarter": 20133,
            "year": 2013,
            "quarter": 3,
            "eps": 0.38,
            "eps_growth_year": 429.45,
            "eps_4q": 0.82,
            "eps_4q_growth_year": null,
            "roe": 2.3,
            "roe_4q": 2.81,
            "gross_profit": 61450,
            "gross_margin": 35.46,
            "gross_margin_4q_avg": 37.61,
            "net_income": 101140,
            "revenue": 173279,
            "common_shares": 1423543,
            "book_valuer_per_share": 26.63,
            "book_valuer_per_share_4q_avg": 21.65,
            "equity": 5255437,
            "current_ratio": 1842.01,
            "debt_ratio": 7.62,
            "inventory_turnover_ratio": 1.18,
            "account_receivable_turnover_ratio": 1.27,
            "reinvestment_rate": 603.5,
            "research_to_sale_ratio": 20.77,
            "price_fair": 25.06,
            "eps_avg_yearly": 0.72,
            "eps_latest_yearly": 3.84,
            "eps_growth_yearly": 1732.02
        },
        "20134": {
            "year_quarter": 20134,
            "year": 2013,
            "quarter": 4,
            "eps": 0.19,
            "eps_growth_year": -80.14,
            "eps_4q": 0.32,
            "eps_4q_growth_year": -62.55,
            "roe": 0.72,
            "roe_4q": 1.0499999999999998,
            "gross_profit": 85555,
            "gross_margin": 37.6,
            "gross_margin_4q_avg": 37.18,
            "net_income": 36726,
            "revenue": 227533,
            "common_shares": 1607074,
            "book_valuer_per_share": 22.97,
            "book_valuer_per_share_4q_avg": 22.32,
            "equity": 5012752,
            "current_ratio": 1370.45,
            "debt_ratio": 8.27,
            "inventory_turnover_ratio": 1.58,
            "account_receivable_turnover_ratio": 1.64,
            "reinvestment_rate": 646.43,
            "research_to_sale_ratio": 15.14,
            "price_fair": 24.78,
            "eps_avg_yearly": 0.71,
            "eps_latest_yearly": 0.76,
            "eps_growth_yearly": 1746.38
        },
        "20141": {
            "year_quarter": 20141,
            "year": 2014,
            "quarter": 1,
            "eps": 0.11,
            "eps_growth_year": null,
            "eps_4q": 0.45,
            "eps_4q_growth_year": -42.36,
            "roe": 0.46,
            "roe_4q": 2.09,
            "gross_profit": 82302,
            "gross_margin": 40.68,
            "gross_margin_4q_avg": 36.9,
            "net_income": 24025,
            "revenue": 202334,
            "common_shares": 1607074,
            "book_valuer_per_share": 23.86,
            "book_valuer_per_share_4q_avg": 23.26,
            "equity": 5467116,
            "current_ratio": 1478.33,
            "debt_ratio": 7.84,
            "inventory_turnover_ratio": 1.3,
            "account_receivable_turnover_ratio": 1.38,
            "reinvestment_rate": 559.9,
            "research_to_sale_ratio": 16.51,
            "price_fair": 25.48,
            "eps_avg_yearly": 0.73,
            "eps_latest_yearly": 0.44,
            "eps_growth_yearly": 1758.11
        },
        "20142": {
            "year_quarter": 20142,
            "year": 2014,
            "quarter": 2,
            "eps": 0.7,
            "eps_growth_year": null,
            "eps_4q": 1.17,
            "eps_4q_growth_year": 91.47,
            "roe": 1.85,
            "roe_4q": 5.33,
            "gross_profit": 86537,
            "gross_margin": 39.21,
            "gross_margin_4q_avg": 38.24,
            "net_income": 107501,
            "revenue": 220719,
            "common_shares": 1607074,
            "book_valuer_per_share": 26.56,
            "book_valuer_per_share_4q_avg": 25.01,
            "equity": 6133601,
            "current_ratio": 1590.15,
            "debt_ratio": 7.4,
            "inventory_turnover_ratio": 1.29,
            "account_receivable_turnover_ratio": 1.43,
            "reinvestment_rate": 497.15,
            "research_to_sale_ratio": 19.93,
            "price_fair": 34.16,
            "eps_avg_yearly": 0.98,
            "eps_latest_yearly": 2.8,
            "eps_growth_yearly": 1959.32
        },
        "20143": {
            "year_quarter": 20143,
            "year": 2014,
            "quarter": 3,
            "eps": -0.66,
            "eps_growth_year": -273.68,
            "eps_4q": 0.22,
            "eps_4q_growth_year": -73.71,
            "roe": -1.81,
            "roe_4q": 1.22,
            "gross_profit": 95890,
            "gross_margin": 41.27,
            "gross_margin_4q_avg": 39.69,
            "net_income": -116348,
            "revenue": 232321,
            "common_shares": 1848135,
            "book_valuer_per_share": 21.35,
            "book_valuer_per_share_4q_avg": 23.69,
            "equity": 6705019,
            "current_ratio": 488.14,
            "debt_ratio": 16.22,
            "inventory_turnover_ratio": 1.2,
            "account_receivable_turnover_ratio": 1.47,
            "reinvestment_rate": 798.4,
            "research_to_sale_ratio": 15.01,
            "price_fair": 37.8,
            "eps_avg_yearly": 1.08,
            "eps_latest_yearly": 2.8,
            "eps_growth_yearly": 2215.91
        },
        "20144": {
            "year_quarter": 20144,
            "year": 2014,
            "quarter": 4,
            "eps": 1.56,
            "eps_growth_year": 721.6,
            "eps_4q": 1.61,
            "eps_4q_growth_year": 398.42,
            "roe": 6.79,
            "roe_4q": 7.29,
            "gross_profit": 95253,
            "gross_margin": 39.14,
            "gross_margin_4q_avg": 40.08,
            "net_income": 462795,
            "revenue": 243385,
            "common_shares": 2083035,
            "book_valuer_per_share": 25.43,
            "book_valuer_per_share_4q_avg": 24.3,
            "equity": 6936429,
            "current_ratio": 144.17,
            "debt_ratio": 27.87,
            "inventory_turnover_ratio": 1.22,
            "account_receivable_turnover_ratio": 1.46,
            "reinvestment_rate": 935,
            "research_to_sale_ratio": 14.52,
            "price_fair": 42.35,
            "eps_avg_yearly": 1.21,
            "eps_latest_yearly": 2.8,
            "eps_growth_yearly": 2492.9
        },
        "20151": {
            "year_quarter": 20151,
            "year": 2015,
            "quarter": 1,
            "eps": -0.36,
            "eps_growth_year": -427.27,
            "eps_4q": 1.16,
            "eps_4q_growth_year": 155.68,
            "roe": -1.34,
            "roe_4q": 5.49,
            "gross_profit": 99823,
            "gross_margin": 40.32,
            "gross_margin_4q_avg": 39.99,
            "net_income": -91347,
            "revenue": 247575,
            "common_shares": 2083035,
            "book_valuer_per_share": 24.31,
            "book_valuer_per_share_4q_avg": 24.41,
            "equity": 6715931,
            "current_ratio": 128.73,
            "debt_ratio": 33.57,
            "inventory_turnover_ratio": 1.03,
            "account_receivable_turnover_ratio": 1.3,
            "reinvestment_rate": 1125.64,
            "research_to_sale_ratio": 10.73,
            "price_fair": 42.6,
            "eps_avg_yearly": 1.22,
            "eps_latest_yearly": 2.8,
            "eps_growth_yearly": 1249.03
        },
        "20152": {
            "year_quarter": 20152,
            "year": 2015,
            "quarter": 2,
            "eps": -0.51,
            "eps_growth_year": -172.86,
            "eps_4q": 0.09,
            "eps_4q_growth_year": -91.9,
            "roe": -1.61,
            "roe_4q": 2.03,
            "gross_profit": 117100,
            "gross_margin": 41.11,
            "gross_margin_4q_avg": 40.46,
            "net_income": -106352,
            "revenue": 284833,
            "common_shares": 2083035,
            "book_valuer_per_share": 23,
            "book_valuer_per_share_4q_avg": 23.52,
            "equity": 6518835,
            "current_ratio": 109.11,
            "debt_ratio": 48.12,
            "inventory_turnover_ratio": 1.01,
            "account_receivable_turnover_ratio": 1.43,
            "reinvestment_rate": 2012.24,
            "research_to_sale_ratio": 9.28,
            "price_fair": 49.47,
            "eps_avg_yearly": 1.41,
            "eps_latest_yearly": 2.8,
            "eps_growth_yearly": 1521.57
        },
        "20153": {
            "year_quarter": 20153,
            "year": 2015,
            "quarter": 3,
            "eps": -0.04,
            "eps_growth_year": null,
            "eps_4q": 0.58,
            "eps_4q_growth_year": 167.92,
            "roe": 1.16,
            "roe_4q": 5,
            "gross_profit": 758772,
            "gross_margin": 33.72,
            "gross_margin_4q_avg": 38.57,
            "net_income": 108385,
            "revenue": 2250052,
            "common_shares": 2338443,
            "book_valuer_per_share": 22.37,
            "book_valuer_per_share_4q_avg": 23.78,
            "equity": 12246057,
            "current_ratio": 130.85,
            "debt_ratio": 53.99,
            "inventory_turnover_ratio": 0.89,
            "account_receivable_turnover_ratio": 3.24,
            "reinvestment_rate": 1582.24,
            "research_to_sale_ratio": 1.53,
            "price_fair": 57.68,
            "eps_avg_yearly": 1.65,
            "eps_latest_yearly": 2.8,
            "eps_growth_yearly": 1425.88
        },
        "20154": {
            "year_quarter": 20154,
            "year": 2015,
            "quarter": 4,
            "eps": 2.42,
            "eps_growth_year": 54.78,
            "eps_4q": 1.67,
            "eps_4q_growth_year": 3.85,
            "roe": 3.87,
            "roe_4q": 2.08,
            "gross_profit": 1436737,
            "gross_margin": 35.83,
            "gross_margin_4q_avg": 37.75,
            "net_income": 524707,
            "revenue": 4009778,
            "common_shares": 2535392,
            "book_valuer_per_share": 26.12,
            "book_valuer_per_share_4q_avg": 23.95,
            "equity": 14883877,
            "current_ratio": 183.74,
            "debt_ratio": 46.68,
            "inventory_turnover_ratio": 0.82,
            "account_receivable_turnover_ratio": 3.41,
            "reinvestment_rate": 547.22,
            "research_to_sale_ratio": 0.91,
            "price_fair": 68.6,
            "eps_avg_yearly": 1.96,
            "eps_latest_yearly": 2.8,
            "eps_growth_yearly": 1715.69
        },
        "20161": {
            "year_quarter": 20161,
            "year": 2016,
            "quarter": 1,
            "eps": -0.23,
            "eps_growth_year": null,
            "eps_4q": 1.73,
            "eps_4q_growth_year": 49.07,
            "roe": 0.23,
            "roe_4q": 3.6500000000000004,
            "gross_profit": 1393209,
            "gross_margin": 42.74,
            "gross_margin_4q_avg": 38.35,
            "net_income": 34243,
            "revenue": 3259732,
            "common_shares": 2537504,
            "book_valuer_per_share": 26.13,
            "book_valuer_per_share_4q_avg": 24.41,
            "equity": 15111477,
            "current_ratio": 181.43,
            "debt_ratio": 48.22,
            "inventory_turnover_ratio": 0.55,
            "account_receivable_turnover_ratio": 2.89,
            "reinvestment_rate": 614.17,
            "research_to_sale_ratio": 2.3,
            "price_fair": 68.6,
            "eps_avg_yearly": 1.96,
            "eps_latest_yearly": 2.8,
            "eps_growth_yearly": 1715.69
        },
        "20162": {
            "year_quarter": 20162,
            "year": 2016,
            "quarter": 2,
            "eps": -0.21,
            "eps_growth_year": null,
            "eps_4q": 1.69,
            "eps_4q_growth_year": 1683.21,
            "roe": -0.11,
            "roe_4q": 5.15,
            "gross_profit": 1506990,
            "gross_margin": 40.19,
            "gross_margin_4q_avg": 38.12,
            "net_income": -17599,
            "revenue": 3749795,
            "common_shares": 2659507,
            "book_valuer_per_share": 26.53,
            "book_valuer_per_share_4q_avg": 25.29,
            "equity": 15792463,
            "current_ratio": 189.48,
            "debt_ratio": 47.06,
            "inventory_turnover_ratio": 0.57,
            "account_receivable_turnover_ratio": 3.58,
            "reinvestment_rate": 646.81,
            "research_to_sale_ratio": 2.6,
            "price_fair": 68.6,
            "eps_avg_yearly": 1.96,
            "eps_latest_yearly": 2.8,
            "eps_growth_yearly": 1715.69
        },
        "20163": {
            "year_quarter": 20163,
            "year": 2016,
            "quarter": 3,
            "eps": 0.7,
            "eps_growth_year": null,
            "eps_4q": 2.44,
            "eps_4q_growth_year": 320.09,
            "roe": 1.35,
            "roe_4q": 5.34,
            "gross_profit": 1315005,
            "gross_margin": 37.34,
            "gross_margin_4q_avg": 39.03,
            "net_income": 217907,
            "revenue": 3522105,
            "common_shares": 2917055,
            "book_valuer_per_share": 25.5,
            "book_valuer_per_share_4q_avg": 26.07,
            "equity": 16428492,
            "current_ratio": 144.41,
            "debt_ratio": 46.42,
            "inventory_turnover_ratio": 0.52,
            "account_receivable_turnover_ratio": 3.64,
            "reinvestment_rate": 587.46,
            "research_to_sale_ratio": 3.36,
            "price_fair": 68.6,
            "eps_avg_yearly": 1.96,
            "eps_latest_yearly": 2.8,
            "eps_growth_yearly": 1715.69
        },
        "20164": {
            "year_quarter": 20164,
            "year": 2016,
            "quarter": 4,
            "eps": -0.26,
            "eps_growth_year": -110.58,
            "eps_4q": 0.07,
            "eps_4q_growth_year": -95.92,
            "roe": 0.06,
            "roe_4q": 1.53,
            "gross_profit": 2037042,
            "gross_margin": 45.19,
            "gross_margin_4q_avg": 41.37,
            "net_income": 9399,
            "revenue": 4508199,
            "common_shares": 2917975,
            "book_valuer_per_share": 23.8,
            "book_valuer_per_share_4q_avg": 25.49,
            "equity": 15822911,
            "current_ratio": 130.42,
            "debt_ratio": 47.87,
            "inventory_turnover_ratio": 0.61,
            "account_receivable_turnover_ratio": 4.12,
            "reinvestment_rate": 754.81,
            "research_to_sale_ratio": 5.04,
            "price_fair": 46.67,
            "eps_avg_yearly": 1.33,
            "eps_latest_yearly": 2.8,
            "eps_growth_yearly": 592.34
        },
        "20171": {
            "year_quarter": 20171,
            "year": 2017,
            "quarter": 1,
            "eps": -0.07,
            "eps_growth_year": null,
            "eps_4q": 0.2,
            "eps_4q_growth_year": -88.36,
            "roe": 0.56,
            "roe_4q": 1.86,
            "gross_profit": 1602705,
            "gross_margin": 42.09,
            "gross_margin_4q_avg": 41.2,
            "net_income": 88872,
            "revenue": 3807705,
            "common_shares": 2919167,
            "book_valuer_per_share": 23.11,
            "book_valuer_per_share_4q_avg": 24.74,
            "equity": 15656842,
            "current_ratio": 123.59,
            "debt_ratio": 49.17,
            "inventory_turnover_ratio": 0.57,
            "account_receivable_turnover_ratio": 3.29,
            "reinvestment_rate": 822.23,
            "research_to_sale_ratio": 3.45,
            "price_fair": 46.67,
            "eps_avg_yearly": 1.33,
            "eps_latest_yearly": 2.8,
            "eps_growth_yearly": 592.34
        },
        "20172": {
            "year_quarter": 20172,
            "year": 2017,
            "quarter": 2,
            "eps": -0.07,
            "eps_growth_year": null,
            "eps_4q": 0.29,
            "eps_4q_growth_year": -82.98,
            "roe": 0.58,
            "roe_4q": 2.5500000000000003,
            "gross_profit": 1985258,
            "gross_margin": 42.8,
            "gross_margin_4q_avg": 41.86,
            "net_income": 91410,
            "revenue": 4638835,
            "common_shares": 2919167,
            "book_valuer_per_share": 23.28,
            "book_valuer_per_share_4q_avg": 23.92,
            "equity": 16012429,
            "current_ratio": 120.25,
            "debt_ratio": 53.04,
            "inventory_turnover_ratio": 0.63,
            "account_receivable_turnover_ratio": 4.02,
            "reinvestment_rate": 948.62,
            "research_to_sale_ratio": 4.13,
            "price_fair": 46.67,
            "eps_avg_yearly": 1.33,
            "eps_latest_yearly": 2.8,
            "eps_growth_yearly": 592.34
        },
        "20173": {
            "year_quarter": 20173,
            "year": 2017,
            "quarter": 3,
            "eps": 0.16,
            "eps_growth_year": -77.14,
            "eps_4q": -0.2,
            "eps_4q_growth_year": -108.37,
            "roe": 0.85,
            "roe_4q": 2.05,
            "gross_profit": 2079533,
            "gross_margin": 41.08,
            "gross_margin_4q_avg": 42.79,
            "net_income": 137377,
            "revenue": 5061741,
            "common_shares": 3206084,
            "book_valuer_per_share": 20.97,
            "book_valuer_per_share_4q_avg": 22.79,
            "equity": 16450434,
            "current_ratio": 109.34,
            "debt_ratio": 54.45,
            "inventory_turnover_ratio": 0.63,
            "account_receivable_turnover_ratio": 4.14,
            "reinvestment_rate": 1109.15,
            "research_to_sale_ratio": 3.66,
            "price_fair": 46.67,
            "eps_avg_yearly": 1.33,
            "eps_latest_yearly": 2.8,
            "eps_growth_yearly": 592.34
        },
        "20174": {
            "year_quarter": 20174,
            "year": 2017,
            "quarter": 4,
            "eps": 0.77,
            "eps_growth_year": null,
            "eps_4q": 0.8,
            "eps_4q_growth_year": 1067.46,
            "roe": 3.01,
            "roe_4q": 5,
            "gross_profit": 2783076,
            "gross_margin": 47.3,
            "gross_margin_4q_avg": 43.32,
            "net_income": 501107,
            "revenue": 5883533,
            "common_shares": 3206740,
            "book_valuer_per_share": 21.64,
            "book_valuer_per_share_4q_avg": 22.25,
            "equity": 16869329,
            "current_ratio": 103.16,
            "debt_ratio": 55.95,
            "inventory_turnover_ratio": 0.61,
            "account_receivable_turnover_ratio": 4.8,
            "reinvestment_rate": 1046.33,
            "research_to_sale_ratio": 5.05,
            "price_fair": 73.73,
            "eps_avg_yearly": 2.11,
            "eps_latest_yearly": 3.08,
            "eps_growth_yearly": 1167.34
        },
        "20181": {
            "year_quarter": 20181,
            "year": 2018,
            "quarter": 1,
            "eps": 1.41,
            "eps_growth_year": null,
            "eps_4q": 2.28,
            "eps_4q_growth_year": 1032.44,
            "roe": 4.28,
            "roe_4q": 8.72,
            "gross_profit": 2738395,
            "gross_margin": 46.49,
            "gross_margin_4q_avg": 44.42,
            "net_income": 742765,
            "revenue": 5890744,
            "common_shares": 3206740,
            "book_valuer_per_share": 23.71,
            "book_valuer_per_share_4q_avg": 22.4,
            "equity": 17810477,
            "current_ratio": 100.76,
            "debt_ratio": 57.02,
            "inventory_turnover_ratio": 0.56,
            "account_receivable_turnover_ratio": 4.41,
            "reinvestment_rate": 835.17,
            "research_to_sale_ratio": 2.47,
            "price_fair": 134.4,
            "eps_avg_yearly": 3.84,
            "eps_latest_yearly": 5.64,
            "eps_growth_yearly": 1334.31
        },
        "20182": {
            "year_quarter": 20182,
            "year": 2018,
            "quarter": 2,
            "eps": 0.43,
            "eps_growth_year": null,
            "eps_4q": 2.6,
            "eps_4q_growth_year": 803.14,
            "roe": 3.62,
            "roe_4q": 11.76,
            "gross_profit": 3360429,
            "gross_margin": 47.24,
            "gross_margin_4q_avg": 45.53,
            "net_income": 618646,
            "revenue": 7113864,
            "common_shares": 3281084,
            "book_valuer_per_share": 20.93,
            "book_valuer_per_share_4q_avg": 21.81,
            "equity": 16385122,
            "current_ratio": 140.21,
            "debt_ratio": 60.69,
            "inventory_turnover_ratio": 1.18,
            "account_receivable_turnover_ratio": 8.27,
            "reinvestment_rate": 241.42,
            "research_to_sale_ratio": 4.37,
            "price_fair": 121.8,
            "eps_avg_yearly": 3.48,
            "eps_latest_yearly": 1.72,
            "eps_growth_yearly": 526.48
        },
        "20183": {
            "year_quarter": 20183,
            "year": 2018,
            "quarter": 3,
            "eps": 4.63,
            "eps_growth_year": 2793.75,
            "eps_4q": 7,
            "eps_4q_growth_year": null,
            "roe": 10.33,
            "roe_4q": 21.240000000000002,
            "gross_profit": 2987973,
            "gross_margin": 49.7,
            "gross_margin_4q_avg": 47.68,
            "net_income": 1774290,
            "revenue": 6011920,
            "common_shares": 3504887,
            "book_valuer_per_share": 24.94,
            "book_valuer_per_share_4q_avg": 22.81,
            "equity": 17975647,
            "current_ratio": 154.79,
            "debt_ratio": 56.5,
            "inventory_turnover_ratio": 14.77,
            "account_receivable_turnover_ratio": 22.47,
            "reinvestment_rate": 195.56,
            "research_to_sale_ratio": 3.35,
            "price_fair": 253.4,
            "eps_avg_yearly": 7.24,
            "eps_latest_yearly": 18.52,
            "eps_growth_yearly": 1371.61
        },
        "20184": {
            "year_quarter": 20184,
            "year": 2018,
            "quarter": 4,
            "eps": 11.3,
            "eps_growth_year": 1372.46,
            "eps_4q": 17.54,
            "eps_4q_growth_year": 2103.53,
            "roe": 28.42,
            "roe_4q": 46.65,
            "gross_profit": 1243734,
            "gross_margin": 47.26,
            "gross_margin_4q_avg": 47.67,
            "net_income": 4751749,
            "revenue": 2631694,
            "common_shares": 3518274,
            "book_valuer_per_share": 37.69,
            "book_valuer_per_share_4q_avg": 26.82,
            "equity": 15466999,
            "current_ratio": 154.45,
            "debt_ratio": 24.09,
            "inventory_turnover_ratio": 6.51,
            "account_receivable_turnover_ratio": 12.44,
            "reinvestment_rate": 180.36,
            "research_to_sale_ratio": 2.86,
            "price_fair": 519.12,
            "eps_avg_yearly": 14.83,
            "eps_latest_yearly": 45.2,
            "eps_growth_yearly": 1212.53
        },
        "20191": {
            "year_quarter": 20191,
            "year": 2019,
            "quarter": 1,
            "eps": -0.62,
            "eps_growth_year": -143.97,
            "eps_4q": 15.49,
            "eps_4q_growth_year": 577.84,
            "roe": -2.1,
            "roe_4q": 40.269999999999996,
            "gross_profit": 158635,
            "gross_margin": 44.01,
            "gross_margin_4q_avg": 47.05,
            "net_income": -321297,
            "revenue": 360488,
            "common_shares": 3551137,
            "book_valuer_per_share": 36.68,
            "book_valuer_per_share_4q_avg": 30.06,
            "equity": 15147873,
            "current_ratio": 91.58,
            "debt_ratio": 27.96,
            "inventory_turnover_ratio": 0.86,
            "account_receivable_turnover_ratio": 1.76,
            "reinvestment_rate": 195.53,
            "research_to_sale_ratio": 10.59,
            "price_fair": 519.12,
            "eps_avg_yearly": 14.83,
            "eps_latest_yearly": 45.2,
            "eps_growth_yearly": 1212.53
        },
        "20192": {
            "year_quarter": 20192,
            "year": 2019,
            "quarter": 2,
            "eps": 0.1,
            "eps_growth_year": -76.74,
            "eps_4q": 13.21,
            "eps_4q_growth_year": 408.83,
            "roe": 1.46,
            "roe_4q": 38.11,
            "gross_profit": 143339,
            "gross_margin": 40.74,
            "gross_margin_4q_avg": 45.43,
            "net_income": 227626,
            "revenue": 351829,
            "common_shares": 3552810,
            "book_valuer_per_share": 35.21,
            "book_valuer_per_share_4q_avg": 33.63,
            "equity": 16111190,
            "current_ratio": 139.15,
            "debt_ratio": 36.45,
            "inventory_turnover_ratio": 0.9,
            "account_receivable_turnover_ratio": 1.57,
            "reinvestment_rate": 174.12,
            "research_to_sale_ratio": 16.24,
            "price_fair": 519.12,
            "eps_avg_yearly": 14.83,
            "eps_latest_yearly": 45.2,
            "eps_growth_yearly": 1212.53
        },
        "20193": {
            "year_quarter": 20193,
            "year": 2019,
            "quarter": 3,
            "eps": 0.07,
            "eps_growth_year": -98.49,
            "eps_4q": 9.28,
            "eps_4q_growth_year": 32.56,
            "roe": 0.53,
            "roe_4q": 28.310000000000002,
            "gross_profit": 154258,
            "gross_margin": 44.49,
            "gross_margin_4q_avg": 44.13,
            "net_income": 81509,
            "revenue": 346717,
            "common_shares": 4110377,
            "book_valuer_per_share": 30,
            "book_valuer_per_share_4q_avg": 34.9,
            "equity": 14425597,
            "current_ratio": 59.65,
            "debt_ratio": 35.16,
            "inventory_turnover_ratio": 0.84,
            "account_receivable_turnover_ratio": 1.48,
            "reinvestment_rate": 194.23,
            "research_to_sale_ratio": 10.89,
            "price_fair": 434.23,
            "eps_avg_yearly": 12.41,
            "eps_latest_yearly": 0.28,
            "eps_growth_yearly": 990.45
        },
        "20194": {
            "year_quarter": 20194,
            "year": 2019,
            "quarter": 4,
            "eps": -0.33,
            "eps_growth_year": -102.94,
            "eps_4q": -0.69,
            "eps_4q_growth_year": -103.95,
            "roe": -1.28,
            "roe_4q": -1.3900000000000001,
            "gross_profit": 163490,
            "gross_margin": 43.18,
            "gross_margin_4q_avg": 43.11,
            "net_income": -191427,
            "revenue": 378640,
            "common_shares": 4182193,
            "book_valuer_per_share": 32.11,
            "book_valuer_per_share_4q_avg": 33.5,
            "equity": 15458330,
            "current_ratio": 38.52,
            "debt_ratio": 32.39,
            "inventory_turnover_ratio": 0.93,
            "account_receivable_turnover_ratio": 1.62,
            "reinvestment_rate": 233.9,
            "research_to_sale_ratio": 19.35,
            "price_fair": 434.23,
            "eps_avg_yearly": 12.41,
            "eps_latest_yearly": 0.28,
            "eps_growth_yearly": 990.45
        },
        "20201": {
            "year_quarter": 20201,
            "year": 2020,
            "quarter": 1,
            "eps": 0.51,
            "eps_growth_year": null,
            "eps_4q": 0.33,
            "eps_4q_growth_year": -97.86,
            "roe": 1.79,
            "roe_4q": 2.5,
            "gross_profit": 142697,
            "gross_margin": 46.23,
            "gross_margin_4q_avg": 43.66,
            "net_income": 284416,
            "revenue": 308636,
            "common_shares": 4207782,
            "book_valuer_per_share": 32.82,
            "book_valuer_per_share_4q_avg": 32.54,
            "equity": 16377832,
            "current_ratio": 52.51,
            "debt_ratio": 27.01,
            "inventory_turnover_ratio": 0.71,
            "account_receivable_turnover_ratio": 1.43,
            "reinvestment_rate": 212.61,
            "research_to_sale_ratio": 12.75,
            "price_fair": 434.23,
            "eps_avg_yearly": 12.41,
            "eps_latest_yearly": 0.28,
            "eps_growth_yearly": 990.45
        },
        "20202": {
            "year_quarter": 20202,
            "year": 2020,
            "quarter": 2,
            "eps": 3.02,
            "eps_growth_year": 2920,
            "eps_4q": 3.06,
            "eps_4q_growth_year": -76.84,
            "roe": 7.99,
            "roe_4q": 9.030000000000001,
            "gross_profit": 57152,
            "gross_margin": 54.49,
            "gross_margin_4q_avg": 47.1,
            "net_income": 1301177,
            "revenue": 104885,
            "common_shares": 4281579,
            "book_valuer_per_share": 34.38,
            "book_valuer_per_share_4q_avg": 32.33,
            "equity": 16194697,
            "current_ratio": 27.64,
            "debt_ratio": 26.84,
            "inventory_turnover_ratio": 0.29,
            "account_receivable_turnover_ratio": 0.7,
            "reinvestment_rate": 183.3,
            "research_to_sale_ratio": 25.2,
            "price_fair": 432.6,
            "eps_avg_yearly": 12.36,
            "eps_latest_yearly": 12.08,
            "eps_growth_yearly": 1130.19
        },
        "20203": {
            "year_quarter": 20203,
            "year": 2020,
            "quarter": 3,
            "eps": 2.09,
            "eps_growth_year": 2885.71,
            "eps_4q": 4.97,
            "eps_4q_growth_year": -46.48,
            "roe": 9.03,
            "roe_4q": 17.529999999999998,
            "gross_profit": 57379,
            "gross_margin": 43.62,
            "gross_margin_4q_avg": 46.88,
            "net_income": 1581822,
            "revenue": 131541,
            "common_shares": 4592534,
            "book_valuer_per_share": 36.1,
            "book_valuer_per_share_4q_avg": 33.85,
            "equity": 18831957,
            "current_ratio": 86.97,
            "debt_ratio": 24.18,
            "inventory_turnover_ratio": 0.77,
            "account_receivable_turnover_ratio": 1.34,
            "reinvestment_rate": 183.18,
            "research_to_sale_ratio": 26.83,
            "price_fair": 415.1,
            "eps_avg_yearly": 11.86,
            "eps_latest_yearly": 8.36,
            "eps_growth_yearly": 973.52
        },
        "20204": {
            "year_quarter": 20204,
            "year": 2020,
            "quarter": 4,
            "eps": 3,
            "eps_growth_year": null,
            "eps_4q": 8.27,
            "eps_4q_growth_year": null,
            "roe": 8.71,
            "roe_4q": 27.520000000000003,
            "gross_profit": 93072,
            "gross_margin": 54.12,
            "gross_margin_4q_avg": 49.62,
            "net_income": 1719037,
            "revenue": 171983,
            "common_shares": 4592534,
            "book_valuer_per_share": 39.26,
            "book_valuer_per_share_4q_avg": 35.64,
            "equity": 20634377,
            "current_ratio": 52.04,
            "debt_ratio": 25.95,
            "inventory_turnover_ratio": 0.77,
            "account_receivable_turnover_ratio": 1.51,
            "reinvestment_rate": 185.63,
            "research_to_sale_ratio": 16.16,
            "price_fair": 415.64,
            "eps_avg_yearly": 11.88,
            "eps_latest_yearly": 12,
            "eps_growth_yearly": 884.7
        },
        "20211": {
            "year_quarter": 20211,
            "year": 2021,
            "quarter": 1,
            "eps": 4.63,
            "eps_growth_year": 807.84,
            "eps_4q": 12.44,
            "eps_4q_growth_year": 3654.97,
            "roe": 14.94,
            "roe_4q": 40.67,
            "gross_profit": 86877,
            "gross_margin": 54.85,
            "gross_margin_4q_avg": 51.77,
            "net_income": 3330049,
            "revenue": 158377,
            "common_shares": 4592534,
            "book_valuer_per_share": 43.79,
            "book_valuer_per_share_4q_avg": 38.38,
            "equity": 23934483,
            "current_ratio": 27.79,
            "debt_ratio": 25.2,
            "inventory_turnover_ratio": 0.68,
            "account_receivable_turnover_ratio": 1.31,
            "reinvestment_rate": 187.77,
            "research_to_sale_ratio": 8.68,
            "price_fair": 438.9,
            "eps_avg_yearly": 12.54,
            "eps_latest_yearly": 18.52,
            "eps_growth_yearly": 817.96
        },
        "20212": {
            "year_quarter": 20212,
            "year": 2021,
            "quarter": 2,
            "eps": 2.66,
            "eps_growth_year": -11.92,
            "eps_4q": 12.36,
            "eps_4q_growth_year": 303.87,
            "roe": 6.51,
            "roe_4q": 39.19,
            "gross_profit": 64220,
            "gross_margin": 48.44,
            "gross_margin_4q_avg": 50.26,
            "net_income": 1607567,
            "revenue": 132563,
            "common_shares": 4592534,
            "book_valuer_per_share": 46.25,
            "book_valuer_per_share_4q_avg": 41.35,
            "equity": 25445922,
            "current_ratio": 362.86,
            "debt_ratio": 25.98,
            "inventory_turnover_ratio": 0.65,
            "account_receivable_turnover_ratio": 1.23,
            "reinvestment_rate": 123.35,
            "research_to_sale_ratio": 14.5,
            "price_fair": 432.85,
            "eps_avg_yearly": 12.37,
            "eps_latest_yearly": 10.64,
            "eps_growth_yearly": 728.13
        },
        "20213": {
            "year_quarter": 20213,
            "year": 2021,
            "quarter": 3,
            "eps": -1.61,
            "eps_growth_year": -177.03,
            "eps_4q": 7.72,
            "eps_4q_growth_year": 55.37,
            "roe": -5.76,
            "roe_4q": 24.4,
            "gross_profit": 44061,
            "gross_margin": 50.14,
            "gross_margin_4q_avg": 51.89,
            "net_income": -1395390,
            "revenue": 87878,
            "common_shares": 5050487,
            "book_valuer_per_share": 38.94,
            "book_valuer_per_share_4q_avg": 42.06,
            "equity": 22983461,
            "current_ratio": 255.78,
            "debt_ratio": 29.07,
            "inventory_turnover_ratio": 0.42,
            "account_receivable_turnover_ratio": 1.01,
            "reinvestment_rate": 109.83,
            "research_to_sale_ratio": 16.8,
            "price_fair": 432.85,
            "eps_avg_yearly": 12.37,
            "eps_latest_yearly": 10.64,
            "eps_growth_yearly": 728.13
        },
        "20214": {
            "year_quarter": 20214,
            "year": 2021,
            "quarter": 4,
            "eps": -1.4,
            "eps_growth_year": -146.71,
            "eps_4q": 3.6,
            "eps_4q_growth_year": -56.51,
            "roe": -6.29,
            "roe_4q": 9.399999999999999,
            "gross_profit": 64501,
            "gross_margin": 53.18,
            "gross_margin_4q_avg": 51.65,
            "net_income": -1385275,
            "revenue": 121289,
            "common_shares": 5050487,
            "book_valuer_per_share": 37.5,
            "book_valuer_per_share_4q_avg": 41.62,
            "equity": 21094899,
            "current_ratio": 406.43,
            "debt_ratio": 30.71,
            "inventory_turnover_ratio": 0.57,
            "account_receivable_turnover_ratio": 1.28,
            "reinvestment_rate": 58.25,
            "research_to_sale_ratio": 22.81,
            "price_fair": 465.36,
            "eps_avg_yearly": 13.3,
            "eps_latest_yearly": 10.64,
            "eps_growth_yearly": 648.44
        },
        "20221": {
            "year_quarter": 20221,
            "year": 2022,
            "quarter": 1,
            "eps": 2.69,
            "eps_growth_year": -41.9,
            "eps_4q": 2.09,
            "eps_4q_growth_year": -83.17,
            "roe": 3.92,
            "roe_4q": -1.6199999999999992,
            "gross_profit": 75076,
            "gross_margin": 49.39,
            "gross_margin_4q_avg": 50.29,
            "net_income": 849549,
            "revenue": 152007,
            "common_shares": 5050487,
            "book_valuer_per_share": 40.77,
            "book_valuer_per_share_4q_avg": 40.87,
            "equity": 22249997,
            "current_ratio": 402.16,
            "debt_ratio": 24.05,
            "inventory_turnover_ratio": 0.81,
            "account_receivable_turnover_ratio": 1.42,
            "reinvestment_rate": 21.63,
            "research_to_sale_ratio": 6.88,
            "price_fair": 495.13,
            "eps_avg_yearly": 14.15,
            "eps_latest_yearly": 10.64,
            "eps_growth_yearly": 683.55
        },
        "20222": {
            "year_quarter": 20222,
            "year": 2022,
            "quarter": 2,
            "eps": -0.36,
            "eps_growth_year": -113.53,
            "eps_4q": -0.59,
            "eps_4q_growth_year": -104.77,
            "roe": -1.1,
            "roe_4q": -9.23,
            "gross_profit": 103645,
            "gross_margin": 50.65,
            "gross_margin_4q_avg": 50.84,
            "net_income": -231756,
            "revenue": 204644,
            "common_shares": 5050487,
            "book_valuer_per_share": 37.97,
            "book_valuer_per_share_4q_avg": 38.8,
            "equity": 19937528,
            "current_ratio": 137.96,
            "debt_ratio": 23.92,
            "inventory_turnover_ratio": 1.23,
            "account_receivable_turnover_ratio": 1.73,
            "reinvestment_rate": 133.87,
            "research_to_sale_ratio": 7.14,
            "price_fair": 549.5,
            "eps_avg_yearly": 15.7,
            "eps_latest_yearly": 10.64,
            "eps_growth_yearly": 803.75
        },
        "20223": {
            "year_quarter": 20223,
            "year": 2022,
            "quarter": 3,
            "eps": -1.84,
            "eps_growth_year": null,
            "eps_4q": -1.05,
            "eps_4q_growth_year": -113.57,
            "roe": -6.19,
            "roe_4q": -9.66,
            "gross_profit": 96998,
            "gross_margin": 56.27,
            "gross_margin_4q_avg": 52.37,
            "net_income": -1210976,
            "revenue": 172377,
            "common_shares": 5947560,
            "book_valuer_per_share": 32.29,
            "book_valuer_per_share_4q_avg": 37.13,
            "equity": 19202314,
            "current_ratio": 84.03,
            "debt_ratio": 26.26,
            "inventory_turnover_ratio": 1,
            "account_receivable_turnover_ratio": 1.33,
            "reinvestment_rate": 139.23,
            "research_to_sale_ratio": 6.3,
            "price_fair": 535.4,
            "eps_avg_yearly": 15.3,
            "eps_latest_yearly": 10.64,
            "eps_growth_yearly": 360.43
        },
        "20224": {
            "year_quarter": 20224,
            "year": 2022,
            "quarter": 4,
            "eps": 0.03,
            "eps_growth_year": null,
            "eps_4q": 0.17,
            "eps_4q_growth_year": -95.22,
            "roe": 0.09,
            "roe_4q": -3.280000000000001,
            "gross_profit": 130549,
            "gross_margin": 54.69,
            "gross_margin_4q_avg": 52.75,
            "net_income": 17562,
            "revenue": 238694,
            "common_shares": 5947560,
            "book_valuer_per_share": 32.37,
            "book_valuer_per_share_4q_avg": 35.85,
            "equity": 19252348,
            "current_ratio": 72.68,
            "debt_ratio": 23.56,
            "inventory_turnover_ratio": 1.3,
            "account_receivable_turnover_ratio": 1.61,
            "reinvestment_rate": 66.91,
            "research_to_sale_ratio": 4.64,
            "price_fair": 360.97,
            "eps_avg_yearly": 10.31,
            "eps_latest_yearly": 10.64,
            "eps_growth_yearly": 324.46
        },
        "20231": {
            "year_quarter": 20231,
            "year": 2023,
            "quarter": 1,
            "eps": 1.67,
            "eps_growth_year": -37.92,
            "eps_4q": -0.45,
            "eps_4q_growth_year": -121.29,
            "roe": 4.9,
            "roe_4q": -2.3000000000000003,
            "gross_profit": 140570,
            "gross_margin": 41.96,
            "gross_margin_4q_avg": 50.89,
            "net_income": 978177,
            "revenue": 335010,
            "common_shares": 5947560,
            "book_valuer_per_share": 33.99,
            "book_valuer_per_share_4q_avg": 34.16,
            "equity": 20710943,
            "current_ratio": 63.6,
            "debt_ratio": 25.26,
            "inventory_turnover_ratio": 1.39,
            "account_receivable_turnover_ratio": 1.64,
            "reinvestment_rate": 58.31,
            "research_to_sale_ratio": 5.52,
            "price_fair": 342.8,
            "eps_avg_yearly": 9.79,
            "eps_latest_yearly": 6.68,
            "eps_growth_yearly": 3401.92
        }
    },
    "months": {
        "2003-09": {
            "month": "2003-09",
            "price": "35.47",
            "revenue": 15472
        },
        "2003-10": {
            "month": "2003-10",
            "price": "33.84",
            "revenue": 19296
        },
        "2003-11": {
            "month": "2003-11",
            "price": "32.57",
            "revenue": 17734
        },
        "2003-12": {
            "month": "2003-12",
            "price": "32.76",
            "revenue": 23318
        },
        "2004-01": {
            "month": "2004-01",
            "price": "32.09",
            "revenue": 24873
        },
        "2004-02": {
            "month": "2004-02",
            "price": "32.58",
            "revenue": 16193
        },
        "2004-03": {
            "month": "2004-03",
            "price": "31.77",
            "revenue": 21612
        },
        "2004-04": {
            "month": "2004-04",
            "price": "31.18",
            "revenue": 19500
        },
        "2004-05": {
            "month": "2004-05",
            "price": "29.96",
            "revenue": 16440
        },
        "2004-06": {
            "month": "2004-06",
            "price": "28.77",
            "revenue": 16165
        },
        "2004-07": {
            "month": "2004-07",
            "price": "24.92",
            "revenue": 14898
        },
        "2004-08": {
            "month": "2004-08",
            "price": "22.88",
            "revenue": 16042
        },
        "2004-09": {
            "month": "2004-09",
            "price": "24.13",
            "revenue": 18745
        },
        "2004-10": {
            "month": "2004-10",
            "price": "23.15",
            "revenue": 23459
        },
        "2004-11": {
            "month": "2004-11",
            "price": "22.15",
            "revenue": 20191
        },
        "2004-12": {
            "month": "2004-12",
            "price": "22.50",
            "revenue": 21201
        },
        "2005-01": {
            "month": "2005-01",
            "price": "23.60",
            "revenue": 32165
        },
        "2005-02": {
            "month": "2005-02",
            "price": "24.54",
            "revenue": 16292
        },
        "2005-03": {
            "month": "2005-03",
            "price": "23.43",
            "revenue": 26531
        },
        "2005-04": {
            "month": "2005-04",
            "price": "22.67",
            "revenue": 23099
        },
        "2005-05": {
            "month": "2005-05",
            "price": "23.84",
            "revenue": 21308
        },
        "2005-06": {
            "month": "2005-06",
            "price": "24.62",
            "revenue": 19368
        },
        "2005-07": {
            "month": "2005-07",
            "price": "24.94",
            "revenue": 15523
        },
        "2005-08": {
            "month": "2005-08",
            "price": "23.94",
            "revenue": 14809
        },
        "2005-09": {
            "month": "2005-09",
            "price": "19.77",
            "revenue": 18112
        },
        "2005-10": {
            "month": "2005-10",
            "price": "20.34",
            "revenue": 17685
        },
        "2005-11": {
            "month": "2005-11",
            "price": "20.52",
            "revenue": 18383
        },
        "2005-12": {
            "month": "2005-12",
            "price": "19.80",
            "revenue": 21356
        },
        "2006-01": {
            "month": "2006-01",
            "price": "18.89",
            "revenue": 25155
        },
        "2006-02": {
            "month": "2006-02",
            "price": "18.92",
            "revenue": 12347
        },
        "2006-03": {
            "month": "2006-03",
            "price": "18.40",
            "revenue": 22563
        },
        "2006-04": {
            "month": "2006-04",
            "price": "18.53",
            "revenue": 18196
        },
        "2006-05": {
            "month": "2006-05",
            "price": "18.53",
            "revenue": 19302
        },
        "2006-06": {
            "month": "2006-06",
            "price": "18.31",
            "revenue": 18575
        },
        "2006-07": {
            "month": "2006-07",
            "price": "18.35",
            "revenue": 16926
        },
        "2006-08": {
            "month": "2006-08",
            "price": "16.57",
            "revenue": 24259
        },
        "2006-09": {
            "month": "2006-09",
            "price": "16.03",
            "revenue": 18158
        },
        "2006-10": {
            "month": "2006-10",
            "price": "15.97",
            "revenue": 21285
        },
        "2006-11": {
            "month": "2006-11",
            "price": "15.69",
            "revenue": 24388
        },
        "2006-12": {
            "month": "2006-12",
            "price": "16.09",
            "revenue": 25345
        },
        "2007-01": {
            "month": "2007-01",
            "price": "16.09",
            "revenue": 36484
        },
        "2007-02": {
            "month": "2007-02",
            "price": "15.95",
            "revenue": 28604
        },
        "2007-03": {
            "month": "2007-03",
            "price": "16.76",
            "revenue": 23123
        },
        "2007-04": {
            "month": "2007-04",
            "price": "21.05",
            "revenue": 23779
        },
        "2007-05": {
            "month": "2007-05",
            "price": "38.22",
            "revenue": 26565
        },
        "2007-06": {
            "month": "2007-06",
            "price": "46.32",
            "revenue": 18699
        },
        "2007-07": {
            "month": "2007-07",
            "price": "69.57",
            "revenue": 20256
        },
        "2007-08": {
            "month": "2007-08",
            "price": "60.76",
            "revenue": 17917
        },
        "2007-09": {
            "month": "2007-09",
            "price": "64.04",
            "revenue": 23581
        },
        "2007-10": {
            "month": "2007-10",
            "price": "60.23",
            "revenue": 24651
        },
        "2007-11": {
            "month": "2007-11",
            "price": "51.15",
            "revenue": 27733
        },
        "2007-12": {
            "month": "2007-12",
            "price": "45.12",
            "revenue": 25835
        },
        "2008-01": {
            "month": "2008-01",
            "price": "43.31",
            "revenue": 43421
        },
        "2008-02": {
            "month": "2008-02",
            "price": "44.05",
            "revenue": 20223
        },
        "2008-03": {
            "month": "2008-03",
            "price": "47.04",
            "revenue": 29495
        },
        "2008-04": {
            "month": "2008-04",
            "price": "49.87",
            "revenue": 27124
        },
        "2008-05": {
            "month": "2008-05",
            "price": "51.81",
            "revenue": 26007
        },
        "2008-06": {
            "month": "2008-06",
            "price": "42.27",
            "revenue": 23363
        },
        "2008-07": {
            "month": "2008-07",
            "price": "33.86",
            "revenue": 20389
        },
        "2008-08": {
            "month": "2008-08",
            "price": "33.89",
            "revenue": 22169
        },
        "2008-09": {
            "month": "2008-09",
            "price": "23.00",
            "revenue": 30781
        },
        "2008-10": {
            "month": "2008-10",
            "price": "22.09",
            "revenue": 40225
        },
        "2008-11": {
            "month": "2008-11",
            "price": "23.00",
            "revenue": 31759
        },
        "2008-12": {
            "month": "2008-12",
            "price": "23.39",
            "revenue": 43180
        },
        "2009-01": {
            "month": "2009-01",
            "price": "23.96",
            "revenue": 50857
        },
        "2009-02": {
            "month": "2009-02",
            "price": "26.78",
            "revenue": 34276
        },
        "2009-03": {
            "month": "2009-03",
            "price": "30.36",
            "revenue": 36245
        },
        "2009-04": {
            "month": "2009-04",
            "price": "42.39",
            "revenue": 39709
        },
        "2009-05": {
            "month": "2009-05",
            "price": "41.21",
            "revenue": 33449
        },
        "2009-06": {
            "month": "2009-06",
            "price": "37.97",
            "revenue": 30016
        },
        "2009-07": {
            "month": "2009-07",
            "price": "48.00",
            "revenue": 27750
        },
        "2009-08": {
            "month": "2009-08",
            "price": "46.56",
            "revenue": 28481
        },
        "2009-09": {
            "month": "2009-09",
            "price": "48.64",
            "revenue": 34608
        },
        "2009-10": {
            "month": "2009-10",
            "price": "48.29",
            "revenue": 42644
        },
        "2009-11": {
            "month": "2009-11",
            "price": "47.65",
            "revenue": 41885
        },
        "2009-12": {
            "month": "2009-12",
            "price": "50.50",
            "revenue": 45678
        },
        "2010-01": {
            "month": "2010-01",
            "price": "48.19",
            "revenue": 44104
        },
        "2010-02": {
            "month": "2010-02",
            "price": "40.44",
            "revenue": 35687
        },
        "2010-03": {
            "month": "2010-03",
            "price": "43.64",
            "revenue": 37087
        },
        "2010-04": {
            "month": "2010-04",
            "price": "46.74",
            "revenue": 46319
        },
        "2010-05": {
            "month": "2010-05",
            "price": "42.01",
            "revenue": 40569
        },
        "2010-06": {
            "month": "2010-06",
            "price": "41.71",
            "revenue": 37382
        },
        "2010-07": {
            "month": "2010-07",
            "price": "43.59",
            "revenue": 38014
        },
        "2010-08": {
            "month": "2010-08",
            "price": "42.94",
            "revenue": 38738
        },
        "2010-09": {
            "month": "2010-09",
            "price": "44.76",
            "revenue": 39643
        },
        "2010-10": {
            "month": "2010-10",
            "price": "49.05",
            "revenue": 47966
        },
        "2010-11": {
            "month": "2010-11",
            "price": "44.65",
            "revenue": 48034
        },
        "2010-12": {
            "month": "2010-12",
            "price": "43.71",
            "revenue": 58421
        },
        "2011-01": {
            "month": "2011-01",
            "price": "41.69",
            "revenue": 86748
        },
        "2011-02": {
            "month": "2011-02",
            "price": "46.09",
            "revenue": 39042
        },
        "2011-03": {
            "month": "2011-03",
            "price": "46.83",
            "revenue": 65998
        },
        "2011-04": {
            "month": "2011-04",
            "price": "46.56",
            "revenue": 49838
        },
        "2011-05": {
            "month": "2011-05",
            "price": "47.93",
            "revenue": 39123
        },
        "2011-06": {
            "month": "2011-06",
            "price": "45.24",
            "revenue": 39050
        },
        "2011-07": {
            "month": "2011-07",
            "price": "45.68",
            "revenue": 34770
        },
        "2011-08": {
            "month": "2011-08",
            "price": "42.02",
            "revenue": 38387
        },
        "2011-09": {
            "month": "2011-09",
            "price": "36.60",
            "revenue": 40637
        },
        "2011-10": {
            "month": "2011-10",
            "price": "32.93",
            "revenue": 42045
        },
        "2011-11": {
            "month": "2011-11",
            "price": "31.23",
            "revenue": 42158
        },
        "2011-12": {
            "month": "2011-12",
            "price": "27.11",
            "revenue": 63132
        },
        "2012-01": {
            "month": "2012-01",
            "price": "30.90",
            "revenue": 67869
        },
        "2012-02": {
            "month": "2012-02",
            "price": "36.33",
            "revenue": 36128
        },
        "2012-03": {
            "month": "2012-03",
            "price": "41.92",
            "revenue": 48686
        },
        "2012-04": {
            "month": "2012-04",
            "price": "39.68",
            "revenue": 44500
        },
        "2012-05": {
            "month": "2012-05",
            "price": "35.64",
            "revenue": 46443
        },
        "2012-06": {
            "month": "2012-06",
            "price": "32.96",
            "revenue": 39442
        },
        "2012-07": {
            "month": "2012-07",
            "price": "35.73",
            "revenue": 43443
        },
        "2012-08": {
            "month": "2012-08",
            "price": "35.70",
            "revenue": 42087
        },
        "2012-09": {
            "month": "2012-09",
            "price": "34.43",
            "revenue": 43064
        },
        "2012-10": {
            "month": "2012-10",
            "price": "36.50",
            "revenue": 50315
        },
        "2012-11": {
            "month": "2012-11",
            "price": "32.43",
            "revenue": 71941
        },
        "2012-12": {
            "month": "2012-12",
            "price": "35.96",
            "revenue": 90836
        },
        "2013-01": {
            "month": "2013-01",
            "price": "38.61",
            "revenue": 74641
        },
        "2013-02": {
            "month": "2013-02",
            "price": "42.27",
            "revenue": 36827
        },
        "2013-03": {
            "month": "2013-03",
            "price": "42.32",
            "revenue": 57442
        },
        "2013-04": {
            "month": "2013-04",
            "price": "40.28",
            "revenue": 64160
        },
        "2013-05": {
            "month": "2013-05",
            "price": "40.20",
            "revenue": 55515
        },
        "2013-06": {
            "month": "2013-06",
            "price": "43.31",
            "revenue": 51093
        },
        "2013-07": {
            "month": "2013-07",
            "price": "44.20",
            "revenue": 60937
        },
        "2013-08": {
            "month": "2013-08",
            "price": "45.92",
            "revenue": 58092
        },
        "2013-09": {
            "month": "2013-09",
            "price": "58.15",
            "revenue": 55614
        },
        "2013-10": {
            "month": "2013-10",
            "price": "68.23",
            "revenue": 77846
        },
        "2013-11": {
            "month": "2013-11",
            "price": "62.73",
            "revenue": 72190
        },
        "2013-12": {
            "month": "2013-12",
            "price": "62.70",
            "revenue": 73466
        },
        "2014-01": {
            "month": "2014-01",
            "price": "60.43",
            "revenue": 94356
        },
        "2014-02": {
            "month": "2014-02",
            "price": "63.13",
            "revenue": 42841
        },
        "2014-03": {
            "month": "2014-03",
            "price": "71.68",
            "revenue": 65823
        },
        "2014-04": {
            "month": "2014-04",
            "price": "69.55",
            "revenue": 75902
        },
        "2014-05": {
            "month": "2014-05",
            "price": "88.42",
            "revenue": 78694
        },
        "2014-06": {
            "month": "2014-06",
            "price": "106.37",
            "revenue": 66889
        },
        "2014-07": {
            "month": "2014-07",
            "price": "129.77",
            "revenue": 86981
        },
        "2014-08": {
            "month": "2014-08",
            "price": "105.00",
            "revenue": 76952
        },
        "2014-09": {
            "month": "2014-09",
            "price": "102.33",
            "revenue": 60825
        },
        "2014-10": {
            "month": "2014-10",
            "price": "95.32",
            "revenue": 77146
        },
        "2014-11": {
            "month": "2014-11",
            "price": "94.34",
            "revenue": 78793
        },
        "2014-12": {
            "month": "2014-12",
            "price": "110.52",
            "revenue": 98252
        },
        "2015-01": {
            "month": "2015-01",
            "price": "93.25",
            "revenue": 95014
        },
        "2015-02": {
            "month": "2015-02",
            "price": "85.52",
            "revenue": 79325
        },
        "2015-03": {
            "month": "2015-03",
            "price": "88.87",
            "revenue": 74879
        },
        "2015-04": {
            "month": "2015-04",
            "price": "89.12",
            "revenue": 98123
        },
        "2015-05": {
            "month": "2015-05",
            "price": "79.52",
            "revenue": 102189
        },
        "2015-06": {
            "month": "2015-06",
            "price": "70.59",
            "revenue": 86536
        },
        "2015-07": {
            "month": "2015-07",
            "price": "70.00",
            "revenue": 91908
        },
        "2015-08": {
            "month": "2015-08",
            "price": "63.98",
            "revenue": 1048103
        },
        "2015-09": {
            "month": "2015-09",
            "price": "65.77",
            "revenue": 1106383
        },
        "2015-10": {
            "month": "2015-10",
            "price": "68.63",
            "revenue": 919925
        },
        "2015-11": {
            "month": "2015-11",
            "price": "71.96",
            "revenue": 1224627
        },
        "2015-12": {
            "month": "2015-12",
            "price": "75.45",
            "revenue": 1179983
        },
        "2016-01": {
            "month": "2016-01",
            "price": "66.01",
            "revenue": 1314963
        },
        "2016-02": {
            "month": "2016-02",
            "price": "67.71",
            "revenue": 976365
        },
        "2016-03": {
            "month": "2016-03",
            "price": "69.75",
            "revenue": 998982
        },
        "2016-04": {
            "month": "2016-04",
            "price": "70.95",
            "revenue": 1231579
        },
        "2016-05": {
            "month": "2016-05",
            "price": "67.21",
            "revenue": 1125284
        },
        "2016-06": {
            "month": "2016-06",
            "price": "66.76",
            "revenue": 1437748
        },
        "2016-07": {
            "month": "2016-07",
            "price": "68.44",
            "revenue": 1151065
        },
        "2016-08": {
            "month": "2016-08",
            "price": "68.14",
            "revenue": 950397
        },
        "2016-09": {
            "month": "2016-09",
            "price": "68.13",
            "revenue": 1460608
        },
        "2016-10": {
            "month": "2016-10",
            "price": "66.92",
            "revenue": 1150561
        },
        "2016-11": {
            "month": "2016-11",
            "price": "61.55",
            "revenue": 1398570
        },
        "2016-12": {
            "month": "2016-12",
            "price": "60.75",
            "revenue": 1749082
        },
        "2017-01": {
            "month": "2017-01",
            "price": "61.06",
            "revenue": 1174344
        },
        "2017-02": {
            "month": "2017-02",
            "price": "62.12",
            "revenue": 1122317
        },
        "2017-03": {
            "month": "2017-03",
            "price": "62.60",
            "revenue": 1529886
        },
        "2017-04": {
            "month": "2017-04",
            "price": "58.27",
            "revenue": 1438214
        },
        "2017-05": {
            "month": "2017-05",
            "price": "57.12",
            "revenue": 1332256
        },
        "2017-06": {
            "month": "2017-06",
            "price": "60.21",
            "revenue": 1731268
        },
        "2017-07": {
            "month": "2017-07",
            "price": "58.82",
            "revenue": 1682979
        },
        "2017-08": {
            "month": "2017-08",
            "price": "57.74",
            "revenue": 1453874
        },
        "2017-09": {
            "month": "2017-09",
            "price": "51.67",
            "revenue": 2110414
        },
        "2017-10": {
            "month": "2017-10",
            "price": "48.91",
            "revenue": 1943269
        },
        "2017-11": {
            "month": "2017-11",
            "price": "50.74",
            "revenue": 2202294
        },
        "2017-12": {
            "month": "2017-12",
            "price": "49.61",
            "revenue": 1792398
        },
        "2018-01": {
            "month": "2018-01",
            "price": "49.79",
            "revenue": 2326361
        },
        "2018-02": {
            "month": "2018-02",
            "price": "45.25",
            "revenue": 1499172
        },
        "2018-03": {
            "month": "2018-03",
            "price": "53.36",
            "revenue": 2388596
        },
        "2018-04": {
            "month": "2018-04",
            "price": "64.67",
            "revenue": 1626228
        },
        "2018-05": {
            "month": "2018-05",
            "price": "67.87",
            "revenue": 2423894
        },
        "2018-06": {
            "month": "2018-06",
            "price": "70.05",
            "revenue": 2828713
        },
        "2018-07": {
            "month": "2018-07",
            "price": "84.05",
            "revenue": 1489380
        },
        "2018-08": {
            "month": "2018-08",
            "price": "84.54",
            "revenue": 2313413
        },
        "2018-09": {
            "month": "2018-09",
            "price": "75.14",
            "revenue": 1952723
        },
        "2018-10": {
            "month": "2018-10",
            "price": "62.11",
            "revenue": 2379673
        },
        "2018-11": {
            "month": "2018-11",
            "price": "67.69",
            "revenue": 132891
        },
        "2018-12": {
            "month": "2018-12",
            "price": "70.49",
            "revenue": 132177
        },
        "2019-01": {
            "month": "2019-01",
            "price": "76.47",
            "revenue": 159383
        },
        "2019-02": {
            "month": "2019-02",
            "price": "80.87",
            "revenue": 79396
        },
        "2019-03": {
            "month": "2019-03",
            "price": "87.50",
            "revenue": 121171
        },
        "2019-04": {
            "month": "2019-04",
            "price": "81.16",
            "revenue": 121734
        },
        "2019-05": {
            "month": "2019-05",
            "price": "76.53",
            "revenue": 123353
        },
        "2019-06": {
            "month": "2019-06",
            "price": "76.31",
            "revenue": 106441
        },
        "2019-07": {
            "month": "2019-07",
            "price": "81.36",
            "revenue": 114766
        },
        "2019-08": {
            "month": "2019-08",
            "price": "69.09",
            "revenue": 107873
        },
        "2019-09": {
            "month": "2019-09",
            "price": "60.41",
            "revenue": 124474
        },
        "2019-10": {
            "month": "2019-10",
            "price": "59.46",
            "revenue": 122346
        },
        "2019-11": {
            "month": "2019-11",
            "price": "63.15",
            "revenue": 130373
        },
        "2019-12": {
            "month": "2019-12",
            "price": "59.90",
            "revenue": 126313
        },
        "2020-01": {
            "month": "2020-01",
            "price": "57.87",
            "revenue": 115535
        },
        "2020-02": {
            "month": "2020-02",
            "price": "51.76",
            "revenue": 67763
        },
        "2020-03": {
            "month": "2020-03",
            "price": "43.25",
            "revenue": 123811
        },
        "2020-04": {
            "month": "2020-04",
            "price": "43.41",
            "revenue": 41668
        },
        "2020-05": {
            "month": "2020-05",
            "price": "52.65",
            "revenue": 27877
        },
        "2020-06": {
            "month": "2020-06",
            "price": "74.87",
            "revenue": 34506
        },
        "2020-07": {
            "month": "2020-07",
            "price": "80.27",
            "revenue": 39158
        },
        "2020-08": {
            "month": "2020-08",
            "price": "74.80",
            "revenue": 43065
        },
        "2020-09": {
            "month": "2020-09",
            "price": "74.27",
            "revenue": 51560
        },
        "2020-10": {
            "month": "2020-10",
            "price": "66.94",
            "revenue": 56853
        },
        "2020-11": {
            "month": "2020-11",
            "price": "66.73",
            "revenue": 55365
        },
        "2020-12": {
            "month": "2020-12",
            "price": "68.35",
            "revenue": 59378
        },
        "2021-01": {
            "month": "2021-01",
            "price": "64.80",
            "revenue": 78399
        },
        "2021-02": {
            "month": "2021-02",
            "price": "63.94",
            "revenue": 33752
        },
        "2021-03": {
            "month": "2021-03",
            "price": "68.20",
            "revenue": 45573
        },
        "2021-04": {
            "month": "2021-04",
            "price": "68.33",
            "revenue": 50046
        },
        "2021-05": {
            "month": "2021-05",
            "price": "65.98",
            "revenue": 47471
        },
        "2021-06": {
            "month": "2021-06",
            "price": "70.24",
            "revenue": 34868
        },
        "2021-07": {
            "month": "2021-07",
            "price": "68.34",
            "revenue": 30487
        },
        "2021-08": {
            "month": "2021-08",
            "price": "69.48",
            "revenue": 27436
        },
        "2021-09": {
            "month": "2021-09",
            "price": "66.12",
            "revenue": 30786
        },
        "2021-10": {
            "month": "2021-10",
            "price": "59.05",
            "revenue": 35684
        },
        "2021-11": {
            "month": "2021-11",
            "price": "63.54",
            "revenue": 44227
        },
        "2021-12": {
            "month": "2021-12",
            "price": "61.43",
            "revenue": 41847
        },
        "2022-01": {
            "month": "2022-01",
            "price": "58.84",
            "revenue": 67659
        },
        "2022-02": {
            "month": "2022-02",
            "price": "60.30",
            "revenue": 29357
        },
        "2022-03": {
            "month": "2022-03",
            "price": "59.78",
            "revenue": 55468
        },
        "2022-04": {
            "month": "2022-04",
            "price": "63.52",
            "revenue": 64348
        },
        "2022-05": {
            "month": "2022-05",
            "price": "59.55",
            "revenue": 80745
        },
        "2022-06": {
            "month": "2022-06",
            "price": "59.86",
            "revenue": 59528
        },
        "2022-07": {
            "month": "2022-07",
            "price": "57.96",
            "revenue": 47568
        },
        "2022-08": {
            "month": "2022-08",
            "price": "59.99",
            "revenue": 55022
        },
        "2022-09": {
            "month": "2022-09",
            "price": "52.26",
            "revenue": 69332
        },
        "2022-10": {
            "month": "2022-10",
            "price": "45.24",
            "revenue": 85895
        },
        "2022-11": {
            "month": "2022-11",
            "price": "43.91",
            "revenue": 82466
        },
        "2022-12": {
            "month": "2022-12",
            "price": "47.08",
            "revenue": 70334
        },
        "2023-01": {
            "month": "2023-01",
            "price": "46.19",
            "revenue": 109777
        },
        "2023-02": {
            "month": "2023-02",
            "price": "47.82",
            "revenue": 122598
        },
        "2023-03": {
            "month": "2023-03",
            "price": "46.31",
            "revenue": 103986
        },
        "2023-04": {
            "month": "2023-04",
            "price": "49.05",
            "revenue": 96907
        }
    }
}
