{
    "summary": {
        "stock_name": "太醫",
        "stock_id": "4126",
        "category": "生技醫療",
        "main_business": "各種醫療器材製造、加工、買賣。<br>醫療氣體用儀器、儀表、設備之製造、按裝、施工及買賣。<br>醫療用中央氣體工程及其他系統設計、維修保養、承裝工程。",
        "website_url": "http://www.pahsco.com.tw",
        "ceo": "江孟洸",
        "pe_ratio": 14,
        "report_year_from": 2001,
        "report_year_to": 2023,
        "age": 22,
        "eps_negative_percentage": 5,
        "eps_growth_avg": {
            "last_all": 2.05,
            "last_2y": -11.28,
            "last_4y": 11.45,
            "last_8y": 3.59,
            "last_12y": 0.88,
            "last_16y": 3.46,
            "last_20y": null,
            "at_2006_last_3y": null,
            "at_2007_last_3y": 30.07,
            "at_2008_last_3y": 19.38,
            "at_2009_last_3y": 11.18,
            "at_2010_last_3y": -18.42,
            "at_2011_last_3y": -34.54,
            "at_2012_last_3y": -40.63,
            "at_2013_last_3y": -7.23,
            "at_2014_last_3y": -5.06,
            "at_2015_last_3y": -0.73,
            "at_2016_last_3y": 0.97,
            "at_2017_last_3y": -6.24,
            "at_2018_last_3y": -8.83,
            "at_2019_last_3y": 14.25,
            "at_2020_last_3y": 7.74,
            "at_2021_last_3y": 17.84,
            "at_2022_last_3y": 16.54,
            "at_2023_last_3y": 16.54,
            "at_2006_last_all": 27.19,
            "at_2007_last_all": 30.07,
            "at_2008_last_all": 25.26,
            "at_2009_last_all": 4.38,
            "at_2010_last_all": 4.38,
            "at_2011_last_all": 2.38,
            "at_2012_last_all": 0.55,
            "at_2013_last_all": 0.51,
            "at_2014_last_all": 0.6,
            "at_2015_last_all": 1.25,
            "at_2016_last_all": 0.69,
            "at_2017_last_all": -1.56,
            "at_2018_last_all": -2.09,
            "at_2019_last_all": 4.72,
            "at_2020_last_all": 2.45,
            "at_2021_last_all": 3,
            "at_2022_last_all": 2.05,
            "at_2023_last_all": 2.05
        },
        "latest_eps": 6.07,
        "latest_price": 84.3,
        "latest_roe": 17.18,
        "latest_gross_margin": 31.97,
        "latest_equity": 2635839,
        "latest_revenue": 593392,
        "latest_gross_profit": 189729,
        "latest_net_income": 110498,
        "latest_debt_ratio": 31.3,
        "latest_current_ratio": 202.25,
        "latest_account_receivable_turnover_ratio": 2.62,
        "latest_inventory_turnover_ratio": 1.19,
        "latest_reinvestment_rate": -39.98,
        "latest_research_to_sale_ratio": 1.9
    },
    "eps_dividends": {
        "2001": {
            "cash": 0,
            "stock": 0,
            "eps": 0
        },
        "2002": {
            "cash": 0,
            "stock": 0,
            "eps": 0
        },
        "2003": {
            "cash": 0,
            "stock": 0.5,
            "eps": 1.64
        },
        "2004": {
            "cash": 0,
            "stock": 1.3,
            "eps": 2.44
        },
        "2005": {
            "cash": 1.3,
            "stock": 19.97,
            "eps": 0.8
        },
        "2006": {
            "cash": 0.42,
            "stock": 0,
            "eps": 2.04
        },
        "2007": {
            "cash": 1.5,
            "stock": 0,
            "eps": 2.83
        },
        "2008": {
            "cash": 0.8,
            "stock": 1.22,
            "eps": 3
        },
        "2009": {
            "cash": 1.45,
            "stock": 0.68,
            "eps": -0.32
        },
        "2010": {
            "cash": 0,
            "stock": 0.99,
            "eps": 6.13
        },
        "2011": {
            "cash": 3,
            "stock": 1.12,
            "eps": 5.54
        },
        "2012": {
            "cash": 3,
            "stock": 1,
            "eps": 4.86
        },
        "2013": {
            "cash": 4,
            "stock": 0,
            "eps": 4.87
        },
        "2014": {
            "cash": 2.5,
            "stock": 0,
            "eps": 4.94
        },
        "2015": {
            "cash": 2.5,
            "stock": 0,
            "eps": 5.32
        },
        "2016": {
            "cash": 2.5,
            "stock": 0,
            "eps": 5.03
        },
        "2017": {
            "cash": 2.5,
            "stock": 0,
            "eps": 3.59
        },
        "2018": {
            "cash": 2.5,
            "stock": 0,
            "eps": 3.27
        },
        "2019": {
            "cash": 3.2,
            "stock": 0,
            "eps": 6.95
        },
        "2020": {
            "cash": 4,
            "stock": 1,
            "eps": 4.76
        },
        "2021": {
            "cash": 4.2,
            "stock": 0,
            "eps": 5.32
        },
        "2022": {
            "cash": 4.5,
            "stock": 0,
            "eps": 4.57
        },
        "2023": {
            "cash": 4.2,
            "stock": 0,
            "eps": 3.08
        }
    },
    "dividends": {
        "2003-06-23": {
            "cash": 0,
            "stock": 0.5
        },
        "2004-06-16": {
            "cash": 0,
            "stock": 1.3
        },
        "2005-03-03": {
            "cash": 1.3,
            "stock": 19.97
        },
        "2006-03-10": {
            "cash": 0.42,
            "stock": 0
        },
        "2007-03-21": {
            "cash": 1.5,
            "stock": 0
        },
        "2008-03-14": {
            "cash": 0.8,
            "stock": 1.22
        },
        "2009-03-10": {
            "cash": 1.45,
            "stock": 0.68
        },
        "2010-03-10": {
            "cash": 0,
            "stock": 0.99
        },
        "2011-02-16": {
            "cash": 3,
            "stock": 1.12
        },
        "2012-05-30": {
            "cash": 3,
            "stock": 1
        },
        "2013-06-11": {
            "cash": 4,
            "stock": 0
        },
        "2014-06-11": {
            "cash": 2.5,
            "stock": 0
        },
        "2015-07-15": {
            "cash": 2.5,
            "stock": 0
        },
        "2016-07-25": {
            "cash": 2.5,
            "stock": 0
        },
        "2017-07-25": {
            "cash": 2.5,
            "stock": 0
        },
        "2018-07-25": {
            "cash": 2.5,
            "stock": 0
        },
        "2019-07-25": {
            "cash": 3.2,
            "stock": 0
        },
        "2020-09-08": {
            "cash": 4,
            "stock": 1
        },
        "2021-10-29": {
            "cash": 4.2,
            "stock": 0
        },
        "2022-07-29": {
            "cash": 4.5,
            "stock": 0
        },
        "2023-08-08": {
            "cash": 4.2,
            "stock": 0
        }
    },
    "prices": {
        "200101": "無",
        "200102": "無",
        "200103": "無",
        "200104": "無",
        "200105": "無",
        "200106": "無",
        "200107": "無",
        "200108": "無",
        "200109": "無",
        "200110": "無",
        "200111": "無",
        "200112": "無",
        "200201": "無",
        "200202": "無",
        "200203": "無",
        "200204": "無",
        "200205": "無",
        "200206": "無",
        "200207": "無",
        "200208": "無",
        "200209": "無",
        "200210": "無",
        "200211": "無",
        "200212": "無",
        "200301": "無",
        "200302": "無",
        "200303": "無",
        "200304": "無",
        "200305": "無",
        "200306": "無",
        "200307": "無",
        "200308": "無",
        "200309": "無",
        "200310": "27.50",
        "200311": "無",
        "200312": "31.10",
        "200401": "32.93",
        "200402": "35.06",
        "200403": "37.93",
        "200404": "34.15",
        "200405": "25.83",
        "200406": "25.05",
        "200407": "22.15",
        "200408": "19.04",
        "200409": "20.06",
        "200410": "18.78",
        "200411": "17.69",
        "200412": "17.22",
        "200501": "19.59",
        "200502": "23.64",
        "200503": "21.41",
        "200504": "18.18",
        "200505": "16.45",
        "200506": "16.93",
        "200507": "17.16",
        "200508": "13.99",
        "200509": "12.02",
        "200510": "13.22",
        "200511": "13.08",
        "200512": "12.15",
        "200601": "12.37",
        "200602": "12.12",
        "200603": "11.94",
        "200604": "12.27",
        "200605": "13.82",
        "200606": "16.39",
        "200607": "16.96",
        "200608": "18.51",
        "200609": "18.26",
        "200610": "19.02",
        "200611": "19.03",
        "200612": "19.72",
        "200701": "21.66",
        "200702": "23.72",
        "200703": "25.63",
        "200704": "30.54",
        "200705": "32.54",
        "200706": "35.02",
        "200707": "46.04",
        "200708": "40.29",
        "200709": "39.88",
        "200710": "34.13",
        "200711": "27.70",
        "200712": "26.87",
        "200801": "25.85",
        "200802": "27.31",
        "200803": "29.09",
        "200804": "32.96",
        "200805": "35.16",
        "200806": "29.51",
        "200807": "27.45",
        "200808": "27.07",
        "200809": "24.16",
        "200810": "20.76",
        "200811": "22.46",
        "200812": "26.39",
        "200901": "30.73",
        "200902": "31.61",
        "200903": "35.92",
        "200904": "43.80",
        "200905": "44.27",
        "200906": "48.86",
        "200907": "61.26",
        "200908": "64.91",
        "200909": "71.45",
        "200910": "73.14",
        "200911": "79.95",
        "200912": "78.10",
        "201001": "76.94",
        "201002": "74.63",
        "201003": "79.11",
        "201004": "81.33",
        "201005": "73.30",
        "201006": "72.95",
        "201007": "74.34",
        "201008": "84.13",
        "201009": "95.21",
        "201010": "127.95",
        "201011": "123.91",
        "201012": "128.48",
        "201101": "118.02",
        "201102": "111.54",
        "201103": "118.61",
        "201104": "122.97",
        "201105": "125.17",
        "201106": "120.83",
        "201107": "115.17",
        "201108": "104.67",
        "201109": "98.53",
        "201110": "96.51",
        "201111": "93.75",
        "201112": "79.42",
        "201201": "76.12",
        "201202": "89.04",
        "201203": "91.40",
        "201204": "88.43",
        "201205": "88.69",
        "201206": "86.38",
        "201207": "81.49",
        "201208": "80.41",
        "201209": "84.66",
        "201210": "86.43",
        "201211": "86.00",
        "201212": "84.06",
        "201301": "82.49",
        "201302": "86.28",
        "201303": "88.33",
        "201304": "97.28",
        "201305": "99.61",
        "201306": "104.03",
        "201307": "101.52",
        "201308": "105.64",
        "201309": "101.92",
        "201310": "104.23",
        "201311": "106.62",
        "201312": "102.95",
        "201401": "94.12",
        "201402": "90.80",
        "201403": "85.97",
        "201404": "79.84",
        "201405": "78.03",
        "201406": "78.52",
        "201407": "77.61",
        "201408": "70.03",
        "201409": "68.40",
        "201410": "65.12",
        "201411": "64.80",
        "201412": "69.69",
        "201501": "69.58",
        "201502": "69.61",
        "201503": "71.08",
        "201504": "68.04",
        "201505": "64.86",
        "201506": "62.54",
        "201507": "59.98",
        "201508": "53.49",
        "201509": "60.28",
        "201510": "64.66",
        "201511": "74.34",
        "201512": "76.77",
        "201601": "79.61",
        "201602": "87.48",
        "201603": "84.90",
        "201604": "92.83",
        "201605": "105.34",
        "201606": "117.05",
        "201607": "106.38",
        "201608": "97.88",
        "201609": "96.52",
        "201610": "94.59",
        "201611": "81.86",
        "201612": "82.86",
        "201701": "81.24",
        "201702": "82.39",
        "201703": "81.90",
        "201704": "78.57",
        "201705": "78.48",
        "201706": "80.04",
        "201707": "78.10",
        "201708": "73.86",
        "201709": "72.65",
        "201710": "74.22",
        "201711": "81.43",
        "201712": "83.27",
        "201801": "79.94",
        "201802": "78.68",
        "201803": "75.98",
        "201804": "75.07",
        "201805": "74.46",
        "201806": "73.00",
        "201807": "64.04",
        "201808": "68.03",
        "201809": "70.12",
        "201810": "67.70",
        "201811": "69.10",
        "201812": "69.01",
        "201901": "73.92",
        "201902": "78.38",
        "201903": "76.01",
        "201904": "73.16",
        "201905": "77.63",
        "201906": "78.69",
        "201907": "82.44",
        "201908": "81.69",
        "201909": "85.35",
        "201910": "83.55",
        "201911": "80.22",
        "201912": "75.21",
        "202001": "74.35",
        "202002": "74.56",
        "202003": "70.38",
        "202004": "79.42",
        "202005": "78.73",
        "202006": "84.97",
        "202007": "88.48",
        "202008": "77.67",
        "202009": "71.62",
        "202010": "70.98",
        "202011": "69.65",
        "202012": "70.15",
        "202101": "67.87",
        "202102": "67.45",
        "202103": "72.06",
        "202104": "73.78",
        "202105": "72.38",
        "202106": "71.98",
        "202107": "71.17",
        "202108": "70.62",
        "202109": "73.57",
        "202110": "67.42",
        "202111": "71.43",
        "202112": "74.05",
        "202201": "75.51",
        "202202": "73.37",
        "202203": "72.29",
        "202204": "72.34",
        "202205": "70.56",
        "202206": "70.71",
        "202207": "65.99",
        "202208": "67.93",
        "202209": "68.70",
        "202210": "66.37",
        "202211": "68.62",
        "202212": "74.44",
        "202301": "73.12",
        "202302": "75.22",
        "202303": "82.65",
        "202304": "84.55",
        "202305": "87.35",
        "202306": "88.30",
        "202307": "88.85",
        "202308": "81.99",
        "202309": "82.67",
        "202310": "83.38"
    },
    "quarters": {
        "20011": {
            "year_quarter": 20011,
            "year": 2001,
            "quarter": 1,
            "eps": null,
            "eps_growth_year": null,
            "eps_4q": null,
            "eps_4q_growth_year": null,
            "roe": null,
            "roe_4q": 0,
            "gross_profit": null,
            "gross_margin": null,
            "gross_margin_4q_avg": 0,
            "net_income": null,
            "net_income_4q": null,
            "revenue": null,
            "revenue_4q": null,
            "common_shares": null,
            "book_valuer_per_share": null,
            "book_valuer_per_share_4q_avg": 0,
            "equity": null,
            "current_ratio": null,
            "debt_ratio": null,
            "inventory_turnover_ratio": null,
            "account_receivable_turnover_ratio": null,
            "reinvestment_rate": null,
            "research_to_sale_ratio": null,
            "price_fair": 0,
            "eps_avg_yearly": 0,
            "eps_latest_yearly": 0,
            "eps_growth_yearly": 0
        },
        "20012": {
            "year_quarter": 20012,
            "year": 2001,
            "quarter": 2,
            "eps": null,
            "eps_growth_year": null,
            "eps_4q": null,
            "eps_4q_growth_year": null,
            "roe": null,
            "roe_4q": 0,
            "gross_profit": null,
            "gross_margin": null,
            "gross_margin_4q_avg": 0,
            "net_income": null,
            "net_income_4q": null,
            "revenue": null,
            "revenue_4q": null,
            "common_shares": null,
            "book_valuer_per_share": null,
            "book_valuer_per_share_4q_avg": 0,
            "equity": null,
            "current_ratio": null,
            "debt_ratio": null,
            "inventory_turnover_ratio": null,
            "account_receivable_turnover_ratio": null,
            "reinvestment_rate": null,
            "research_to_sale_ratio": null,
            "price_fair": 0,
            "eps_avg_yearly": 0,
            "eps_latest_yearly": 0,
            "eps_growth_yearly": 0
        },
        "20013": {
            "year_quarter": 20013,
            "year": 2001,
            "quarter": 3,
            "eps": null,
            "eps_growth_year": null,
            "eps_4q": null,
            "eps_4q_growth_year": null,
            "roe": null,
            "roe_4q": 0,
            "gross_profit": null,
            "gross_margin": null,
            "gross_margin_4q_avg": 0,
            "net_income": null,
            "net_income_4q": null,
            "revenue": null,
            "revenue_4q": null,
            "common_shares": null,
            "book_valuer_per_share": null,
            "book_valuer_per_share_4q_avg": 0,
            "equity": null,
            "current_ratio": null,
            "debt_ratio": null,
            "inventory_turnover_ratio": null,
            "account_receivable_turnover_ratio": null,
            "reinvestment_rate": null,
            "research_to_sale_ratio": null,
            "price_fair": 0,
            "eps_avg_yearly": 0,
            "eps_latest_yearly": 0,
            "eps_growth_yearly": 0
        },
        "20014": {
            "year_quarter": 20014,
            "year": 2001,
            "quarter": 4,
            "eps": null,
            "eps_growth_year": null,
            "eps_4q": null,
            "eps_4q_growth_year": null,
            "roe": null,
            "roe_4q": 0,
            "gross_profit": null,
            "gross_margin": null,
            "gross_margin_4q_avg": 0,
            "net_income": null,
            "net_income_4q": null,
            "revenue": null,
            "revenue_4q": null,
            "common_shares": 192000,
            "book_valuer_per_share": 11.15,
            "book_valuer_per_share_4q_avg": 2.79,
            "equity": 214045,
            "current_ratio": 127.72,
            "debt_ratio": 49.29,
            "inventory_turnover_ratio": null,
            "account_receivable_turnover_ratio": null,
            "reinvestment_rate": null,
            "research_to_sale_ratio": null,
            "price_fair": 0,
            "eps_avg_yearly": 0,
            "eps_latest_yearly": 0,
            "eps_growth_yearly": 0
        },
        "20021": {
            "year_quarter": 20021,
            "year": 2002,
            "quarter": 1,
            "eps": null,
            "eps_growth_year": null,
            "eps_4q": null,
            "eps_4q_growth_year": null,
            "roe": null,
            "roe_4q": 0,
            "gross_profit": null,
            "gross_margin": null,
            "gross_margin_4q_avg": 0,
            "net_income": null,
            "net_income_4q": null,
            "revenue": null,
            "revenue_4q": null,
            "common_shares": null,
            "book_valuer_per_share": null,
            "book_valuer_per_share_4q_avg": 2.79,
            "equity": null,
            "current_ratio": null,
            "debt_ratio": null,
            "inventory_turnover_ratio": null,
            "account_receivable_turnover_ratio": null,
            "reinvestment_rate": null,
            "research_to_sale_ratio": null,
            "price_fair": 0,
            "eps_avg_yearly": 0,
            "eps_latest_yearly": 0,
            "eps_growth_yearly": 0
        },
        "20022": {
            "year_quarter": 20022,
            "year": 2002,
            "quarter": 2,
            "eps": null,
            "eps_growth_year": null,
            "eps_4q": null,
            "eps_4q_growth_year": null,
            "roe": null,
            "roe_4q": 0,
            "gross_profit": null,
            "gross_margin": null,
            "gross_margin_4q_avg": 0,
            "net_income": null,
            "net_income_4q": null,
            "revenue": null,
            "revenue_4q": null,
            "common_shares": null,
            "book_valuer_per_share": null,
            "book_valuer_per_share_4q_avg": 2.79,
            "equity": null,
            "current_ratio": null,
            "debt_ratio": null,
            "inventory_turnover_ratio": null,
            "account_receivable_turnover_ratio": null,
            "reinvestment_rate": null,
            "research_to_sale_ratio": null,
            "price_fair": 0,
            "eps_avg_yearly": 0,
            "eps_latest_yearly": 0,
            "eps_growth_yearly": 0
        },
        "20023": {
            "year_quarter": 20023,
            "year": 2002,
            "quarter": 3,
            "eps": null,
            "eps_growth_year": null,
            "eps_4q": null,
            "eps_4q_growth_year": null,
            "roe": null,
            "roe_4q": 0,
            "gross_profit": null,
            "gross_margin": null,
            "gross_margin_4q_avg": 0,
            "net_income": null,
            "net_income_4q": null,
            "revenue": null,
            "revenue_4q": null,
            "common_shares": null,
            "book_valuer_per_share": null,
            "book_valuer_per_share_4q_avg": 2.79,
            "equity": null,
            "current_ratio": null,
            "debt_ratio": null,
            "inventory_turnover_ratio": null,
            "account_receivable_turnover_ratio": null,
            "reinvestment_rate": null,
            "research_to_sale_ratio": null,
            "price_fair": 0,
            "eps_avg_yearly": 0,
            "eps_latest_yearly": 0,
            "eps_growth_yearly": 0
        },
        "20024": {
            "year_quarter": 20024,
            "year": 2002,
            "quarter": 4,
            "eps": null,
            "eps_growth_year": null,
            "eps_4q": null,
            "eps_4q_growth_year": null,
            "roe": null,
            "roe_4q": 0,
            "gross_profit": null,
            "gross_margin": null,
            "gross_margin_4q_avg": 0,
            "net_income": null,
            "net_income_4q": null,
            "revenue": null,
            "revenue_4q": null,
            "common_shares": 230000,
            "book_valuer_per_share": 11.52,
            "book_valuer_per_share_4q_avg": 2.88,
            "equity": 265016,
            "current_ratio": 172.56,
            "debt_ratio": 38.53,
            "inventory_turnover_ratio": null,
            "account_receivable_turnover_ratio": null,
            "reinvestment_rate": null,
            "research_to_sale_ratio": null,
            "price_fair": 0,
            "eps_avg_yearly": 0,
            "eps_latest_yearly": 0,
            "eps_growth_yearly": 0
        },
        "20031": {
            "year_quarter": 20031,
            "year": 2003,
            "quarter": 1,
            "eps": 0.4,
            "eps_growth_year": null,
            "eps_4q": null,
            "eps_4q_growth_year": null,
            "roe": 3.39,
            "roe_4q": 3.39,
            "gross_profit": 29657,
            "gross_margin": 29.68,
            "gross_margin_4q_avg": 7.42,
            "net_income": 9142,
            "net_income_4q": null,
            "revenue": 99929,
            "revenue_4q": null,
            "common_shares": 230000,
            "book_valuer_per_share": 11.92,
            "book_valuer_per_share_4q_avg": 5.86,
            "equity": 274158,
            "current_ratio": 169.51,
            "debt_ratio": 40.63,
            "inventory_turnover_ratio": 0.72,
            "account_receivable_turnover_ratio": null,
            "reinvestment_rate": null,
            "research_to_sale_ratio": null,
            "price_fair": 0,
            "eps_avg_yearly": 0,
            "eps_latest_yearly": 0,
            "eps_growth_yearly": 0
        },
        "20032": {
            "year_quarter": 20032,
            "year": 2003,
            "quarter": 2,
            "eps": 0.44,
            "eps_growth_year": null,
            "eps_4q": null,
            "eps_4q_growth_year": null,
            "roe": 3.64,
            "roe_4q": 7.03,
            "gross_profit": 46836,
            "gross_margin": 30.62,
            "gross_margin_4q_avg": 15.08,
            "net_income": 10165,
            "net_income_4q": null,
            "revenue": 152936,
            "revenue_4q": null,
            "common_shares": 230000,
            "book_valuer_per_share": 12.36,
            "book_valuer_per_share_4q_avg": 8.95,
            "equity": 284173,
            "current_ratio": 173.51,
            "debt_ratio": 41.41,
            "inventory_turnover_ratio": 1.05,
            "account_receivable_turnover_ratio": null,
            "reinvestment_rate": null,
            "research_to_sale_ratio": null,
            "price_fair": 61.6,
            "eps_avg_yearly": 1.76,
            "eps_latest_yearly": 1.76,
            "eps_growth_yearly": 40
        },
        "20033": {
            "year_quarter": 20033,
            "year": 2003,
            "quarter": 3,
            "eps": 0.27,
            "eps_growth_year": null,
            "eps_4q": null,
            "eps_4q_growth_year": null,
            "roe": 2.3,
            "roe_4q": 9.33,
            "gross_profit": 28434,
            "gross_margin": 27.08,
            "gross_margin_4q_avg": 21.85,
            "net_income": 6626,
            "net_income_4q": null,
            "revenue": 105008,
            "revenue_4q": null,
            "common_shares": 243500,
            "book_valuer_per_share": 11.94,
            "book_valuer_per_share_4q_avg": 11.94,
            "equity": 290799,
            "current_ratio": 189.21,
            "debt_ratio": 37.46,
            "inventory_turnover_ratio": 0.79,
            "account_receivable_turnover_ratio": null,
            "reinvestment_rate": null,
            "research_to_sale_ratio": null,
            "price_fair": 4.26,
            "eps_avg_yearly": 1.42,
            "eps_latest_yearly": 1.08,
            "eps_growth_yearly": -57.27
        },
        "20034": {
            "year_quarter": 20034,
            "year": 2003,
            "quarter": 4,
            "eps": 0.53,
            "eps_growth_year": null,
            "eps_4q": 1.59,
            "eps_4q_growth_year": null,
            "roe": 4.35,
            "roe_4q": 13.68,
            "gross_profit": 44597,
            "gross_margin": 33.01,
            "gross_margin_4q_avg": 30.1,
            "net_income": 12934,
            "net_income_4q": null,
            "revenue": 135113,
            "revenue_4q": null,
            "common_shares": 243500,
            "book_valuer_per_share": 12.47,
            "book_valuer_per_share_4q_avg": 12.17,
            "equity": 303733,
            "current_ratio": 196.21,
            "debt_ratio": 35.58,
            "inventory_turnover_ratio": 0.92,
            "account_receivable_turnover_ratio": null,
            "reinvestment_rate": null,
            "research_to_sale_ratio": null,
            "price_fair": 57.87,
            "eps_avg_yearly": 1.65,
            "eps_latest_yearly": 2.12,
            "eps_growth_yearly": 90.21
        },
        "20041": {
            "year_quarter": 20041,
            "year": 2004,
            "quarter": 1,
            "eps": 0.59,
            "eps_growth_year": 47.5,
            "eps_4q": 1.8,
            "eps_4q_growth_year": null,
            "roe": 4.65,
            "roe_4q": 14.940000000000001,
            "gross_profit": 44225,
            "gross_margin": 25.91,
            "gross_margin_4q_avg": 29.16,
            "net_income": 14469,
            "net_income_4q": null,
            "revenue": 170665,
            "revenue_4q": null,
            "common_shares": 243500,
            "book_valuer_per_share": 13.07,
            "book_valuer_per_share_4q_avg": 12.46,
            "equity": 318203,
            "current_ratio": 190.79,
            "debt_ratio": 37.79,
            "inventory_turnover_ratio": 1.22,
            "account_receivable_turnover_ratio": null,
            "reinvestment_rate": null,
            "research_to_sale_ratio": null,
            "price_fair": 64.05,
            "eps_avg_yearly": 1.83,
            "eps_latest_yearly": 2.36,
            "eps_growth_yearly": 78.98
        },
        "20042": {
            "year_quarter": 20042,
            "year": 2004,
            "quarter": 2,
            "eps": 0.62,
            "eps_growth_year": 40.91,
            "eps_4q": 2.01,
            "eps_4q_growth_year": null,
            "roe": 4.66,
            "roe_4q": 15.96,
            "gross_profit": 46158,
            "gross_margin": 34.87,
            "gross_margin_4q_avg": 30.22,
            "net_income": 15172,
            "net_income_4q": null,
            "revenue": 132363,
            "revenue_4q": null,
            "common_shares": 243500,
            "book_valuer_per_share": 13.65,
            "book_valuer_per_share_4q_avg": 12.78,
            "equity": 332474,
            "current_ratio": 209.74,
            "debt_ratio": 34.62,
            "inventory_turnover_ratio": 0.77,
            "account_receivable_turnover_ratio": null,
            "reinvestment_rate": null,
            "research_to_sale_ratio": null,
            "price_fair": 68.6,
            "eps_avg_yearly": 1.96,
            "eps_latest_yearly": 2.48,
            "eps_growth_yearly": 67.25
        },
        "20043": {
            "year_quarter": 20043,
            "year": 2004,
            "quarter": 3,
            "eps": 0.72,
            "eps_growth_year": 166.67,
            "eps_4q": 2.24,
            "eps_4q_growth_year": null,
            "roe": 5.81,
            "roe_4q": 19.47,
            "gross_profit": 50926,
            "gross_margin": 33.71,
            "gross_margin_4q_avg": 31.88,
            "net_income": 20127,
            "net_income_4q": null,
            "revenue": 151065,
            "revenue_4q": null,
            "common_shares": 287874,
            "book_valuer_per_share": 12.53,
            "book_valuer_per_share_4q_avg": 12.93,
            "equity": 360675,
            "current_ratio": 336.45,
            "debt_ratio": 49.85,
            "inventory_turnover_ratio": 0.87,
            "account_receivable_turnover_ratio": null,
            "reinvestment_rate": null,
            "research_to_sale_ratio": null,
            "price_fair": 73.97,
            "eps_avg_yearly": 2.11,
            "eps_latest_yearly": 2.88,
            "eps_growth_yearly": 66.8
        },
        "20044": {
            "year_quarter": 20044,
            "year": 2004,
            "quarter": 4,
            "eps": 0.51,
            "eps_growth_year": -3.77,
            "eps_4q": 2.27,
            "eps_4q_growth_year": 42.46,
            "roe": 3.81,
            "roe_4q": 18.93,
            "gross_profit": 48903,
            "gross_margin": 32.12,
            "gross_margin_4q_avg": 31.65,
            "net_income": 14431,
            "net_income_4q": null,
            "revenue": 152263,
            "revenue_4q": null,
            "common_shares": 301315,
            "book_valuer_per_share": 13.17,
            "book_valuer_per_share_4q_avg": 13.11,
            "equity": 396951,
            "current_ratio": 313.54,
            "debt_ratio": 47.39,
            "inventory_turnover_ratio": 0.86,
            "account_receivable_turnover_ratio": null,
            "reinvestment_rate": null,
            "research_to_sale_ratio": null,
            "price_fair": 73.6,
            "eps_avg_yearly": 2.1,
            "eps_latest_yearly": 2.04,
            "eps_growth_yearly": 40.59
        },
        "20051": {
            "year_quarter": 20051,
            "year": 2005,
            "quarter": 1,
            "eps": 0.15,
            "eps_growth_year": -74.58,
            "eps_4q": 1.6,
            "eps_4q_growth_year": -11.36,
            "roe": 1.13,
            "roe_4q": 15.41,
            "gross_profit": 34768,
            "gross_margin": 27.25,
            "gross_margin_4q_avg": 31.99,
            "net_income": 5154,
            "net_income_4q": null,
            "revenue": 127575,
            "revenue_4q": null,
            "common_shares": 374392,
            "book_valuer_per_share": 13.78,
            "book_valuer_per_share_4q_avg": 13.28,
            "equity": 515946,
            "current_ratio": 350.34,
            "debt_ratio": 29.84,
            "inventory_turnover_ratio": 0.75,
            "account_receivable_turnover_ratio": null,
            "reinvestment_rate": null,
            "research_to_sale_ratio": null,
            "price_fair": 19.15,
            "eps_avg_yearly": 1.92,
            "eps_latest_yearly": 0.6,
            "eps_growth_yearly": 0.22
        },
        "20052": {
            "year_quarter": 20052,
            "year": 2005,
            "quarter": 2,
            "eps": 0.21,
            "eps_growth_year": -66.13,
            "eps_4q": 1.33,
            "eps_4q_growth_year": -33.6,
            "roe": 1.51,
            "roe_4q": 12.259999999999998,
            "gross_profit": 30804,
            "gross_margin": 21.77,
            "gross_margin_4q_avg": 28.71,
            "net_income": 7413,
            "net_income_4q": null,
            "revenue": 141514,
            "revenue_4q": null,
            "common_shares": 374892,
            "book_valuer_per_share": 12.45,
            "book_valuer_per_share_4q_avg": 12.98,
            "equity": 466888,
            "current_ratio": 256.1,
            "debt_ratio": 36.06,
            "inventory_turnover_ratio": 0.94,
            "account_receivable_turnover_ratio": null,
            "reinvestment_rate": null,
            "research_to_sale_ratio": null,
            "price_fair": 50.23,
            "eps_avg_yearly": 1.8,
            "eps_latest_yearly": 0.84,
            "eps_growth_yearly": 17.97
        },
        "20053": {
            "year_quarter": 20053,
            "year": 2005,
            "quarter": 3,
            "eps": 0.01,
            "eps_growth_year": -98.61,
            "eps_4q": 0.7,
            "eps_4q_growth_year": -68.72,
            "roe": 0.09,
            "roe_4q": 6.54,
            "gross_profit": 21745,
            "gross_margin": 19.74,
            "gross_margin_4q_avg": 25.22,
            "net_income": 440,
            "net_income_4q": null,
            "revenue": 110170,
            "revenue_4q": null,
            "common_shares": 391059,
            "book_valuer_per_share": 12.17,
            "book_valuer_per_share_4q_avg": 12.89,
            "equity": 476049,
            "current_ratio": 333.15,
            "debt_ratio": 29.58,
            "inventory_turnover_ratio": 0.74,
            "account_receivable_turnover_ratio": null,
            "reinvestment_rate": null,
            "research_to_sale_ratio": null,
            "price_fair": 4.86,
            "eps_avg_yearly": 1.62,
            "eps_latest_yearly": 0.04,
            "eps_growth_yearly": -21.92
        },
        "20054": {
            "year_quarter": 20054,
            "year": 2005,
            "quarter": 4,
            "eps": 0.43,
            "eps_growth_year": -15.69,
            "eps_4q": 0.77,
            "eps_4q_growth_year": -65.89,
            "roe": 3.35,
            "roe_4q": 6.08,
            "gross_profit": 43849,
            "gross_margin": 28.93,
            "gross_margin_4q_avg": 24.42,
            "net_income": 16263,
            "net_income_4q": null,
            "revenue": 151577,
            "revenue_4q": null,
            "common_shares": 393745,
            "book_valuer_per_share": 12.57,
            "book_valuer_per_share_4q_avg": 12.74,
            "equity": 495015,
            "current_ratio": 290,
            "debt_ratio": 31.05,
            "inventory_turnover_ratio": 0.89,
            "account_receivable_turnover_ratio": null,
            "reinvestment_rate": null,
            "research_to_sale_ratio": null,
            "price_fair": 57.02,
            "eps_avg_yearly": 1.63,
            "eps_latest_yearly": 1.72,
            "eps_growth_yearly": 1507.35
        },
        "20061": {
            "year_quarter": 20061,
            "year": 2006,
            "quarter": 1,
            "eps": 0.21,
            "eps_growth_year": 40,
            "eps_4q": 0.84,
            "eps_4q_growth_year": -47.48,
            "roe": 1.64,
            "roe_4q": 6.59,
            "gross_profit": 35998,
            "gross_margin": 27.33,
            "gross_margin_4q_avg": 24.44,
            "net_income": 8053,
            "net_income_4q": null,
            "revenue": 131736,
            "revenue_4q": null,
            "common_shares": 394046,
            "book_valuer_per_share": 12.42,
            "book_valuer_per_share_4q_avg": 12.4,
            "equity": 489223,
            "current_ratio": 257.12,
            "debt_ratio": 32.49,
            "inventory_turnover_ratio": 0.73,
            "account_receivable_turnover_ratio": null,
            "reinvestment_rate": null,
            "research_to_sale_ratio": null,
            "price_fair": 54.72,
            "eps_avg_yearly": 1.56,
            "eps_latest_yearly": 0.84,
            "eps_growth_yearly": 1364.68
        },
        "20062": {
            "year_quarter": 20062,
            "year": 2006,
            "quarter": 2,
            "eps": 0.7,
            "eps_growth_year": 233.33,
            "eps_4q": 1.34,
            "eps_4q_growth_year": 0.47,
            "roe": 5.52,
            "roe_4q": 10.6,
            "gross_profit": 57311,
            "gross_margin": 28.07,
            "gross_margin_4q_avg": 26.02,
            "net_income": 27025,
            "net_income_4q": null,
            "revenue": 204177,
            "revenue_4q": null,
            "common_shares": 376046,
            "book_valuer_per_share": 13.03,
            "book_valuer_per_share_4q_avg": 12.55,
            "equity": 489918,
            "current_ratio": 220.29,
            "debt_ratio": 36.84,
            "inventory_turnover_ratio": 1.01,
            "account_receivable_turnover_ratio": null,
            "reinvestment_rate": null,
            "research_to_sale_ratio": null,
            "price_fair": 58.05,
            "eps_avg_yearly": 1.66,
            "eps_latest_yearly": 2.8,
            "eps_growth_yearly": 1331.5
        },
        "20063": {
            "year_quarter": 20063,
            "year": 2006,
            "quarter": 3,
            "eps": 0.77,
            "eps_growth_year": 7600,
            "eps_4q": 2.1,
            "eps_4q_growth_year": 199.7,
            "roe": 5.68,
            "roe_4q": 16.19,
            "gross_profit": 63168,
            "gross_margin": 26.7,
            "gross_margin_4q_avg": 27.76,
            "net_income": 29661,
            "net_income_4q": null,
            "revenue": 236581,
            "revenue_4q": null,
            "common_shares": 400720,
            "book_valuer_per_share": 13.82,
            "book_valuer_per_share_4q_avg": 12.96,
            "equity": 553736,
            "current_ratio": 243.96,
            "debt_ratio": 30.27,
            "inventory_turnover_ratio": 1.16,
            "account_receivable_turnover_ratio": null,
            "reinvestment_rate": null,
            "research_to_sale_ratio": null,
            "price_fair": 61.6,
            "eps_avg_yearly": 1.76,
            "eps_latest_yearly": 3.08,
            "eps_growth_yearly": 1239.25
        },
        "20064": {
            "year_quarter": 20064,
            "year": 2006,
            "quarter": 4,
            "eps": 0.36,
            "eps_growth_year": -16.28,
            "eps_4q": 2.03,
            "eps_4q_growth_year": 161.96,
            "roe": 2.45,
            "roe_4q": 15.29,
            "gross_profit": 44938,
            "gross_margin": 27,
            "gross_margin_4q_avg": 27.28,
            "net_income": 13978,
            "net_income_4q": null,
            "revenue": 166432,
            "revenue_4q": null,
            "common_shares": 414430,
            "book_valuer_per_share": 14.22,
            "book_valuer_per_share_4q_avg": 13.37,
            "equity": 589149,
            "current_ratio": 249.59,
            "debt_ratio": 27.79,
            "inventory_turnover_ratio": 0.79,
            "account_receivable_turnover_ratio": null,
            "reinvestment_rate": 82.23,
            "research_to_sale_ratio": null,
            "price_fair": 60.85,
            "eps_avg_yearly": 1.74,
            "eps_latest_yearly": 1.44,
            "eps_growth_yearly": 1142.43
        },
        "20071": {
            "year_quarter": 20071,
            "year": 2007,
            "quarter": 1,
            "eps": 0.56,
            "eps_growth_year": 166.67,
            "eps_4q": 2.28,
            "eps_4q_growth_year": 171.5,
            "roe": 3.84,
            "roe_4q": 17.49,
            "gross_profit": 55911,
            "gross_margin": 29.02,
            "gross_margin_4q_avg": 27.7,
            "net_income": 23040,
            "net_income_4q": null,
            "revenue": 192669,
            "revenue_4q": null,
            "common_shares": 414431,
            "book_valuer_per_share": 14.77,
            "book_valuer_per_share_4q_avg": 13.96,
            "equity": 612189,
            "current_ratio": 256.21,
            "debt_ratio": 26.82,
            "inventory_turnover_ratio": 0.86,
            "account_receivable_turnover_ratio": null,
            "reinvestment_rate": 78.87,
            "research_to_sale_ratio": null,
            "price_fair": 61.95,
            "eps_avg_yearly": 1.77,
            "eps_latest_yearly": 2.24,
            "eps_growth_yearly": 1084.92
        },
        "20072": {
            "year_quarter": 20072,
            "year": 2007,
            "quarter": 2,
            "eps": 0.55,
            "eps_growth_year": -21.43,
            "eps_4q": 2.15,
            "eps_4q_growth_year": 60.12,
            "roe": 3.9,
            "roe_4q": 15.870000000000001,
            "gross_profit": 60117,
            "gross_margin": 27.54,
            "gross_margin_4q_avg": 27.57,
            "net_income": 22955,
            "net_income_4q": null,
            "revenue": 218285,
            "revenue_4q": null,
            "common_shares": 415751,
            "book_valuer_per_share": 13.56,
            "book_valuer_per_share_4q_avg": 14.09,
            "equity": 563560,
            "current_ratio": 189.23,
            "debt_ratio": 35.57,
            "inventory_turnover_ratio": 0.99,
            "account_receivable_turnover_ratio": null,
            "reinvestment_rate": 81.58,
            "research_to_sale_ratio": null,
            "price_fair": 62.91,
            "eps_avg_yearly": 1.8,
            "eps_latest_yearly": 2.2,
            "eps_growth_yearly": 1081.97
        },
        "20073": {
            "year_quarter": 20073,
            "year": 2007,
            "quarter": 3,
            "eps": 0.62,
            "eps_growth_year": -19.48,
            "eps_4q": 2.07,
            "eps_4q_growth_year": -1.4,
            "roe": 4.43,
            "roe_4q": 14.620000000000001,
            "gross_profit": 58626,
            "gross_margin": 28.67,
            "gross_margin_4q_avg": 28.06,
            "net_income": 25585,
            "net_income_4q": null,
            "revenue": 204471,
            "revenue_4q": null,
            "common_shares": 418153,
            "book_valuer_per_share": 14.15,
            "book_valuer_per_share_4q_avg": 14.18,
            "equity": 591572,
            "current_ratio": 210.34,
            "debt_ratio": 31.43,
            "inventory_turnover_ratio": 0.9,
            "account_receivable_turnover_ratio": null,
            "reinvestment_rate": 79.11,
            "research_to_sale_ratio": null,
            "price_fair": 65.98,
            "eps_avg_yearly": 1.89,
            "eps_latest_yearly": 2.48,
            "eps_growth_yearly": 1094.81
        },
        "20074": {
            "year_quarter": 20074,
            "year": 2007,
            "quarter": 4,
            "eps": 1.1,
            "eps_growth_year": 205.56,
            "eps_4q": 2.82,
            "eps_4q_growth_year": 39.31,
            "roe": 7.44,
            "roe_4q": 19.61,
            "gross_profit": 66218,
            "gross_margin": 30.46,
            "gross_margin_4q_avg": 28.92,
            "net_income": 45664,
            "net_income_4q": null,
            "revenue": 217422,
            "revenue_4q": null,
            "common_shares": 418153,
            "book_valuer_per_share": 15.22,
            "book_valuer_per_share_4q_avg": 14.43,
            "equity": 636478,
            "current_ratio": 276.12,
            "debt_ratio": 24.7,
            "inventory_turnover_ratio": 0.89,
            "account_receivable_turnover_ratio": null,
            "reinvestment_rate": 67.27,
            "research_to_sale_ratio": null,
            "price_fair": 70.96,
            "eps_avg_yearly": 2.03,
            "eps_latest_yearly": 4.4,
            "eps_growth_yearly": 1090.1
        },
        "20081": {
            "year_quarter": 20081,
            "year": 2008,
            "quarter": 1,
            "eps": 0.74,
            "eps_growth_year": 32.14,
            "eps_4q": 3,
            "eps_4q_growth_year": 31.76,
            "roe": 4.73,
            "roe_4q": 20.5,
            "gross_profit": 74072,
            "gross_margin": 33.26,
            "gross_margin_4q_avg": 29.98,
            "net_income": 30833,
            "net_income_4q": null,
            "revenue": 222680,
            "revenue_4q": null,
            "common_shares": 418289,
            "book_valuer_per_share": 15.96,
            "book_valuer_per_share_4q_avg": 14.72,
            "equity": 667448,
            "current_ratio": 283.73,
            "debt_ratio": 24.79,
            "inventory_turnover_ratio": 0.85,
            "account_receivable_turnover_ratio": null,
            "reinvestment_rate": 61.36,
            "research_to_sale_ratio": null,
            "price_fair": 72.28,
            "eps_avg_yearly": 2.07,
            "eps_latest_yearly": 2.96,
            "eps_growth_yearly": 1079.08
        },
        "20082": {
            "year_quarter": 20082,
            "year": 2008,
            "quarter": 2,
            "eps": 0.71,
            "eps_growth_year": 29.09,
            "eps_4q": 3.14,
            "eps_4q_growth_year": 46.02,
            "roe": 4.5,
            "roe_4q": 21.1,
            "gross_profit": 68320,
            "gross_margin": 30.82,
            "gross_margin_4q_avg": 30.8,
            "net_income": 29875,
            "net_income_4q": null,
            "revenue": 221649,
            "revenue_4q": null,
            "common_shares": 418289,
            "book_valuer_per_share": 15.78,
            "book_valuer_per_share_4q_avg": 15.28,
            "equity": 659930,
            "current_ratio": 251.11,
            "debt_ratio": 28.44,
            "inventory_turnover_ratio": 0.87,
            "account_receivable_turnover_ratio": null,
            "reinvestment_rate": 57.05,
            "research_to_sale_ratio": null,
            "price_fair": 73.06,
            "eps_avg_yearly": 2.09,
            "eps_latest_yearly": 2.84,
            "eps_growth_yearly": 1076.8
        },
        "20083": {
            "year_quarter": 20083,
            "year": 2008,
            "quarter": 3,
            "eps": 0.81,
            "eps_growth_year": 30.65,
            "eps_4q": 3.29,
            "eps_4q_growth_year": 58.58,
            "roe": 5.13,
            "roe_4q": 21.8,
            "gross_profit": 73889,
            "gross_margin": 30.78,
            "gross_margin_4q_avg": 31.33,
            "net_income": 34773,
            "net_income_4q": null,
            "revenue": 240029,
            "revenue_4q": null,
            "common_shares": 480000,
            "book_valuer_per_share": 14.47,
            "book_valuer_per_share_4q_avg": 15.36,
            "equity": 694703,
            "current_ratio": 272.19,
            "debt_ratio": 26.88,
            "inventory_turnover_ratio": 0.91,
            "account_receivable_turnover_ratio": null,
            "reinvestment_rate": 53.13,
            "research_to_sale_ratio": null,
            "price_fair": 73.85,
            "eps_avg_yearly": 2.11,
            "eps_latest_yearly": 3.24,
            "eps_growth_yearly": 1076.29
        },
        "20084": {
            "year_quarter": 20084,
            "year": 2008,
            "quarter": 4,
            "eps": 0.74,
            "eps_growth_year": -32.73,
            "eps_4q": 2.72,
            "eps_4q_growth_year": -3.63,
            "roe": 5.03,
            "roe_4q": 19.39,
            "gross_profit": 103195,
            "gross_margin": 37.31,
            "gross_margin_4q_avg": 33.04,
            "net_income": 35654,
            "net_income_4q": null,
            "revenue": 276562,
            "revenue_4q": null,
            "common_shares": 480000,
            "book_valuer_per_share": 15.09,
            "book_valuer_per_share_4q_avg": 15.33,
            "equity": 724262,
            "current_ratio": 265.75,
            "debt_ratio": 40.17,
            "inventory_turnover_ratio": 0.99,
            "account_receivable_turnover_ratio": 3.98,
            "reinvestment_rate": 70.38,
            "research_to_sale_ratio": null,
            "price_fair": 75.86,
            "eps_avg_yearly": 2.17,
            "eps_latest_yearly": 2.96,
            "eps_growth_yearly": 1081.42
        },
        "20091": {
            "year_quarter": 20091,
            "year": 2009,
            "quarter": 1,
            "eps": -0.08,
            "eps_growth_year": -110.81,
            "eps_4q": 1.98,
            "eps_4q_growth_year": -33.87,
            "roe": -0.5,
            "roe_4q": 14.16,
            "gross_profit": 90002,
            "gross_margin": 36.51,
            "gross_margin_4q_avg": 33.86,
            "net_income": -3711,
            "net_income_4q": null,
            "revenue": 246505,
            "revenue_4q": null,
            "common_shares": 486755,
            "book_valuer_per_share": 15.45,
            "book_valuer_per_share_4q_avg": 15.2,
            "equity": 752258,
            "current_ratio": 233.82,
            "debt_ratio": 40.54,
            "inventory_turnover_ratio": 1.01,
            "account_receivable_turnover_ratio": 1.96,
            "reinvestment_rate": 84.03,
            "research_to_sale_ratio": null,
            "price_fair": 79.52,
            "eps_avg_yearly": 2.27,
            "eps_latest_yearly": 2.96,
            "eps_growth_yearly": 1172.34
        },
        "20092": {
            "year_quarter": 20092,
            "year": 2009,
            "quarter": 2,
            "eps": -0.35,
            "eps_growth_year": -149.3,
            "eps_4q": 1,
            "eps_4q_growth_year": -68.19,
            "roe": -2.35,
            "roe_4q": 7.3100000000000005,
            "gross_profit": 104279,
            "gross_margin": 36.88,
            "gross_margin_4q_avg": 35.37,
            "net_income": -17243,
            "net_income_4q": null,
            "revenue": 282752,
            "revenue_4q": null,
            "common_shares": 495911,
            "book_valuer_per_share": 14.47,
            "book_valuer_per_share_4q_avg": 14.87,
            "equity": 717651,
            "current_ratio": 178.85,
            "debt_ratio": 45.65,
            "inventory_turnover_ratio": 1.19,
            "account_receivable_turnover_ratio": 2.42,
            "reinvestment_rate": 97.22,
            "research_to_sale_ratio": null,
            "price_fair": 83.1,
            "eps_avg_yearly": 2.37,
            "eps_latest_yearly": 2.96,
            "eps_growth_yearly": 1244.65
        },
        "20093": {
            "year_quarter": 20093,
            "year": 2009,
            "quarter": 3,
            "eps": -1.06,
            "eps_growth_year": -230.86,
            "eps_4q": -0.77,
            "eps_4q_growth_year": -123.55,
            "roe": -6.95,
            "roe_4q": -4.7700000000000005,
            "gross_profit": 120948,
            "gross_margin": 41.13,
            "gross_margin_4q_avg": 37.96,
            "net_income": -56783,
            "net_income_4q": null,
            "revenue": 294085,
            "revenue_4q": null,
            "common_shares": 543466,
            "book_valuer_per_share": 16.87,
            "book_valuer_per_share_4q_avg": 15.47,
            "equity": 917040,
            "current_ratio": 235.25,
            "debt_ratio": 30.06,
            "inventory_turnover_ratio": 1.17,
            "account_receivable_turnover_ratio": 2.27,
            "reinvestment_rate": 134.51,
            "research_to_sale_ratio": null,
            "price_fair": 89.38,
            "eps_avg_yearly": 2.55,
            "eps_latest_yearly": 2.96,
            "eps_growth_yearly": 1369.69
        },
        "20094": {
            "year_quarter": 20094,
            "year": 2009,
            "quarter": 4,
            "eps": 1.17,
            "eps_growth_year": 58.11,
            "eps_4q": -0.21,
            "eps_4q_growth_year": -107.68,
            "roe": 6.46,
            "roe_4q": -3.3400000000000003,
            "gross_profit": 131368,
            "gross_margin": 42.23,
            "gross_margin_4q_avg": 39.19,
            "net_income": 65030,
            "net_income_4q": null,
            "revenue": 311086,
            "revenue_4q": null,
            "common_shares": 607981,
            "book_valuer_per_share": 18.02,
            "book_valuer_per_share_4q_avg": 16.2,
            "equity": 1095604,
            "current_ratio": 235.45,
            "debt_ratio": 24.78,
            "inventory_turnover_ratio": 1.31,
            "account_receivable_turnover_ratio": 3.88,
            "reinvestment_rate": 147.73,
            "research_to_sale_ratio": null,
            "price_fair": 91.82,
            "eps_avg_yearly": 2.62,
            "eps_latest_yearly": 2.96,
            "eps_growth_yearly": 83.83
        },
        "20101": {
            "year_quarter": 20101,
            "year": 2010,
            "quarter": 1,
            "eps": 1.66,
            "eps_growth_year": null,
            "eps_4q": 1.51,
            "eps_4q_growth_year": -24.13,
            "roe": 8.76,
            "roe_4q": 5.92,
            "gross_profit": 119712,
            "gross_margin": 39.93,
            "gross_margin_4q_avg": 40.04,
            "net_income": 100741,
            "net_income_4q": null,
            "revenue": 299794,
            "revenue_4q": null,
            "common_shares": 609243,
            "book_valuer_per_share": 19.78,
            "book_valuer_per_share_4q_avg": 17.29,
            "equity": 1205308,
            "current_ratio": 298.88,
            "debt_ratio": 20.39,
            "inventory_turnover_ratio": 1.32,
            "account_receivable_turnover_ratio": 1.95,
            "reinvestment_rate": 99.68,
            "research_to_sale_ratio": 1.72,
            "price_fair": 108.73,
            "eps_avg_yearly": 3.11,
            "eps_latest_yearly": 6.64,
            "eps_growth_yearly": 114.85
        },
        "20102": {
            "year_quarter": 20102,
            "year": 2010,
            "quarter": 2,
            "eps": 1.38,
            "eps_growth_year": null,
            "eps_4q": 3.16,
            "eps_4q_growth_year": 216.46,
            "roe": 6.72,
            "roe_4q": 14.990000000000002,
            "gross_profit": 130121,
            "gross_margin": 40.73,
            "gross_margin_4q_avg": 41.01,
            "net_income": 84795,
            "net_income_4q": null,
            "revenue": 319461,
            "revenue_4q": null,
            "common_shares": 613806,
            "book_valuer_per_share": 21.47,
            "book_valuer_per_share_4q_avg": 19.04,
            "equity": 1317797,
            "current_ratio": 326.5,
            "debt_ratio": 16.94,
            "inventory_turnover_ratio": 1.34,
            "account_receivable_turnover_ratio": 2.24,
            "reinvestment_rate": 108.17,
            "research_to_sale_ratio": 1.75,
            "price_fair": 116.67,
            "eps_avg_yearly": 3.33,
            "eps_latest_yearly": 5.52,
            "eps_growth_yearly": 31.45
        },
        "20103": {
            "year_quarter": 20103,
            "year": 2010,
            "quarter": 3,
            "eps": 1.68,
            "eps_growth_year": null,
            "eps_4q": 6.78,
            "eps_4q_growth_year": null,
            "roe": 6.35,
            "roe_4q": 28.29,
            "gross_profit": 126930,
            "gross_margin": 40.85,
            "gross_margin_4q_avg": 40.94,
            "net_income": 82409,
            "net_income_4q": null,
            "revenue": 310737,
            "revenue_4q": null,
            "common_shares": 491045,
            "book_valuer_per_share": 26.01,
            "book_valuer_per_share_4q_avg": 21.32,
            "equity": 1277445,
            "current_ratio": 309.56,
            "debt_ratio": 17.52,
            "inventory_turnover_ratio": 1.26,
            "account_receivable_turnover_ratio": 2.16,
            "reinvestment_rate": 94.12,
            "research_to_sale_ratio": 1.38,
            "price_fair": 127.28,
            "eps_avg_yearly": 3.64,
            "eps_latest_yearly": 6.72,
            "eps_growth_yearly": 35.36
        },
        "20104": {
            "year_quarter": 20104,
            "year": 2010,
            "quarter": 4,
            "eps": 1.41,
            "eps_growth_year": 20.33,
            "eps_4q": 6.37,
            "eps_4q_growth_year": null,
            "roe": 5.79,
            "roe_4q": 27.619999999999997,
            "gross_profit": 135962,
            "gross_margin": 42.71,
            "gross_margin_4q_avg": 41.06,
            "net_income": 75979,
            "net_income_4q": null,
            "revenue": 318310,
            "revenue_4q": null,
            "common_shares": 539693,
            "book_valuer_per_share": 24.99,
            "book_valuer_per_share_4q_avg": 23.06,
            "equity": 1348901,
            "current_ratio": 318.42,
            "debt_ratio": 17.88,
            "inventory_turnover_ratio": 1.24,
            "account_receivable_turnover_ratio": 2.07,
            "reinvestment_rate": 86.51,
            "research_to_sale_ratio": 1.45,
            "price_fair": 139.53,
            "eps_avg_yearly": 3.99,
            "eps_latest_yearly": 5.64,
            "eps_growth_yearly": 47.75
        },
        "20111": {
            "year_quarter": 20111,
            "year": 2011,
            "quarter": 1,
            "eps": 1.51,
            "eps_growth_year": -9.04,
            "eps_4q": 6.01,
            "eps_4q_growth_year": 299.47,
            "roe": 5.86,
            "roe_4q": 24.72,
            "gross_profit": 130864,
            "gross_margin": 40.16,
            "gross_margin_4q_avg": 41.11,
            "net_income": 81393,
            "net_income_4q": null,
            "revenue": 325890,
            "revenue_4q": null,
            "common_shares": 539693,
            "book_valuer_per_share": 26.5,
            "book_valuer_per_share_4q_avg": 24.74,
            "equity": 1430294,
            "current_ratio": 373.8,
            "debt_ratio": 15.85,
            "inventory_turnover_ratio": 1.28,
            "account_receivable_turnover_ratio": 2,
            "reinvestment_rate": 77.74,
            "research_to_sale_ratio": 1.25,
            "price_fair": 150.62,
            "eps_avg_yearly": 4.3,
            "eps_latest_yearly": 6.04,
            "eps_growth_yearly": 31.6
        },
        "20112": {
            "year_quarter": 20112,
            "year": 2011,
            "quarter": 2,
            "eps": 1.66,
            "eps_growth_year": 20.02,
            "eps_4q": 5.65,
            "eps_4q_growth_year": 79.07,
            "roe": 7.11,
            "roe_4q": 25.11,
            "gross_profit": 149485,
            "gross_margin": 40.15,
            "gross_margin_4q_avg": 40.97,
            "net_income": 99503,
            "net_income_4q": null,
            "revenue": 372298,
            "revenue_4q": null,
            "common_shares": 539693,
            "book_valuer_per_share": 25.35,
            "book_valuer_per_share_4q_avg": 25.71,
            "equity": 1367889,
            "current_ratio": 233.5,
            "debt_ratio": 25.99,
            "inventory_turnover_ratio": 1.27,
            "account_receivable_turnover_ratio": 2.21,
            "reinvestment_rate": 67.46,
            "research_to_sale_ratio": 1.61,
            "price_fair": 163.57,
            "eps_avg_yearly": 4.67,
            "eps_latest_yearly": 6.64,
            "eps_growth_yearly": 35.5
        },
        "20113": {
            "year_quarter": 20113,
            "year": 2011,
            "quarter": 3,
            "eps": 1.35,
            "eps_growth_year": -19.62,
            "eps_4q": 5.63,
            "eps_4q_growth_year": -16.99,
            "roe": 5.75,
            "roe_4q": 24.509999999999998,
            "gross_profit": 129994,
            "gross_margin": 37.98,
            "gross_margin_4q_avg": 40.25,
            "net_income": 80954,
            "net_income_4q": null,
            "revenue": 342243,
            "revenue_4q": null,
            "common_shares": 600138,
            "book_valuer_per_share": 24.14,
            "book_valuer_per_share_4q_avg": 25.25,
            "equity": 1448843,
            "current_ratio": 405.77,
            "debt_ratio": 14.62,
            "inventory_turnover_ratio": 1.12,
            "account_receivable_turnover_ratio": 1.91,
            "reinvestment_rate": 60.93,
            "research_to_sale_ratio": 1.37,
            "price_fair": 172.08,
            "eps_avg_yearly": 4.92,
            "eps_latest_yearly": 5.4,
            "eps_growth_yearly": 25.04
        },
        "20114": {
            "year_quarter": 20114,
            "year": 2011,
            "quarter": 4,
            "eps": 1.02,
            "eps_growth_year": -27.29,
            "eps_4q": 5.39,
            "eps_4q_growth_year": -15.47,
            "roe": 4.15,
            "roe_4q": 22.87,
            "gross_profit": 109170,
            "gross_margin": 36.01,
            "gross_margin_4q_avg": 38.58,
            "net_income": 61431,
            "net_income_4q": null,
            "revenue": 303188,
            "revenue_4q": null,
            "common_shares": 600138,
            "book_valuer_per_share": 25.15,
            "book_valuer_per_share_4q_avg": 25.29,
            "equity": 1509361,
            "current_ratio": 398.79,
            "debt_ratio": 15.07,
            "inventory_turnover_ratio": 1.02,
            "account_receivable_turnover_ratio": 1.87,
            "reinvestment_rate": 59.98,
            "research_to_sale_ratio": 2.24,
            "price_fair": 14.67,
            "eps_avg_yearly": 4.89,
            "eps_latest_yearly": 4.08,
            "eps_growth_yearly": -8.92
        },
        "20121": {
            "year_quarter": 20121,
            "year": 2012,
            "quarter": 1,
            "eps": 1.25,
            "eps_growth_year": -17.22,
            "eps_4q": 5.28,
            "eps_4q_growth_year": -12.16,
            "roe": 4.86,
            "roe_4q": 21.87,
            "gross_profit": 137005,
            "gross_margin": 39.99,
            "gross_margin_4q_avg": 38.53,
            "net_income": 75155,
            "net_income_4q": null,
            "revenue": 342607,
            "revenue_4q": null,
            "common_shares": 600138,
            "book_valuer_per_share": 26.4,
            "book_valuer_per_share_4q_avg": 25.26,
            "equity": 1584516,
            "current_ratio": 429.12,
            "debt_ratio": 14.54,
            "inventory_turnover_ratio": 1.06,
            "account_receivable_turnover_ratio": 2.34,
            "reinvestment_rate": 56.68,
            "research_to_sale_ratio": 1.34,
            "price_fair": 98.71,
            "eps_avg_yearly": 5.06,
            "eps_latest_yearly": 5,
            "eps_growth_yearly": 9.51
        },
        "20122": {
            "year_quarter": 20122,
            "year": 2012,
            "quarter": 2,
            "eps": 1.15,
            "eps_growth_year": -30.75,
            "eps_4q": 4.44,
            "eps_4q_growth_year": -21.4,
            "roe": 4.95,
            "roe_4q": 19.71,
            "gross_profit": 127469,
            "gross_margin": 37.31,
            "gross_margin_4q_avg": 37.82,
            "net_income": 75792,
            "net_income_4q": null,
            "revenue": 341626,
            "revenue_4q": null,
            "common_shares": 600138,
            "book_valuer_per_share": 24.67,
            "book_valuer_per_share_4q_avg": 25.09,
            "equity": 1480267,
            "current_ratio": 271.41,
            "debt_ratio": 22.95,
            "inventory_turnover_ratio": 1.19,
            "account_receivable_turnover_ratio": 2.23,
            "reinvestment_rate": 53.37,
            "research_to_sale_ratio": 2.01,
            "price_fair": 94.72,
            "eps_avg_yearly": 5.21,
            "eps_latest_yearly": 4.6,
            "eps_growth_yearly": 8.19
        },
        "20123": {
            "year_quarter": 20123,
            "year": 2012,
            "quarter": 3,
            "eps": 1.28,
            "eps_growth_year": -5.21,
            "eps_4q": 4.5,
            "eps_4q_growth_year": -20.13,
            "roe": 5.54,
            "roe_4q": 19.5,
            "gross_profit": 147419,
            "gross_margin": 39.95,
            "gross_margin_4q_avg": 38.32,
            "net_income": 84413,
            "net_income_4q": null,
            "revenue": 369016,
            "revenue_4q": null,
            "common_shares": 660152,
            "book_valuer_per_share": 23.7,
            "book_valuer_per_share_4q_avg": 24.98,
            "equity": 1564680,
            "current_ratio": 399.43,
            "debt_ratio": 15.64,
            "inventory_turnover_ratio": 1.37,
            "account_receivable_turnover_ratio": 2.37,
            "reinvestment_rate": 50.97,
            "research_to_sale_ratio": 2.05,
            "price_fair": 92.6,
            "eps_avg_yearly": 5.36,
            "eps_latest_yearly": 5.12,
            "eps_growth_yearly": 7.27
        },
        "20124": {
            "year_quarter": 20124,
            "year": 2012,
            "quarter": 4,
            "eps": 1.18,
            "eps_growth_year": 15.59,
            "eps_4q": 4.75,
            "eps_4q_growth_year": -11.85,
            "roe": 4.87,
            "roe_4q": 20.22,
            "gross_profit": 151268,
            "gross_margin": 39.24,
            "gross_margin_4q_avg": 39.12,
            "net_income": 78108,
            "net_income_4q": null,
            "revenue": 385459,
            "revenue_4q": null,
            "common_shares": 660152,
            "book_valuer_per_share": 24.88,
            "book_valuer_per_share_4q_avg": 24.91,
            "equity": 1642165,
            "current_ratio": 373.03,
            "debt_ratio": 17.2,
            "inventory_turnover_ratio": 1.44,
            "account_receivable_turnover_ratio": 2.23,
            "reinvestment_rate": 41.14,
            "research_to_sale_ratio": 1.89,
            "price_fair": 96.66,
            "eps_avg_yearly": 5.51,
            "eps_latest_yearly": 4.72,
            "eps_growth_yearly": 7.54
        },
        "20131": {
            "year_quarter": 20131,
            "year": 2013,
            "quarter": 1,
            "eps": 1.4,
            "eps_growth_year": 12,
            "eps_4q": 5.01,
            "eps_4q_growth_year": -5.13,
            "roe": 5.52,
            "roe_4q": 20.88,
            "gross_profit": 139778,
            "gross_margin": 39.09,
            "gross_margin_4q_avg": 38.9,
            "net_income": 92558,
            "net_income_4q": null,
            "revenue": 357542,
            "revenue_4q": null,
            "common_shares": 660152,
            "book_valuer_per_share": 25.95,
            "book_valuer_per_share_4q_avg": 24.8,
            "equity": 1713045,
            "current_ratio": 433.19,
            "debt_ratio": 16.52,
            "inventory_turnover_ratio": 1.3,
            "account_receivable_turnover_ratio": 2.03,
            "reinvestment_rate": 31.33,
            "research_to_sale_ratio": 1.6,
            "price_fair": 125.23,
            "eps_avg_yearly": 5.52,
            "eps_latest_yearly": 5.6,
            "eps_growth_yearly": 12.7
        },
        "20132": {
            "year_quarter": 20132,
            "year": 2013,
            "quarter": 2,
            "eps": 1.36,
            "eps_growth_year": 18.46,
            "eps_4q": 5.23,
            "eps_4q_growth_year": 17.6,
            "roe": 5.53,
            "roe_4q": 21.46,
            "gross_profit": 151906,
            "gross_margin": 39.71,
            "gross_margin_4q_avg": 39.5,
            "net_income": 89887,
            "net_income_4q": null,
            "revenue": 382503,
            "revenue_4q": null,
            "common_shares": 660152,
            "book_valuer_per_share": 23.31,
            "book_valuer_per_share_4q_avg": 24.46,
            "equity": 1538871,
            "current_ratio": 232.04,
            "debt_ratio": 29.08,
            "inventory_turnover_ratio": 1.28,
            "account_receivable_turnover_ratio": 2.17,
            "reinvestment_rate": 26.4,
            "research_to_sale_ratio": 1.86,
            "price_fair": 115.61,
            "eps_avg_yearly": 5.51,
            "eps_latest_yearly": 5.44,
            "eps_growth_yearly": 10.98
        },
        "20133": {
            "year_quarter": 20133,
            "year": 2013,
            "quarter": 3,
            "eps": 1.07,
            "eps_growth_year": -16.32,
            "eps_4q": 5.02,
            "eps_4q_growth_year": 11.68,
            "roe": 4.5,
            "roe_4q": 20.42,
            "gross_profit": 130461,
            "gross_margin": 37.07,
            "gross_margin_4q_avg": 38.78,
            "net_income": 70912,
            "net_income_4q": null,
            "revenue": 351901,
            "revenue_4q": null,
            "common_shares": 660152,
            "book_valuer_per_share": 24.39,
            "book_valuer_per_share_4q_avg": 24.63,
            "equity": 1609783,
            "current_ratio": 409.49,
            "debt_ratio": 16.35,
            "inventory_turnover_ratio": 1.17,
            "account_receivable_turnover_ratio": 2.27,
            "reinvestment_rate": 20.68,
            "research_to_sale_ratio": 1.69,
            "price_fair": 79.04,
            "eps_avg_yearly": 5.43,
            "eps_latest_yearly": 4.28,
            "eps_growth_yearly": 4.56
        },
        "20134": {
            "year_quarter": 20134,
            "year": 2013,
            "quarter": 4,
            "eps": 1.04,
            "eps_growth_year": -12.25,
            "eps_4q": 4.88,
            "eps_4q_growth_year": 2.69,
            "roe": 4.16,
            "roe_4q": 19.71,
            "gross_profit": 118766,
            "gross_margin": 33.75,
            "gross_margin_4q_avg": 37.41,
            "net_income": 68539,
            "net_income_4q": null,
            "revenue": 351950,
            "revenue_4q": null,
            "common_shares": 660152,
            "book_valuer_per_share": 25.49,
            "book_valuer_per_share_4q_avg": 24.79,
            "equity": 1682826,
            "current_ratio": 392.59,
            "debt_ratio": 16.96,
            "inventory_turnover_ratio": 1.29,
            "account_receivable_turnover_ratio": 2.57,
            "reinvestment_rate": 9.27,
            "research_to_sale_ratio": 2.03,
            "price_fair": 72.61,
            "eps_avg_yearly": 5.35,
            "eps_latest_yearly": 4.16,
            "eps_growth_yearly": 3.57
        },
        "20141": {
            "year_quarter": 20141,
            "year": 2014,
            "quarter": 1,
            "eps": 1.29,
            "eps_growth_year": -7.86,
            "eps_4q": 4.77,
            "eps_4q_growth_year": -4.91,
            "roe": 4.94,
            "roe_4q": 19.130000000000003,
            "gross_profit": 134349,
            "gross_margin": 36.13,
            "gross_margin_4q_avg": 36.67,
            "net_income": 85301,
            "net_income_4q": null,
            "revenue": 371812,
            "revenue_4q": null,
            "common_shares": 660152,
            "book_valuer_per_share": 26.78,
            "book_valuer_per_share_4q_avg": 24.99,
            "equity": 1768127,
            "current_ratio": 375.82,
            "debt_ratio": 15.56,
            "inventory_turnover_ratio": 1.4,
            "account_receivable_turnover_ratio": 2.42,
            "reinvestment_rate": 24.41,
            "research_to_sale_ratio": 1.8,
            "price_fair": 15.77,
            "eps_avg_yearly": 5.26,
            "eps_latest_yearly": 5.16,
            "eps_growth_yearly": -0.89
        },
        "20142": {
            "year_quarter": 20142,
            "year": 2014,
            "quarter": 2,
            "eps": 0.86,
            "eps_growth_year": -36.76,
            "eps_4q": 4.27,
            "eps_4q_growth_year": -18.32,
            "roe": 3.33,
            "roe_4q": 16.93,
            "gross_profit": 133628,
            "gross_margin": 36.81,
            "gross_margin_4q_avg": 35.94,
            "net_income": 57025,
            "net_income_4q": null,
            "revenue": 362975,
            "revenue_4q": null,
            "common_shares": 660152,
            "book_valuer_per_share": 25.15,
            "book_valuer_per_share_4q_avg": 25.45,
            "equity": 1660114,
            "current_ratio": 239.76,
            "debt_ratio": 23.79,
            "inventory_turnover_ratio": 1.3,
            "account_receivable_turnover_ratio": 2.45,
            "reinvestment_rate": 17.96,
            "research_to_sale_ratio": 1.76,
            "price_fair": 15.38,
            "eps_avg_yearly": 5.13,
            "eps_latest_yearly": 3.44,
            "eps_growth_yearly": -5
        },
        "20143": {
            "year_quarter": 20143,
            "year": 2014,
            "quarter": 3,
            "eps": 1.19,
            "eps_growth_year": 11.22,
            "eps_4q": 4.39,
            "eps_4q_growth_year": -12.63,
            "roe": 4.63,
            "roe_4q": 17.060000000000002,
            "gross_profit": 129997,
            "gross_margin": 34.53,
            "gross_margin_4q_avg": 35.31,
            "net_income": 78748,
            "net_income_4q": null,
            "revenue": 376479,
            "revenue_4q": null,
            "common_shares": 660152,
            "book_valuer_per_share": 26.34,
            "book_valuer_per_share_4q_avg": 25.94,
            "equity": 1738862,
            "current_ratio": 333.79,
            "debt_ratio": 16.73,
            "inventory_turnover_ratio": 1.32,
            "account_receivable_turnover_ratio": 2.6,
            "reinvestment_rate": 19.66,
            "research_to_sale_ratio": 1.92,
            "price_fair": 15.02,
            "eps_avg_yearly": 5.01,
            "eps_latest_yearly": 4.76,
            "eps_growth_yearly": -0.85
        },
        "20144": {
            "year_quarter": 20144,
            "year": 2014,
            "quarter": 4,
            "eps": 1.6,
            "eps_growth_year": 54.53,
            "eps_4q": 4.95,
            "eps_4q_growth_year": 1.58,
            "roe": 5.91,
            "roe_4q": 18.81,
            "gross_profit": 145365,
            "gross_margin": 36.76,
            "gross_margin_4q_avg": 36.06,
            "net_income": 105915,
            "net_income_4q": null,
            "revenue": 395398,
            "revenue_4q": null,
            "common_shares": 660152,
            "book_valuer_per_share": 27.92,
            "book_valuer_per_share_4q_avg": 26.55,
            "equity": 1842913,
            "current_ratio": 324.97,
            "debt_ratio": 17.85,
            "inventory_turnover_ratio": 1.33,
            "account_receivable_turnover_ratio": 2.52,
            "reinvestment_rate": 18.85,
            "research_to_sale_ratio": 1.78,
            "price_fair": 110.07,
            "eps_avg_yearly": 5.05,
            "eps_latest_yearly": 6.4,
            "eps_growth_yearly": 11.78
        },
        "20151": {
            "year_quarter": 20151,
            "year": 2015,
            "quarter": 1,
            "eps": 1.03,
            "eps_growth_year": -20.16,
            "eps_4q": 4.69,
            "eps_4q_growth_year": -1.59,
            "roe": 3.62,
            "roe_4q": 17.490000000000002,
            "gross_profit": 133287,
            "gross_margin": 36.67,
            "gross_margin_4q_avg": 36.19,
            "net_income": 67955,
            "net_income_4q": null,
            "revenue": 363487,
            "revenue_4q": null,
            "common_shares": 660152,
            "book_valuer_per_share": 28.95,
            "book_valuer_per_share_4q_avg": 27.09,
            "equity": 1910868,
            "current_ratio": 373.43,
            "debt_ratio": 15.23,
            "inventory_turnover_ratio": 1.2,
            "account_receivable_turnover_ratio": 2.47,
            "reinvestment_rate": 22.73,
            "research_to_sale_ratio": 2.19,
            "price_fair": 54.78,
            "eps_avg_yearly": 4.93,
            "eps_latest_yearly": 4.12,
            "eps_growth_yearly": 1.11
        },
        "20152": {
            "year_quarter": 20152,
            "year": 2015,
            "quarter": 2,
            "eps": 0.71,
            "eps_growth_year": -17.44,
            "eps_4q": 4.54,
            "eps_4q_growth_year": 6.4,
            "roe": 2.55,
            "roe_4q": 16.71,
            "gross_profit": 123472,
            "gross_margin": 34.91,
            "gross_margin_4q_avg": 35.72,
            "net_income": 47192,
            "net_income_4q": null,
            "revenue": 353704,
            "revenue_4q": null,
            "common_shares": 660152,
            "book_valuer_per_share": 27.16,
            "book_valuer_per_share_4q_avg": 27.59,
            "equity": 1793022,
            "current_ratio": 239.22,
            "debt_ratio": 28.52,
            "inventory_turnover_ratio": 1.05,
            "account_receivable_turnover_ratio": 2.6,
            "reinvestment_rate": 32.3,
            "research_to_sale_ratio": 2.08,
            "price_fair": 14.09,
            "eps_avg_yearly": 4.7,
            "eps_latest_yearly": 2.84,
            "eps_growth_yearly": -9.15
        },
        "20153": {
            "year_quarter": 20153,
            "year": 2015,
            "quarter": 3,
            "eps": 1.84,
            "eps_growth_year": 54.62,
            "eps_4q": 5.19,
            "eps_4q_growth_year": 18.31,
            "roe": 6.56,
            "roe_4q": 18.64,
            "gross_profit": 160677,
            "gross_margin": 36.56,
            "gross_margin_4q_avg": 36.23,
            "net_income": 121591,
            "net_income_4q": null,
            "revenue": 439502,
            "revenue_4q": null,
            "common_shares": 660152,
            "book_valuer_per_share": 29,
            "book_valuer_per_share_4q_avg": 28.26,
            "equity": 1914613,
            "current_ratio": 317.34,
            "debt_ratio": 22.48,
            "inventory_turnover_ratio": 1.15,
            "account_receivable_turnover_ratio": 2.61,
            "reinvestment_rate": 37.36,
            "research_to_sale_ratio": 1.9,
            "price_fair": 168.61,
            "eps_avg_yearly": 4.82,
            "eps_latest_yearly": 7.36,
            "eps_growth_yearly": 35.31
        },
        "20154": {
            "year_quarter": 20154,
            "year": 2015,
            "quarter": 4,
            "eps": 1.74,
            "eps_growth_year": 8.17,
            "eps_4q": 5.32,
            "eps_4q_growth_year": 7.44,
            "roe": 5.82,
            "roe_4q": 18.55,
            "gross_profit": 181456,
            "gross_margin": 39.03,
            "gross_margin_4q_avg": 36.79,
            "net_income": 114568,
            "net_income_4q": null,
            "revenue": 464871,
            "revenue_4q": null,
            "common_shares": 660152,
            "book_valuer_per_share": 30.63,
            "book_valuer_per_share_4q_avg": 28.94,
            "equity": 2022231,
            "current_ratio": 282.15,
            "debt_ratio": 24.44,
            "inventory_turnover_ratio": 1.15,
            "account_receivable_turnover_ratio": 2.46,
            "reinvestment_rate": 47.42,
            "research_to_sale_ratio": 1.83,
            "price_fair": 174.91,
            "eps_avg_yearly": 5,
            "eps_latest_yearly": 6.96,
            "eps_growth_yearly": 40.06
        },
        "20161": {
            "year_quarter": 20161,
            "year": 2016,
            "quarter": 1,
            "eps": 1.57,
            "eps_growth_year": 52.43,
            "eps_4q": 5.87,
            "eps_4q_growth_year": 25.05,
            "roe": 5.01,
            "roe_4q": 19.94,
            "gross_profit": 180565,
            "gross_margin": 39.95,
            "gross_margin_4q_avg": 37.61,
            "net_income": 103851,
            "net_income_4q": null,
            "revenue": 452010,
            "revenue_4q": null,
            "common_shares": 660152,
            "book_valuer_per_share": 32.21,
            "book_valuer_per_share_4q_avg": 29.75,
            "equity": 2126082,
            "current_ratio": 278.85,
            "debt_ratio": 24.07,
            "inventory_turnover_ratio": 1.08,
            "account_receivable_turnover_ratio": 2.34,
            "reinvestment_rate": 52.31,
            "research_to_sale_ratio": 2.02,
            "price_fair": 177.71,
            "eps_avg_yearly": 5.08,
            "eps_latest_yearly": 6.28,
            "eps_growth_yearly": 31.98
        },
        "20162": {
            "year_quarter": 20162,
            "year": 2016,
            "quarter": 2,
            "eps": 1.37,
            "eps_growth_year": 92.96,
            "eps_4q": 6.52,
            "eps_4q_growth_year": 43.59,
            "roe": 4.33,
            "roe_4q": 21.72,
            "gross_profit": 170853,
            "gross_margin": 37.76,
            "gross_margin_4q_avg": 38.33,
            "net_income": 90494,
            "net_income_4q": null,
            "revenue": 452427,
            "revenue_4q": null,
            "common_shares": 660152,
            "book_valuer_per_share": 31.08,
            "book_valuer_per_share_4q_avg": 30.73,
            "equity": 2051538,
            "current_ratio": 200.51,
            "debt_ratio": 32.78,
            "inventory_turnover_ratio": 1.08,
            "account_receivable_turnover_ratio": 2.39,
            "reinvestment_rate": 69.17,
            "research_to_sale_ratio": 2.52,
            "price_fair": 179.64,
            "eps_avg_yearly": 5.13,
            "eps_latest_yearly": 5.48,
            "eps_growth_yearly": 30.8
        },
        "20163": {
            "year_quarter": 20163,
            "year": 2016,
            "quarter": 3,
            "eps": 1.18,
            "eps_growth_year": -35.87,
            "eps_4q": 5.86,
            "eps_4q_growth_year": 12.98,
            "roe": 3.74,
            "roe_4q": 18.9,
            "gross_profit": 149530,
            "gross_margin": 35.62,
            "gross_margin_4q_avg": 38.09,
            "net_income": 78207,
            "net_income_4q": null,
            "revenue": 419801,
            "revenue_4q": null,
            "common_shares": 660152,
            "book_valuer_per_share": 32.26,
            "book_valuer_per_share_4q_avg": 31.55,
            "equity": 2129745,
            "current_ratio": 173.23,
            "debt_ratio": 32.12,
            "inventory_turnover_ratio": 0.99,
            "account_receivable_turnover_ratio": 2.51,
            "reinvestment_rate": 86.2,
            "research_to_sale_ratio": 2.22,
            "price_fair": 176.24,
            "eps_avg_yearly": 5.11,
            "eps_latest_yearly": 4.72,
            "eps_growth_yearly": 24.51
        },
        "20164": {
            "year_quarter": 20164,
            "year": 2016,
            "quarter": 4,
            "eps": 0.91,
            "eps_growth_year": -47.53,
            "eps_4q": 5.04,
            "eps_4q_growth_year": -5.31,
            "roe": 2.78,
            "roe_4q": 15.86,
            "gross_profit": 116295,
            "gross_margin": 31.82,
            "gross_margin_4q_avg": 36.29,
            "net_income": 60116,
            "net_income_4q": null,
            "revenue": 365426,
            "revenue_4q": null,
            "common_shares": 660152,
            "book_valuer_per_share": 33.17,
            "book_valuer_per_share_4q_avg": 32.18,
            "equity": 2189975,
            "current_ratio": 145.27,
            "debt_ratio": 34.06,
            "inventory_turnover_ratio": 0.86,
            "account_receivable_turnover_ratio": 2.28,
            "reinvestment_rate": 98.98,
            "research_to_sale_ratio": 2.78,
            "price_fair": 154.93,
            "eps_avg_yearly": 5.04,
            "eps_latest_yearly": 3.64,
            "eps_growth_yearly": 20.74
        },
        "20171": {
            "year_quarter": 20171,
            "year": 2017,
            "quarter": 1,
            "eps": 0.92,
            "eps_growth_year": -41.4,
            "eps_4q": 4.39,
            "eps_4q_growth_year": -25.17,
            "roe": 2.74,
            "roe_4q": 13.59,
            "gross_profit": 138584,
            "gross_margin": 32.62,
            "gross_margin_4q_avg": 34.46,
            "net_income": 60940,
            "net_income_4q": null,
            "revenue": 424871,
            "revenue_4q": null,
            "common_shares": 660152,
            "book_valuer_per_share": 34.1,
            "book_valuer_per_share_4q_avg": 32.65,
            "equity": 2250915,
            "current_ratio": 165.28,
            "debt_ratio": 33.09,
            "inventory_turnover_ratio": 0.98,
            "account_receivable_turnover_ratio": 2.62,
            "reinvestment_rate": 105.85,
            "research_to_sale_ratio": 2.52,
            "price_fair": 129.66,
            "eps_avg_yearly": 4.92,
            "eps_latest_yearly": 3.68,
            "eps_growth_yearly": 16.35
        },
        "20172": {
            "year_quarter": 20172,
            "year": 2017,
            "quarter": 2,
            "eps": 0.84,
            "eps_growth_year": -38.69,
            "eps_4q": 3.86,
            "eps_4q_growth_year": -40.83,
            "roe": 2.52,
            "roe_4q": 11.78,
            "gross_profit": 129981,
            "gross_margin": 29.03,
            "gross_margin_4q_avg": 32.27,
            "net_income": 55453,
            "net_income_4q": null,
            "revenue": 447684,
            "revenue_4q": null,
            "common_shares": 660152,
            "book_valuer_per_share": 32.44,
            "book_valuer_per_share_4q_avg": 32.99,
            "equity": 2141330,
            "current_ratio": 109.1,
            "debt_ratio": 42.2,
            "inventory_turnover_ratio": 1.17,
            "account_receivable_turnover_ratio": 2.6,
            "reinvestment_rate": 131.84,
            "research_to_sale_ratio": 2.31,
            "price_fair": 119.24,
            "eps_avg_yearly": 4.79,
            "eps_latest_yearly": 3.36,
            "eps_growth_yearly": 14.89
        },
        "20173": {
            "year_quarter": 20173,
            "year": 2017,
            "quarter": 3,
            "eps": 1.2,
            "eps_growth_year": 1.69,
            "eps_4q": 3.88,
            "eps_4q_growth_year": -33.9,
            "roe": 3.64,
            "roe_4q": 11.68,
            "gross_profit": 143162,
            "gross_margin": 30.68,
            "gross_margin_4q_avg": 31.04,
            "net_income": 79389,
            "net_income_4q": null,
            "revenue": 466706,
            "revenue_4q": null,
            "common_shares": 660152,
            "book_valuer_per_share": 33.64,
            "book_valuer_per_share_4q_avg": 33.34,
            "equity": 2220719,
            "current_ratio": 141.8,
            "debt_ratio": 39.62,
            "inventory_turnover_ratio": 1.24,
            "account_receivable_turnover_ratio": 2.65,
            "reinvestment_rate": 134.92,
            "research_to_sale_ratio": 2.29,
            "price_fair": 168.79,
            "eps_avg_yearly": 4.82,
            "eps_latest_yearly": 4.8,
            "eps_growth_yearly": 30.94
        },
        "20174": {
            "year_quarter": 20174,
            "year": 2017,
            "quarter": 4,
            "eps": 0.63,
            "eps_growth_year": -31.28,
            "eps_4q": 3.59,
            "eps_4q_growth_year": -28.73,
            "roe": 1.84,
            "roe_4q": 10.74,
            "gross_profit": 103540,
            "gross_margin": 26.17,
            "gross_margin_4q_avg": 29.63,
            "net_income": 41309,
            "net_income_4q": null,
            "revenue": 395710,
            "revenue_4q": null,
            "common_shares": 660152,
            "book_valuer_per_share": 34.24,
            "book_valuer_per_share_4q_avg": 33.61,
            "equity": 2260403,
            "current_ratio": 131.51,
            "debt_ratio": 37.88,
            "inventory_turnover_ratio": 1.08,
            "account_receivable_turnover_ratio": 2.49,
            "reinvestment_rate": 138.73,
            "research_to_sale_ratio": 2.69,
            "price_fair": 140.49,
            "eps_avg_yearly": 4.72,
            "eps_latest_yearly": 2.52,
            "eps_growth_yearly": 19.76
        },
        "20181": {
            "year_quarter": 20181,
            "year": 2018,
            "quarter": 1,
            "eps": 0.56,
            "eps_growth_year": -39.13,
            "eps_4q": 3.23,
            "eps_4q_growth_year": -26.39,
            "roe": 1.63,
            "roe_4q": 9.629999999999999,
            "gross_profit": 99660,
            "gross_margin": 24.44,
            "gross_margin_4q_avg": 27.58,
            "net_income": 37131,
            "net_income_4q": null,
            "revenue": 407839,
            "revenue_4q": null,
            "common_shares": 660152,
            "book_valuer_per_share": 34.8,
            "book_valuer_per_share_4q_avg": 33.78,
            "equity": 2297534,
            "current_ratio": 153.62,
            "debt_ratio": 36.72,
            "inventory_turnover_ratio": 1.11,
            "account_receivable_turnover_ratio": 2.7,
            "reinvestment_rate": 125.45,
            "research_to_sale_ratio": 2.36,
            "price_fair": 95.19,
            "eps_avg_yearly": 4.54,
            "eps_latest_yearly": 2.24,
            "eps_growth_yearly": 10.98
        },
        "20182": {
            "year_quarter": 20182,
            "year": 2018,
            "quarter": 2,
            "eps": 0.63,
            "eps_growth_year": -25,
            "eps_4q": 3.02,
            "eps_4q_growth_year": -21.61,
            "roe": 1.87,
            "roe_4q": 8.98,
            "gross_profit": 106480,
            "gross_margin": 24.92,
            "gross_margin_4q_avg": 26.55,
            "net_income": 41844,
            "net_income_4q": null,
            "revenue": 427293,
            "revenue_4q": null,
            "common_shares": 660152,
            "book_valuer_per_share": 32.94,
            "book_valuer_per_share_4q_avg": 33.91,
            "equity": 2174713,
            "current_ratio": 124.74,
            "debt_ratio": 40.29,
            "inventory_turnover_ratio": 1.13,
            "account_receivable_turnover_ratio": 2.51,
            "reinvestment_rate": 125.2,
            "research_to_sale_ratio": 2.52,
            "price_fair": 145.31,
            "eps_avg_yearly": 4.48,
            "eps_latest_yearly": 2.52,
            "eps_growth_yearly": 22.44
        },
        "20183": {
            "year_quarter": 20183,
            "year": 2018,
            "quarter": 3,
            "eps": 1.02,
            "eps_growth_year": -15,
            "eps_4q": 2.84,
            "eps_4q_growth_year": -26.73,
            "roe": 3.04,
            "roe_4q": 8.38,
            "gross_profit": 140033,
            "gross_margin": 29.23,
            "gross_margin_4q_avg": 26.19,
            "net_income": 67209,
            "net_income_4q": null,
            "revenue": 479033,
            "revenue_4q": null,
            "common_shares": 660152,
            "book_valuer_per_share": 33.96,
            "book_valuer_per_share_4q_avg": 33.99,
            "equity": 2241922,
            "current_ratio": 144.15,
            "debt_ratio": 38.62,
            "inventory_turnover_ratio": 1.09,
            "account_receivable_turnover_ratio": 2.54,
            "reinvestment_rate": 125.25,
            "research_to_sale_ratio": 2.01,
            "price_fair": 155.31,
            "eps_avg_yearly": 4.44,
            "eps_latest_yearly": 4.08,
            "eps_growth_yearly": 28.32
        },
        "20184": {
            "year_quarter": 20184,
            "year": 2018,
            "quarter": 4,
            "eps": 1.06,
            "eps_growth_year": 69.86,
            "eps_4q": 3.28,
            "eps_4q_growth_year": -8.75,
            "roe": 3.08,
            "roe_4q": 9.620000000000001,
            "gross_profit": 122534,
            "gross_margin": 24.11,
            "gross_margin_4q_avg": 25.68,
            "net_income": 70169,
            "net_income_4q": null,
            "revenue": 508276,
            "revenue_4q": null,
            "common_shares": 660152,
            "book_valuer_per_share": 35.01,
            "book_valuer_per_share_4q_avg": 34.18,
            "equity": 2311169,
            "current_ratio": 156.09,
            "debt_ratio": 35.54,
            "inventory_turnover_ratio": 1.31,
            "account_receivable_turnover_ratio": 2.61,
            "reinvestment_rate": 120.37,
            "research_to_sale_ratio": 2.22,
            "price_fair": 132.03,
            "eps_avg_yearly": 4.3,
            "eps_latest_yearly": 4.24,
            "eps_growth_yearly": 20.69
        },
        "20191": {
            "year_quarter": 20191,
            "year": 2019,
            "quarter": 1,
            "eps": 0.91,
            "eps_growth_year": 62.5,
            "eps_4q": 3.62,
            "eps_4q_growth_year": 12.08,
            "roe": 2.56,
            "roe_4q": 10.55,
            "gross_profit": 129120,
            "gross_margin": 26.75,
            "gross_margin_4q_avg": 26.25,
            "net_income": 59822,
            "net_income_4q": null,
            "revenue": 482717,
            "revenue_4q": null,
            "common_shares": 660152,
            "book_valuer_per_share": 35.92,
            "book_valuer_per_share_4q_avg": 34.46,
            "equity": 2370991,
            "current_ratio": 168.15,
            "debt_ratio": 40.99,
            "inventory_turnover_ratio": 1.3,
            "account_receivable_turnover_ratio": 2.55,
            "reinvestment_rate": 115.09,
            "research_to_sale_ratio": 2.04,
            "price_fair": 149.54,
            "eps_avg_yearly": 4.27,
            "eps_latest_yearly": 3.64,
            "eps_growth_yearly": 26.05
        },
        "20192": {
            "year_quarter": 20192,
            "year": 2019,
            "quarter": 2,
            "eps": 1.38,
            "eps_growth_year": 119.05,
            "eps_4q": 4.37,
            "eps_4q_growth_year": 44.55,
            "roe": 3.96,
            "roe_4q": 12.64,
            "gross_profit": 167122,
            "gross_margin": 30.01,
            "gross_margin_4q_avg": 27.53,
            "net_income": 91423,
            "net_income_4q": null,
            "revenue": 556964,
            "revenue_4q": null,
            "common_shares": 660152,
            "book_valuer_per_share": 34.1,
            "book_valuer_per_share_4q_avg": 34.75,
            "equity": 2251165,
            "current_ratio": 156.3,
            "debt_ratio": 44.74,
            "inventory_turnover_ratio": 1.41,
            "account_receivable_turnover_ratio": 2.81,
            "reinvestment_rate": 99.11,
            "research_to_sale_ratio": 1.78,
            "price_fair": 155.4,
            "eps_avg_yearly": 4.44,
            "eps_latest_yearly": 5.52,
            "eps_growth_yearly": 46.73
        },
        "20193": {
            "year_quarter": 20193,
            "year": 2019,
            "quarter": 3,
            "eps": 1.26,
            "eps_growth_year": 23.53,
            "eps_4q": 4.62,
            "eps_4q_growth_year": 62.62,
            "roe": 3.64,
            "roe_4q": 13.24,
            "gross_profit": 159521,
            "gross_margin": 30.25,
            "gross_margin_4q_avg": 27.78,
            "net_income": 83490,
            "net_income_4q": null,
            "revenue": 527364,
            "revenue_4q": null,
            "common_shares": 660152,
            "book_valuer_per_share": 35.3,
            "book_valuer_per_share_4q_avg": 35.08,
            "equity": 2330487,
            "current_ratio": 210.43,
            "debt_ratio": 42.86,
            "inventory_turnover_ratio": 1.22,
            "account_receivable_turnover_ratio": 2.69,
            "reinvestment_rate": 95.71,
            "research_to_sale_ratio": 2.14,
            "price_fair": 63.44,
            "eps_avg_yearly": 4.3,
            "eps_latest_yearly": 5.04,
            "eps_growth_yearly": 4.77
        },
        "20194": {
            "year_quarter": 20194,
            "year": 2019,
            "quarter": 4,
            "eps": 3.4,
            "eps_growth_year": 219.78,
            "eps_4q": 6.95,
            "eps_4q_growth_year": 112.21,
            "roe": 9.19,
            "roe_4q": 19.349999999999998,
            "gross_profit": 123120,
            "gross_margin": 26,
            "gross_margin_4q_avg": 28.25,
            "net_income": 224385,
            "net_income_4q": null,
            "revenue": 473598,
            "revenue_4q": null,
            "common_shares": 660152,
            "book_valuer_per_share": 38.65,
            "book_valuer_per_share_4q_avg": 35.99,
            "equity": 2551792,
            "current_ratio": 263.73,
            "debt_ratio": 35.39,
            "inventory_turnover_ratio": 1.09,
            "account_receivable_turnover_ratio": 2.75,
            "reinvestment_rate": 53.69,
            "research_to_sale_ratio": 2.47,
            "price_fair": 164.85,
            "eps_avg_yearly": 4.71,
            "eps_latest_yearly": 13.6,
            "eps_growth_yearly": 48.59
        },
        "20201": {
            "year_quarter": 20201,
            "year": 2020,
            "quarter": 1,
            "eps": 1,
            "eps_growth_year": 9.89,
            "eps_4q": 7.05,
            "eps_4q_growth_year": 94.66,
            "roe": 2.56,
            "roe_4q": 19.35,
            "gross_profit": 133513,
            "gross_margin": 27.03,
            "gross_margin_4q_avg": 28.32,
            "net_income": 66028,
            "net_income_4q": null,
            "revenue": 493955,
            "revenue_4q": null,
            "common_shares": 660152,
            "book_valuer_per_share": 39.62,
            "book_valuer_per_share_4q_avg": 36.92,
            "equity": 2615398,
            "current_ratio": 275.43,
            "debt_ratio": 35.61,
            "inventory_turnover_ratio": 1.11,
            "account_receivable_turnover_ratio": 2.75,
            "reinvestment_rate": 47.27,
            "research_to_sale_ratio": 2.16,
            "price_fair": 159.86,
            "eps_avg_yearly": 4.57,
            "eps_latest_yearly": 4,
            "eps_growth_yearly": 33.39
        },
        "20202": {
            "year_quarter": 20202,
            "year": 2020,
            "quarter": 2,
            "eps": 1.51,
            "eps_growth_year": 9.42,
            "eps_4q": 6.52,
            "eps_4q_growth_year": 49.21,
            "roe": 3.94,
            "roe_4q": 19.33,
            "gross_profit": 196808,
            "gross_margin": 33.72,
            "gross_margin_4q_avg": 29.25,
            "net_income": 99700,
            "net_income_4q": null,
            "revenue": 583661,
            "revenue_4q": null,
            "common_shares": 660152,
            "book_valuer_per_share": 37.12,
            "book_valuer_per_share_4q_avg": 37.67,
            "equity": 2450489,
            "current_ratio": 187.47,
            "debt_ratio": 39.57,
            "inventory_turnover_ratio": 1.13,
            "account_receivable_turnover_ratio": 2.88,
            "reinvestment_rate": 26.61,
            "research_to_sale_ratio": 1.87,
            "price_fair": 161.09,
            "eps_avg_yearly": 4.6,
            "eps_latest_yearly": 6.04,
            "eps_growth_yearly": 49.32
        },
        "20203": {
            "year_quarter": 20203,
            "year": 2020,
            "quarter": 3,
            "eps": 1.14,
            "eps_growth_year": -9.52,
            "eps_4q": 6.51,
            "eps_4q_growth_year": 41.01,
            "roe": 3.32,
            "roe_4q": 19.009999999999998,
            "gross_profit": 179445,
            "gross_margin": 31.76,
            "gross_margin_4q_avg": 29.63,
            "net_income": 82722,
            "net_income_4q": null,
            "revenue": 565023,
            "revenue_4q": null,
            "common_shares": 726000,
            "book_valuer_per_share": 34.92,
            "book_valuer_per_share_4q_avg": 37.58,
            "equity": 2535202,
            "current_ratio": 264.21,
            "debt_ratio": 34.63,
            "inventory_turnover_ratio": 1.14,
            "account_receivable_turnover_ratio": 3.02,
            "reinvestment_rate": 6.15,
            "research_to_sale_ratio": 2.11,
            "price_fair": 160.74,
            "eps_avg_yearly": 4.59,
            "eps_latest_yearly": 4.56,
            "eps_growth_yearly": 46.66
        },
        "20204": {
            "year_quarter": 20204,
            "year": 2020,
            "quarter": 4,
            "eps": 1.11,
            "eps_growth_year": -67.47,
            "eps_4q": 4.53,
            "eps_4q_growth_year": -34.9,
            "roe": 3.12,
            "roe_4q": 12.94,
            "gross_profit": 168448,
            "gross_margin": 31.83,
            "gross_margin_4q_avg": 31.09,
            "net_income": 80273,
            "net_income_4q": null,
            "revenue": 529176,
            "revenue_4q": null,
            "common_shares": 726000,
            "book_valuer_per_share": 36.01,
            "book_valuer_per_share_4q_avg": 36.92,
            "equity": 2614052,
            "current_ratio": 256,
            "debt_ratio": 33.79,
            "inventory_turnover_ratio": 1.15,
            "account_receivable_turnover_ratio": 3.24,
            "reinvestment_rate": -8.42,
            "research_to_sale_ratio": 2.21,
            "price_fair": 162.49,
            "eps_avg_yearly": 4.64,
            "eps_latest_yearly": 4.44,
            "eps_growth_yearly": 51.72
        },
        "20211": {
            "year_quarter": 20211,
            "year": 2021,
            "quarter": 1,
            "eps": 1.18,
            "eps_growth_year": 18,
            "eps_4q": 4.8,
            "eps_4q_growth_year": -31.86,
            "roe": 3.24,
            "roe_4q": 13.62,
            "gross_profit": 167283,
            "gross_margin": 28.94,
            "gross_margin_4q_avg": 31.56,
            "net_income": 86009,
            "net_income_4q": null,
            "revenue": 577966,
            "revenue_4q": null,
            "common_shares": 726000,
            "book_valuer_per_share": 37.18,
            "book_valuer_per_share_4q_avg": 36.31,
            "equity": 2699337,
            "current_ratio": 265.39,
            "debt_ratio": 31.04,
            "inventory_turnover_ratio": 1.36,
            "account_receivable_turnover_ratio": 3.08,
            "reinvestment_rate": -14.11,
            "research_to_sale_ratio": 1.99,
            "price_fair": 164.76,
            "eps_avg_yearly": 4.71,
            "eps_latest_yearly": 4.72,
            "eps_growth_yearly": 53.03
        },
        "20212": {
            "year_quarter": 20212,
            "year": 2021,
            "quarter": 2,
            "eps": 0.75,
            "eps_growth_year": -50.33,
            "eps_4q": 4.18,
            "eps_4q_growth_year": -35.96,
            "roe": 1.99,
            "roe_4q": 11.670000000000002,
            "gross_profit": 130123,
            "gross_margin": 26.59,
            "gross_margin_4q_avg": 29.78,
            "net_income": 54288,
            "net_income_4q": null,
            "revenue": 489317,
            "revenue_4q": null,
            "common_shares": 726000,
            "book_valuer_per_share": 37.99,
            "book_valuer_per_share_4q_avg": 36.53,
            "equity": 2758198,
            "current_ratio": 286.21,
            "debt_ratio": 28.94,
            "inventory_turnover_ratio": 1.17,
            "account_receivable_turnover_ratio": 2.5,
            "reinvestment_rate": -41.83,
            "research_to_sale_ratio": 2.29,
            "price_fair": 163.98,
            "eps_avg_yearly": 4.69,
            "eps_latest_yearly": 3,
            "eps_growth_yearly": 46.09
        },
        "20213": {
            "year_quarter": 20213,
            "year": 2021,
            "quarter": 3,
            "eps": 2.83,
            "eps_growth_year": 148.25,
            "eps_4q": 5.87,
            "eps_4q_growth_year": -9.86,
            "roe": 7.59,
            "roe_4q": 15.940000000000001,
            "gross_profit": 116323,
            "gross_margin": 24.97,
            "gross_margin_4q_avg": 28.08,
            "net_income": 205662,
            "net_income_4q": null,
            "revenue": 465784,
            "revenue_4q": null,
            "common_shares": 726000,
            "book_valuer_per_share": 36.62,
            "book_valuer_per_share_4q_avg": 36.95,
            "equity": 2658940,
            "current_ratio": 202.44,
            "debt_ratio": 33.27,
            "inventory_turnover_ratio": 1.07,
            "account_receivable_turnover_ratio": 2.74,
            "reinvestment_rate": -44.05,
            "research_to_sale_ratio": 2.39,
            "price_fair": 178.24,
            "eps_avg_yearly": 5.09,
            "eps_latest_yearly": 11.32,
            "eps_growth_yearly": 104.71
        },
        "20214": {
            "year_quarter": 20214,
            "year": 2021,
            "quarter": 4,
            "eps": 0.56,
            "eps_growth_year": -49.6,
            "eps_4q": 5.32,
            "eps_4q_growth_year": 17.55,
            "roe": 1.51,
            "roe_4q": 14.33,
            "gross_profit": 109687,
            "gross_margin": 22.58,
            "gross_margin_4q_avg": 25.77,
            "net_income": 40456,
            "net_income_4q": null,
            "revenue": 485682,
            "revenue_4q": null,
            "common_shares": 726000,
            "book_valuer_per_share": 37.27,
            "book_valuer_per_share_4q_avg": 37.27,
            "equity": 2705446,
            "current_ratio": 321.92,
            "debt_ratio": 28.72,
            "inventory_turnover_ratio": 1.12,
            "account_receivable_turnover_ratio": 2.86,
            "reinvestment_rate": -47.42,
            "research_to_sale_ratio": 2.77,
            "price_fair": 177.63,
            "eps_avg_yearly": 5.08,
            "eps_latest_yearly": 2.24,
            "eps_growth_yearly": 96.53
        },
        "20221": {
            "year_quarter": 20221,
            "year": 2022,
            "quarter": 1,
            "eps": 0.77,
            "eps_growth_year": -34.75,
            "eps_4q": 4.91,
            "eps_4q_growth_year": 2.2,
            "roe": 2.05,
            "roe_4q": 13.139999999999999,
            "gross_profit": 109611,
            "gross_margin": 22.12,
            "gross_margin_4q_avg": 24.07,
            "net_income": 55965,
            "net_income_4q": null,
            "revenue": 495494,
            "revenue_4q": null,
            "common_shares": 726000,
            "book_valuer_per_share": 38.04,
            "book_valuer_per_share_4q_avg": 37.48,
            "equity": 2761570,
            "current_ratio": 344.92,
            "debt_ratio": 26.58,
            "inventory_turnover_ratio": 1.16,
            "account_receivable_turnover_ratio": 2.53,
            "reinvestment_rate": -46,
            "research_to_sale_ratio": 2.26,
            "price_fair": 179.46,
            "eps_avg_yearly": 5.13,
            "eps_latest_yearly": 3.08,
            "eps_growth_yearly": 108.68
        },
        "20222": {
            "year_quarter": 20222,
            "year": 2022,
            "quarter": 2,
            "eps": 0.81,
            "eps_growth_year": 8,
            "eps_4q": 4.97,
            "eps_4q_growth_year": 18.99,
            "roe": 2.24,
            "roe_4q": 13.39,
            "gross_profit": 118580,
            "gross_margin": 24.27,
            "gross_margin_4q_avg": 23.49,
            "net_income": 58808,
            "net_income_4q": null,
            "revenue": 488685,
            "revenue_4q": null,
            "common_shares": 726000,
            "book_valuer_per_share": 34.35,
            "book_valuer_per_share_4q_avg": 36.57,
            "equity": 2493678,
            "current_ratio": 179.6,
            "debt_ratio": 33.23,
            "inventory_turnover_ratio": 1.09,
            "account_receivable_turnover_ratio": 2.45,
            "reinvestment_rate": -47.07,
            "research_to_sale_ratio": 2.07,
            "price_fair": 181.04,
            "eps_avg_yearly": 5.17,
            "eps_latest_yearly": 3.24,
            "eps_growth_yearly": 106.86
        },
        "20223": {
            "year_quarter": 20223,
            "year": 2022,
            "quarter": 3,
            "eps": 1.56,
            "eps_growth_year": -44.88,
            "eps_4q": 3.69,
            "eps_4q_growth_year": -37.08,
            "roe": 4.43,
            "roe_4q": 10.229999999999999,
            "gross_profit": 167794,
            "gross_margin": 28.77,
            "gross_margin_4q_avg": 24.44,
            "net_income": 112946,
            "net_income_4q": null,
            "revenue": 583177,
            "revenue_4q": null,
            "common_shares": 726000,
            "book_valuer_per_share": 35.9,
            "book_valuer_per_share_4q_avg": 36.39,
            "equity": 2606624,
            "current_ratio": 247.38,
            "debt_ratio": 25.69,
            "inventory_turnover_ratio": 1.15,
            "account_receivable_turnover_ratio": 2.82,
            "reinvestment_rate": -47.73,
            "research_to_sale_ratio": 1.94,
            "price_fair": 185.76,
            "eps_avg_yearly": 5.31,
            "eps_latest_yearly": 6.24,
            "eps_growth_yearly": 114.53
        },
        "20224": {
            "year_quarter": 20224,
            "year": 2022,
            "quarter": 4,
            "eps": 1.43,
            "eps_growth_year": 156.27,
            "eps_4q": 4.56,
            "eps_4q_growth_year": -14.24,
            "roe": 3.9,
            "roe_4q": 12.620000000000001,
            "gross_profit": 191985,
            "gross_margin": 31.09,
            "gross_margin_4q_avg": 26.56,
            "net_income": 103678,
            "net_income_4q": null,
            "revenue": 617578,
            "revenue_4q": null,
            "common_shares": 726000,
            "book_valuer_per_share": 37.42,
            "book_valuer_per_share_4q_avg": 36.43,
            "equity": 2716700,
            "current_ratio": 263.51,
            "debt_ratio": 25.48,
            "inventory_turnover_ratio": 1.16,
            "account_receivable_turnover_ratio": 2.69,
            "reinvestment_rate": -41.87,
            "research_to_sale_ratio": 2.19,
            "price_fair": 189,
            "eps_avg_yearly": 5.4,
            "eps_latest_yearly": 5.72,
            "eps_growth_yearly": 111.47
        },
        "20231": {
            "year_quarter": 20231,
            "year": 2023,
            "quarter": 1,
            "eps": 1.56,
            "eps_growth_year": 102.6,
            "eps_4q": 5.36,
            "eps_4q_growth_year": 9.15,
            "roe": 4.09,
            "roe_4q": 14.66,
            "gross_profit": 199092,
            "gross_margin": 31.79,
            "gross_margin_4q_avg": 28.98,
            "net_income": 113561,
            "net_income_4q": null,
            "revenue": 626322,
            "revenue_4q": null,
            "common_shares": 726000,
            "book_valuer_per_share": 38.98,
            "book_valuer_per_share_4q_avg": 36.66,
            "equity": 2830261,
            "current_ratio": 295.94,
            "debt_ratio": 24.43,
            "inventory_turnover_ratio": 1.21,
            "account_receivable_turnover_ratio": 2.82,
            "reinvestment_rate": -40.51,
            "research_to_sale_ratio": 1.95,
            "price_fair": 194.69,
            "eps_avg_yearly": 5.56,
            "eps_latest_yearly": 6.24,
            "eps_growth_yearly": 117.28
        },
        "20232": {
            "year_quarter": 20232,
            "year": 2023,
            "quarter": 2,
            "eps": 1.52,
            "eps_growth_year": 87.65,
            "eps_4q": 6.07,
            "eps_4q_growth_year": 22.11,
            "roe": 4.04,
            "roe_4q": 16.46,
            "gross_profit": 189729,
            "gross_margin": 31.97,
            "gross_margin_4q_avg": 30.91,
            "net_income": 110498,
            "net_income_4q": null,
            "revenue": 593392,
            "revenue_4q": null,
            "common_shares": 726000,
            "book_valuer_per_share": 36.31,
            "book_valuer_per_share_4q_avg": 37.15,
            "equity": 2635839,
            "current_ratio": 202.25,
            "debt_ratio": 31.3,
            "inventory_turnover_ratio": 1.19,
            "account_receivable_turnover_ratio": 2.62,
            "reinvestment_rate": -39.98,
            "research_to_sale_ratio": 1.9,
            "price_fair": 195.91,
            "eps_avg_yearly": 5.6,
            "eps_latest_yearly": 6.08,
            "eps_growth_yearly": 103.72
        }
    },
    "months": {
        "2003-10": {
            "month": "2003-10",
            "price": "27.50",
            "revenue": 42934
        },
        "2003-12": {
            "month": "2003-12",
            "price": "31.10",
            "revenue": 57227
        },
        "2004-01": {
            "month": "2004-01",
            "price": "32.93",
            "revenue": 33381
        },
        "2004-02": {
            "month": "2004-02",
            "price": "35.06",
            "revenue": 34618
        },
        "2004-03": {
            "month": "2004-03",
            "price": "37.93",
            "revenue": 102667
        },
        "2004-04": {
            "month": "2004-04",
            "price": "34.15",
            "revenue": 45176
        },
        "2004-05": {
            "month": "2004-05",
            "price": "25.83",
            "revenue": 41178
        },
        "2004-06": {
            "month": "2004-06",
            "price": "25.05",
            "revenue": 46010
        },
        "2004-07": {
            "month": "2004-07",
            "price": "22.15",
            "revenue": 53559
        },
        "2004-08": {
            "month": "2004-08",
            "price": "19.04",
            "revenue": 51738
        },
        "2004-09": {
            "month": "2004-09",
            "price": "20.06",
            "revenue": 45768
        },
        "2004-10": {
            "month": "2004-10",
            "price": "18.78",
            "revenue": 54238
        },
        "2004-11": {
            "month": "2004-11",
            "price": "17.69",
            "revenue": 45947
        },
        "2004-12": {
            "month": "2004-12",
            "price": "17.22",
            "revenue": 52078
        },
        "2005-01": {
            "month": "2005-01",
            "price": "19.59",
            "revenue": 48261
        },
        "2005-02": {
            "month": "2005-02",
            "price": "23.64",
            "revenue": 37662
        },
        "2005-03": {
            "month": "2005-03",
            "price": "21.41",
            "revenue": 42951
        },
        "2005-04": {
            "month": "2005-04",
            "price": "18.18",
            "revenue": 42936
        },
        "2005-05": {
            "month": "2005-05",
            "price": "16.45",
            "revenue": 54279
        },
        "2005-06": {
            "month": "2005-06",
            "price": "16.93",
            "revenue": 45140
        },
        "2005-07": {
            "month": "2005-07",
            "price": "17.16",
            "revenue": 37183
        },
        "2005-08": {
            "month": "2005-08",
            "price": "13.99",
            "revenue": 33622
        },
        "2005-09": {
            "month": "2005-09",
            "price": "12.02",
            "revenue": 40298
        },
        "2005-10": {
            "month": "2005-10",
            "price": "13.22",
            "revenue": 40113
        },
        "2005-11": {
            "month": "2005-11",
            "price": "13.08",
            "revenue": 56147
        },
        "2005-12": {
            "month": "2005-12",
            "price": "12.15",
            "revenue": 56675
        },
        "2006-01": {
            "month": "2006-01",
            "price": "12.37",
            "revenue": 41765
        },
        "2006-02": {
            "month": "2006-02",
            "price": "12.12",
            "revenue": 36126
        },
        "2006-03": {
            "month": "2006-03",
            "price": "11.94",
            "revenue": 53845
        },
        "2006-04": {
            "month": "2006-04",
            "price": "12.27",
            "revenue": 59274
        },
        "2006-05": {
            "month": "2006-05",
            "price": "13.82",
            "revenue": 77019
        },
        "2006-06": {
            "month": "2006-06",
            "price": "16.39",
            "revenue": 67884
        },
        "2006-07": {
            "month": "2006-07",
            "price": "16.96",
            "revenue": 108006
        },
        "2006-08": {
            "month": "2006-08",
            "price": "18.51",
            "revenue": 61609
        },
        "2006-09": {
            "month": "2006-09",
            "price": "18.26",
            "revenue": 66966
        },
        "2006-10": {
            "month": "2006-10",
            "price": "19.02",
            "revenue": 48048
        },
        "2006-11": {
            "month": "2006-11",
            "price": "19.03",
            "revenue": 56470
        },
        "2006-12": {
            "month": "2006-12",
            "price": "19.72",
            "revenue": 61914
        },
        "2007-01": {
            "month": "2007-01",
            "price": "21.66",
            "revenue": 65375
        },
        "2007-02": {
            "month": "2007-02",
            "price": "23.72",
            "revenue": 45122
        },
        "2007-03": {
            "month": "2007-03",
            "price": "25.63",
            "revenue": 82171
        },
        "2007-04": {
            "month": "2007-04",
            "price": "30.54",
            "revenue": 73543
        },
        "2007-05": {
            "month": "2007-05",
            "price": "32.54",
            "revenue": 77676
        },
        "2007-06": {
            "month": "2007-06",
            "price": "35.02",
            "revenue": 67066
        },
        "2007-07": {
            "month": "2007-07",
            "price": "46.04",
            "revenue": 64528
        },
        "2007-08": {
            "month": "2007-08",
            "price": "40.29",
            "revenue": 78155
        },
        "2007-09": {
            "month": "2007-09",
            "price": "39.88",
            "revenue": 61787
        },
        "2007-10": {
            "month": "2007-10",
            "price": "34.13",
            "revenue": 72226
        },
        "2007-11": {
            "month": "2007-11",
            "price": "27.70",
            "revenue": 64081
        },
        "2007-12": {
            "month": "2007-12",
            "price": "26.87",
            "revenue": 81115
        },
        "2008-01": {
            "month": "2008-01",
            "price": "25.85",
            "revenue": 87516
        },
        "2008-02": {
            "month": "2008-02",
            "price": "27.31",
            "revenue": 51541
        },
        "2008-03": {
            "month": "2008-03",
            "price": "29.09",
            "revenue": 83623
        },
        "2008-04": {
            "month": "2008-04",
            "price": "32.96",
            "revenue": 70647
        },
        "2008-05": {
            "month": "2008-05",
            "price": "35.16",
            "revenue": 71147
        },
        "2008-06": {
            "month": "2008-06",
            "price": "29.51",
            "revenue": 79855
        },
        "2008-07": {
            "month": "2008-07",
            "price": "27.45",
            "revenue": 84501
        },
        "2008-08": {
            "month": "2008-08",
            "price": "27.07",
            "revenue": 80143
        },
        "2008-09": {
            "month": "2008-09",
            "price": "24.16",
            "revenue": 75465
        },
        "2008-10": {
            "month": "2008-10",
            "price": "20.76",
            "revenue": 74717
        },
        "2008-11": {
            "month": "2008-11",
            "price": "22.46",
            "revenue": 91621
        },
        "2008-12": {
            "month": "2008-12",
            "price": "26.39",
            "revenue": 110225
        },
        "2009-01": {
            "month": "2009-01",
            "price": "30.73",
            "revenue": 68907
        },
        "2009-02": {
            "month": "2009-02",
            "price": "31.61",
            "revenue": 81748
        },
        "2009-03": {
            "month": "2009-03",
            "price": "35.92",
            "revenue": 95851
        },
        "2009-04": {
            "month": "2009-04",
            "price": "43.80",
            "revenue": 89531
        },
        "2009-05": {
            "month": "2009-05",
            "price": "44.27",
            "revenue": 93213
        },
        "2009-06": {
            "month": "2009-06",
            "price": "48.86",
            "revenue": 100008
        },
        "2009-07": {
            "month": "2009-07",
            "price": "61.26",
            "revenue": 85421
        },
        "2009-08": {
            "month": "2009-08",
            "price": "64.91",
            "revenue": 102800
        },
        "2009-09": {
            "month": "2009-09",
            "price": "71.45",
            "revenue": 105864
        },
        "2009-10": {
            "month": "2009-10",
            "price": "73.14",
            "revenue": 112220
        },
        "2009-11": {
            "month": "2009-11",
            "price": "79.95",
            "revenue": 98997
        },
        "2009-12": {
            "month": "2009-12",
            "price": "78.10",
            "revenue": 99868
        },
        "2010-01": {
            "month": "2010-01",
            "price": "76.94",
            "revenue": 102442
        },
        "2010-02": {
            "month": "2010-02",
            "price": "74.63",
            "revenue": 84350
        },
        "2010-03": {
            "month": "2010-03",
            "price": "79.11",
            "revenue": 113002
        },
        "2010-04": {
            "month": "2010-04",
            "price": "81.33",
            "revenue": 108144
        },
        "2010-05": {
            "month": "2010-05",
            "price": "73.30",
            "revenue": 102137
        },
        "2010-06": {
            "month": "2010-06",
            "price": "72.95",
            "revenue": 109180
        },
        "2010-07": {
            "month": "2010-07",
            "price": "74.34",
            "revenue": 99742
        },
        "2010-08": {
            "month": "2010-08",
            "price": "84.13",
            "revenue": 110756
        },
        "2010-09": {
            "month": "2010-09",
            "price": "95.21",
            "revenue": 100239
        },
        "2010-10": {
            "month": "2010-10",
            "price": "127.95",
            "revenue": 102295
        },
        "2010-11": {
            "month": "2010-11",
            "price": "123.91",
            "revenue": 96990
        },
        "2010-12": {
            "month": "2010-12",
            "price": "128.48",
            "revenue": 119026
        },
        "2011-01": {
            "month": "2011-01",
            "price": "118.02",
            "revenue": 118721
        },
        "2011-02": {
            "month": "2011-02",
            "price": "111.54",
            "revenue": 91685
        },
        "2011-03": {
            "month": "2011-03",
            "price": "118.61",
            "revenue": 115484
        },
        "2011-04": {
            "month": "2011-04",
            "price": "122.97",
            "revenue": 120945
        },
        "2011-05": {
            "month": "2011-05",
            "price": "125.17",
            "revenue": 125190
        },
        "2011-06": {
            "month": "2011-06",
            "price": "120.83",
            "revenue": 126163
        },
        "2011-07": {
            "month": "2011-07",
            "price": "115.17",
            "revenue": 110390
        },
        "2011-08": {
            "month": "2011-08",
            "price": "104.67",
            "revenue": 120811
        },
        "2011-09": {
            "month": "2011-09",
            "price": "98.53",
            "revenue": 111042
        },
        "2011-10": {
            "month": "2011-10",
            "price": "96.51",
            "revenue": 101762
        },
        "2011-11": {
            "month": "2011-11",
            "price": "93.75",
            "revenue": 101343
        },
        "2011-12": {
            "month": "2011-12",
            "price": "79.42",
            "revenue": 100082
        },
        "2012-01": {
            "month": "2012-01",
            "price": "76.12",
            "revenue": 104166
        },
        "2012-02": {
            "month": "2012-02",
            "price": "89.04",
            "revenue": 110635
        },
        "2012-03": {
            "month": "2012-03",
            "price": "91.40",
            "revenue": 127806
        },
        "2012-04": {
            "month": "2012-04",
            "price": "88.43",
            "revenue": 101001
        },
        "2012-05": {
            "month": "2012-05",
            "price": "88.69",
            "revenue": 132778
        },
        "2012-06": {
            "month": "2012-06",
            "price": "86.38",
            "revenue": 107847
        },
        "2012-07": {
            "month": "2012-07",
            "price": "81.49",
            "revenue": 123673
        },
        "2012-08": {
            "month": "2012-08",
            "price": "80.41",
            "revenue": 136348
        },
        "2012-09": {
            "month": "2012-09",
            "price": "84.66",
            "revenue": 108996
        },
        "2012-10": {
            "month": "2012-10",
            "price": "86.43",
            "revenue": 131530
        },
        "2012-11": {
            "month": "2012-11",
            "price": "86.00",
            "revenue": 123547
        },
        "2012-12": {
            "month": "2012-12",
            "price": "84.06",
            "revenue": 130382
        },
        "2013-01": {
            "month": "2013-01",
            "price": "82.49",
            "revenue": 133421
        },
        "2013-02": {
            "month": "2013-02",
            "price": "86.28",
            "revenue": 90750
        },
        "2013-03": {
            "month": "2013-03",
            "price": "88.33",
            "revenue": 133371
        },
        "2013-04": {
            "month": "2013-04",
            "price": "97.28",
            "revenue": 121933
        },
        "2013-05": {
            "month": "2013-05",
            "price": "99.61",
            "revenue": 133863
        },
        "2013-06": {
            "month": "2013-06",
            "price": "104.03",
            "revenue": 126707
        },
        "2013-07": {
            "month": "2013-07",
            "price": "101.52",
            "revenue": 117256
        },
        "2013-08": {
            "month": "2013-08",
            "price": "105.64",
            "revenue": 135823
        },
        "2013-09": {
            "month": "2013-09",
            "price": "101.92",
            "revenue": 98822
        },
        "2013-10": {
            "month": "2013-10",
            "price": "104.23",
            "revenue": 112343
        },
        "2013-11": {
            "month": "2013-11",
            "price": "106.62",
            "revenue": 117651
        },
        "2013-12": {
            "month": "2013-12",
            "price": "102.95",
            "revenue": 121955
        },
        "2014-01": {
            "month": "2014-01",
            "price": "94.12",
            "revenue": 125563
        },
        "2014-02": {
            "month": "2014-02",
            "price": "90.80",
            "revenue": 110697
        },
        "2014-03": {
            "month": "2014-03",
            "price": "85.97",
            "revenue": 135552
        },
        "2014-04": {
            "month": "2014-04",
            "price": "79.84",
            "revenue": 131144
        },
        "2014-05": {
            "month": "2014-05",
            "price": "78.03",
            "revenue": 124310
        },
        "2014-06": {
            "month": "2014-06",
            "price": "78.52",
            "revenue": 107521
        },
        "2014-07": {
            "month": "2014-07",
            "price": "77.61",
            "revenue": 145135
        },
        "2014-08": {
            "month": "2014-08",
            "price": "70.03",
            "revenue": 123315
        },
        "2014-09": {
            "month": "2014-09",
            "price": "68.40",
            "revenue": 108030
        },
        "2014-10": {
            "month": "2014-10",
            "price": "65.12",
            "revenue": 143807
        },
        "2014-11": {
            "month": "2014-11",
            "price": "64.80",
            "revenue": 121682
        },
        "2014-12": {
            "month": "2014-12",
            "price": "69.69",
            "revenue": 129909
        },
        "2015-01": {
            "month": "2015-01",
            "price": "69.58",
            "revenue": 134197
        },
        "2015-02": {
            "month": "2015-02",
            "price": "69.61",
            "revenue": 100330
        },
        "2015-03": {
            "month": "2015-03",
            "price": "71.08",
            "revenue": 128960
        },
        "2015-04": {
            "month": "2015-04",
            "price": "68.04",
            "revenue": 122425
        },
        "2015-05": {
            "month": "2015-05",
            "price": "64.86",
            "revenue": 105268
        },
        "2015-06": {
            "month": "2015-06",
            "price": "62.54",
            "revenue": 126012
        },
        "2015-07": {
            "month": "2015-07",
            "price": "59.98",
            "revenue": 146830
        },
        "2015-08": {
            "month": "2015-08",
            "price": "53.49",
            "revenue": 153765
        },
        "2015-09": {
            "month": "2015-09",
            "price": "60.28",
            "revenue": 138906
        },
        "2015-10": {
            "month": "2015-10",
            "price": "64.66",
            "revenue": 149070
        },
        "2015-11": {
            "month": "2015-11",
            "price": "74.34",
            "revenue": 135278
        },
        "2015-12": {
            "month": "2015-12",
            "price": "76.77",
            "revenue": 180523
        },
        "2016-01": {
            "month": "2016-01",
            "price": "79.61",
            "revenue": 147773
        },
        "2016-02": {
            "month": "2016-02",
            "price": "87.48",
            "revenue": 117829
        },
        "2016-03": {
            "month": "2016-03",
            "price": "84.90",
            "revenue": 186408
        },
        "2016-04": {
            "month": "2016-04",
            "price": "92.83",
            "revenue": 148951
        },
        "2016-05": {
            "month": "2016-05",
            "price": "105.34",
            "revenue": 165617
        },
        "2016-06": {
            "month": "2016-06",
            "price": "117.05",
            "revenue": 137860
        },
        "2016-07": {
            "month": "2016-07",
            "price": "106.38",
            "revenue": 143503
        },
        "2016-08": {
            "month": "2016-08",
            "price": "97.88",
            "revenue": 140233
        },
        "2016-09": {
            "month": "2016-09",
            "price": "96.52",
            "revenue": 136063
        },
        "2016-10": {
            "month": "2016-10",
            "price": "94.59",
            "revenue": 119321
        },
        "2016-11": {
            "month": "2016-11",
            "price": "81.86",
            "revenue": 114749
        },
        "2016-12": {
            "month": "2016-12",
            "price": "82.86",
            "revenue": 131356
        },
        "2017-01": {
            "month": "2017-01",
            "price": "81.24",
            "revenue": 138213
        },
        "2017-02": {
            "month": "2017-02",
            "price": "82.39",
            "revenue": 121704
        },
        "2017-03": {
            "month": "2017-03",
            "price": "81.90",
            "revenue": 164954
        },
        "2017-04": {
            "month": "2017-04",
            "price": "78.57",
            "revenue": 101092
        },
        "2017-05": {
            "month": "2017-05",
            "price": "78.48",
            "revenue": 154677
        },
        "2017-06": {
            "month": "2017-06",
            "price": "80.04",
            "revenue": 191914
        },
        "2017-07": {
            "month": "2017-07",
            "price": "78.10",
            "revenue": 160243
        },
        "2017-08": {
            "month": "2017-08",
            "price": "73.86",
            "revenue": 150371
        },
        "2017-09": {
            "month": "2017-09",
            "price": "72.65",
            "revenue": 156092
        },
        "2017-10": {
            "month": "2017-10",
            "price": "74.22",
            "revenue": 148984
        },
        "2017-11": {
            "month": "2017-11",
            "price": "81.43",
            "revenue": 132162
        },
        "2017-12": {
            "month": "2017-12",
            "price": "83.27",
            "revenue": 114565
        },
        "2018-01": {
            "month": "2018-01",
            "price": "79.94",
            "revenue": 155221
        },
        "2018-02": {
            "month": "2018-02",
            "price": "78.68",
            "revenue": 89650
        },
        "2018-03": {
            "month": "2018-03",
            "price": "75.98",
            "revenue": 162968
        },
        "2018-04": {
            "month": "2018-04",
            "price": "75.07",
            "revenue": 126547
        },
        "2018-05": {
            "month": "2018-05",
            "price": "74.46",
            "revenue": 162619
        },
        "2018-06": {
            "month": "2018-06",
            "price": "73.00",
            "revenue": 138126
        },
        "2018-07": {
            "month": "2018-07",
            "price": "64.04",
            "revenue": 168599
        },
        "2018-08": {
            "month": "2018-08",
            "price": "68.03",
            "revenue": 168858
        },
        "2018-09": {
            "month": "2018-09",
            "price": "70.12",
            "revenue": 141575
        },
        "2018-10": {
            "month": "2018-10",
            "price": "67.70",
            "revenue": 147131
        },
        "2018-11": {
            "month": "2018-11",
            "price": "69.10",
            "revenue": 184433
        },
        "2018-12": {
            "month": "2018-12",
            "price": "69.01",
            "revenue": 176712
        },
        "2019-01": {
            "month": "2019-01",
            "price": "73.92",
            "revenue": 209872
        },
        "2019-02": {
            "month": "2019-02",
            "price": "78.38",
            "revenue": 116053
        },
        "2019-03": {
            "month": "2019-03",
            "price": "76.01",
            "revenue": 156793
        },
        "2019-04": {
            "month": "2019-04",
            "price": "73.16",
            "revenue": 164190
        },
        "2019-05": {
            "month": "2019-05",
            "price": "77.63",
            "revenue": 178852
        },
        "2019-06": {
            "month": "2019-06",
            "price": "78.69",
            "revenue": 213921
        },
        "2019-07": {
            "month": "2019-07",
            "price": "82.44",
            "revenue": 184806
        },
        "2019-08": {
            "month": "2019-08",
            "price": "81.69",
            "revenue": 186371
        },
        "2019-09": {
            "month": "2019-09",
            "price": "85.35",
            "revenue": 156188
        },
        "2019-10": {
            "month": "2019-10",
            "price": "83.55",
            "revenue": 166804
        },
        "2019-11": {
            "month": "2019-11",
            "price": "80.22",
            "revenue": 134501
        },
        "2019-12": {
            "month": "2019-12",
            "price": "75.21",
            "revenue": 172293
        },
        "2020-01": {
            "month": "2020-01",
            "price": "74.35",
            "revenue": 127889
        },
        "2020-02": {
            "month": "2020-02",
            "price": "74.56",
            "revenue": 163919
        },
        "2020-03": {
            "month": "2020-03",
            "price": "70.38",
            "revenue": 202148
        },
        "2020-04": {
            "month": "2020-04",
            "price": "79.42",
            "revenue": 172145
        },
        "2020-05": {
            "month": "2020-05",
            "price": "78.73",
            "revenue": 200717
        },
        "2020-06": {
            "month": "2020-06",
            "price": "84.97",
            "revenue": 210798
        },
        "2020-07": {
            "month": "2020-07",
            "price": "88.48",
            "revenue": 213327
        },
        "2020-08": {
            "month": "2020-08",
            "price": "77.67",
            "revenue": 173278
        },
        "2020-09": {
            "month": "2020-09",
            "price": "71.62",
            "revenue": 178417
        },
        "2020-10": {
            "month": "2020-10",
            "price": "70.98",
            "revenue": 177229
        },
        "2020-11": {
            "month": "2020-11",
            "price": "69.65",
            "revenue": 183591
        },
        "2020-12": {
            "month": "2020-12",
            "price": "70.15",
            "revenue": 168357
        },
        "2021-01": {
            "month": "2021-01",
            "price": "67.87",
            "revenue": 201202
        },
        "2021-02": {
            "month": "2021-02",
            "price": "67.45",
            "revenue": 168996
        },
        "2021-03": {
            "month": "2021-03",
            "price": "72.06",
            "revenue": 207768
        },
        "2021-04": {
            "month": "2021-04",
            "price": "73.78",
            "revenue": 163524
        },
        "2021-05": {
            "month": "2021-05",
            "price": "72.38",
            "revenue": 160325
        },
        "2021-06": {
            "month": "2021-06",
            "price": "71.98",
            "revenue": 165467
        },
        "2021-07": {
            "month": "2021-07",
            "price": "71.17",
            "revenue": 181424
        },
        "2021-08": {
            "month": "2021-08",
            "price": "70.62",
            "revenue": 146245
        },
        "2021-09": {
            "month": "2021-09",
            "price": "73.57",
            "revenue": 138114
        },
        "2021-10": {
            "month": "2021-10",
            "price": "67.42",
            "revenue": 170659
        },
        "2021-11": {
            "month": "2021-11",
            "price": "71.43",
            "revenue": 156261
        },
        "2021-12": {
            "month": "2021-12",
            "price": "74.05",
            "revenue": 158762
        },
        "2022-01": {
            "month": "2022-01",
            "price": "75.51",
            "revenue": 169387
        },
        "2022-02": {
            "month": "2022-02",
            "price": "73.37",
            "revenue": 139692
        },
        "2022-03": {
            "month": "2022-03",
            "price": "72.29",
            "revenue": 186415
        },
        "2022-04": {
            "month": "2022-04",
            "price": "72.34",
            "revenue": 144600
        },
        "2022-05": {
            "month": "2022-05",
            "price": "70.56",
            "revenue": 181590
        },
        "2022-06": {
            "month": "2022-06",
            "price": "70.71",
            "revenue": 162496
        },
        "2022-07": {
            "month": "2022-07",
            "price": "65.99",
            "revenue": 177968
        },
        "2022-08": {
            "month": "2022-08",
            "price": "67.93",
            "revenue": 202316
        },
        "2022-09": {
            "month": "2022-09",
            "price": "68.70",
            "revenue": 202893
        },
        "2022-10": {
            "month": "2022-10",
            "price": "66.37",
            "revenue": 204745
        },
        "2022-11": {
            "month": "2022-11",
            "price": "68.62",
            "revenue": 205484
        },
        "2022-12": {
            "month": "2022-12",
            "price": "74.44",
            "revenue": 207348
        },
        "2023-01": {
            "month": "2023-01",
            "price": "73.12",
            "revenue": 189996
        },
        "2023-02": {
            "month": "2023-02",
            "price": "75.22",
            "revenue": 225408
        },
        "2023-03": {
            "month": "2023-03",
            "price": "82.65",
            "revenue": 210918
        },
        "2023-04": {
            "month": "2023-04",
            "price": "84.55",
            "revenue": 164015
        },
        "2023-05": {
            "month": "2023-05",
            "price": "87.35",
            "revenue": 209226
        },
        "2023-06": {
            "month": "2023-06",
            "price": "88.30",
            "revenue": 220151
        },
        "2023-07": {
            "month": "2023-07",
            "price": "88.85",
            "revenue": 182035
        },
        "2023-08": {
            "month": "2023-08",
            "price": "81.99",
            "revenue": 195342
        },
        "2023-09": {
            "month": "2023-09",
            "price": "82.67",
            "revenue": 203332
        }
    }
}
