{
    "summary": {
        "stock_name": "天良",
        "stock_id": "4127",
        "category": "生技醫療",
        "main_business": "中藥製造買賣<br>西藥進口批發零售<br>其他健康照護產品、保健食品製造、批發、零售",
        "website_url": "http://www.tlb.com.tw",
        "ceo": "紀元章",
        "pe_ratio": 17,
        "report_year_from": 2001,
        "report_year_to": 2023,
        "age": 22,
        "eps_negative_percentage": 35,
        "eps_growth_avg": {
            "last_all": -4.47,
            "last_2y": 27.45,
            "last_4y": 27.45,
            "last_8y": -16.38,
            "last_12y": -22.45,
            "last_16y": -14.91,
            "last_20y": null,
            "at_2006_last_3y": null,
            "at_2007_last_3y": null,
            "at_2008_last_3y": 9.29,
            "at_2009_last_3y": -3.62,
            "at_2010_last_3y": -14.36,
            "at_2011_last_3y": 10.25,
            "at_2012_last_3y": -25.81,
            "at_2013_last_3y": -34.57,
            "at_2014_last_3y": 28.64,
            "at_2015_last_3y": 12.63,
            "at_2016_last_3y": -15.53,
            "at_2017_last_3y": -31,
            "at_2018_last_3y": -59.7,
            "at_2019_last_3y": -100,
            "at_2020_last_3y": null,
            "at_2021_last_3y": null,
            "at_2022_last_3y": 27.45,
            "at_2023_last_3y": 27.45,
            "at_2006_last_all": 21.49,
            "at_2007_last_all": -15.07,
            "at_2008_last_all": 9.29,
            "at_2009_last_all": 17.11,
            "at_2010_last_all": -2.41,
            "at_2011_last_all": -2.41,
            "at_2012_last_all": -2.41,
            "at_2013_last_all": 2.34,
            "at_2014_last_all": 5.35,
            "at_2015_last_all": 2.6,
            "at_2016_last_all": -7.66,
            "at_2017_last_all": -7.66,
            "at_2018_last_all": -7.66,
            "at_2019_last_all": -7.66,
            "at_2020_last_all": -7.66,
            "at_2021_last_all": -7.66,
            "at_2022_last_all": -4.47,
            "at_2023_last_all": -4.47
        },
        "latest_eps": 0.9,
        "latest_price": 14.85,
        "latest_roe": 8.92,
        "latest_gross_margin": 58.88,
        "latest_equity": 481616,
        "latest_revenue": 125094,
        "latest_gross_profit": 73655,
        "latest_net_income": 6491,
        "latest_debt_ratio": 27.06,
        "latest_current_ratio": 190.03,
        "latest_account_receivable_turnover_ratio": 1.28,
        "latest_inventory_turnover_ratio": 0.52,
        "latest_reinvestment_rate": -137.26,
        "latest_research_to_sale_ratio": 0.21
    },
    "eps_dividends": {
        "2001": {
            "cash": 0,
            "stock": 0,
            "eps": 0
        },
        "2002": {
            "cash": 0,
            "stock": 0,
            "eps": 0
        },
        "2003": {
            "cash": 0,
            "stock": 0,
            "eps": 0
        },
        "2004": {
            "cash": 0.5,
            "stock": 0,
            "eps": 0.13
        },
        "2005": {
            "cash": 0.5,
            "stock": 0,
            "eps": 3.35
        },
        "2006": {
            "cash": 0.5,
            "stock": 1,
            "eps": 1.44
        },
        "2007": {
            "cash": 0.5,
            "stock": 0,
            "eps": 0.17
        },
        "2008": {
            "cash": 0.1,
            "stock": 0.4,
            "eps": 0.31
        },
        "2009": {
            "cash": 0.15,
            "stock": 0,
            "eps": 0.46
        },
        "2010": {
            "cash": 0.2,
            "stock": 0,
            "eps": -0.55
        },
        "2011": {
            "cash": 0,
            "stock": 0,
            "eps": -0.06
        },
        "2012": {
            "cash": 0,
            "stock": 0,
            "eps": 0.81
        },
        "2013": {
            "cash": 0.2,
            "stock": 0,
            "eps": 1.06
        },
        "2014": {
            "cash": 1,
            "stock": 0,
            "eps": 1.34
        },
        "2015": {
            "cash": 0.7,
            "stock": 0,
            "eps": 1.08
        },
        "2016": {
            "cash": 0.3,
            "stock": 0,
            "eps": -1.17
        },
        "2017": {
            "cash": 0,
            "stock": 0,
            "eps": -4.45
        },
        "2018": {
            "cash": 0,
            "stock": 0,
            "eps": -2.07
        },
        "2019": {
            "cash": 0,
            "stock": 0,
            "eps": -1.02
        },
        "2020": {
            "cash": 0,
            "stock": 0,
            "eps": -1.13
        },
        "2021": {
            "cash": 0,
            "stock": 0,
            "eps": 1.02
        },
        "2022": {
            "cash": 0,
            "stock": 0,
            "eps": 1.3
        },
        "2023": {
            "cash": 0,
            "stock": 0,
            "eps": 0.14
        }
    },
    "dividends": {
        "2004-03-26": {
            "cash": 0.5,
            "stock": 0
        },
        "2005-02-18": {
            "cash": 0.5,
            "stock": 0
        },
        "2006-03-28": {
            "cash": 0.5,
            "stock": 1
        },
        "2007-04-27": {
            "cash": 0.5,
            "stock": 0
        },
        "2008-05-09": {
            "cash": 0.1,
            "stock": 0.4
        },
        "2009-04-29": {
            "cash": 0.15,
            "stock": 0
        },
        "2010-04-29": {
            "cash": 0.2,
            "stock": 0
        },
        "2013-06-17": {
            "cash": 0.2,
            "stock": 0
        },
        "2014-09-02": {
            "cash": 1,
            "stock": 0
        },
        "2015-08-04": {
            "cash": 0.7,
            "stock": 0
        },
        "2016-08-10": {
            "cash": 0.3,
            "stock": 0
        }
    },
    "prices": {
        "200101": "無",
        "200102": "無",
        "200103": "無",
        "200104": "無",
        "200105": "無",
        "200106": "無",
        "200107": "無",
        "200108": "無",
        "200109": "無",
        "200110": "無",
        "200111": "無",
        "200112": "無",
        "200201": "無",
        "200202": "無",
        "200203": "無",
        "200204": "無",
        "200205": "無",
        "200206": "無",
        "200207": "無",
        "200208": "無",
        "200209": "無",
        "200210": "無",
        "200211": "無",
        "200212": "無",
        "200301": "無",
        "200302": "無",
        "200303": "無",
        "200304": "無",
        "200305": "無",
        "200306": "無",
        "200307": "無",
        "200308": "無",
        "200309": "無",
        "200310": "無",
        "200311": "無",
        "200312": "無",
        "200401": "無",
        "200402": "無",
        "200403": "20.78",
        "200404": "24.07",
        "200405": "24.39",
        "200406": "23.86",
        "200407": "24.61",
        "200408": "24.13",
        "200409": "23.51",
        "200410": "23.82",
        "200411": "22.80",
        "200412": "22.17",
        "200501": "22.05",
        "200502": "22.39",
        "200503": "21.27",
        "200504": "22.68",
        "200505": "24.11",
        "200506": "25.20",
        "200507": "22.45",
        "200508": "22.88",
        "200509": "21.71",
        "200510": "24.07",
        "200511": "25.05",
        "200512": "28.94",
        "200601": "31.90",
        "200602": "23.42",
        "200603": "23.01",
        "200604": "23.17",
        "200605": "23.60",
        "200606": "24.79",
        "200607": "26.05",
        "200608": "26.98",
        "200609": "21.32",
        "200610": "19.22",
        "200611": "20.49",
        "200612": "20.72",
        "200701": "20.59",
        "200702": "18.62",
        "200703": "17.53",
        "200704": "19.06",
        "200705": "18.39",
        "200706": "20.40",
        "200707": "33.10",
        "200708": "28.10",
        "200709": "26.20",
        "200710": "22.81",
        "200711": "18.07",
        "200712": "16.94",
        "200801": "15.92",
        "200802": "16.04",
        "200803": "16.50",
        "200804": "18.50",
        "200805": "18.06",
        "200806": "15.24",
        "200807": "13.28",
        "200808": "11.99",
        "200809": "10.61",
        "200810": "7.99",
        "200811": "8.26",
        "200812": "8.04",
        "200901": "8.77",
        "200902": "8.56",
        "200903": "10.37",
        "200904": "17.84",
        "200905": "17.14",
        "200906": "14.86",
        "200907": "17.44",
        "200908": "20.86",
        "200909": "20.41",
        "200910": "19.22",
        "200911": "17.70",
        "200912": "19.30",
        "201001": "18.52",
        "201002": "16.49",
        "201003": "17.82",
        "201004": "20.34",
        "201005": "28.08",
        "201006": "29.24",
        "201007": "34.08",
        "201008": "37.13",
        "201009": "37.10",
        "201010": "40.11",
        "201011": "32.48",
        "201012": "31.47",
        "201101": "29.34",
        "201102": "29.59",
        "201103": "29.08",
        "201104": "29.73",
        "201105": "27.96",
        "201106": "23.03",
        "201107": "21.62",
        "201108": "17.63",
        "201109": "15.51",
        "201110": "15.38",
        "201111": "14.71",
        "201112": "13.66",
        "201201": "16.09",
        "201202": "17.97",
        "201203": "17.26",
        "201204": "14.75",
        "201205": "16.12",
        "201206": "16.40",
        "201207": "18.56",
        "201208": "18.97",
        "201209": "23.18",
        "201210": "23.96",
        "201211": "19.71",
        "201212": "22.54",
        "201301": "23.41",
        "201302": "23.90",
        "201303": "26.33",
        "201304": "24.19",
        "201305": "23.28",
        "201306": "23.90",
        "201307": "24.24",
        "201308": "23.81",
        "201309": "25.16",
        "201310": "25.84",
        "201311": "23.79",
        "201312": "23.28",
        "201401": "22.90",
        "201402": "24.00",
        "201403": "24.35",
        "201404": "23.99",
        "201405": "24.55",
        "201406": "25.70",
        "201407": "27.23",
        "201408": "23.97",
        "201409": "23.97",
        "201410": "23.02",
        "201411": "22.20",
        "201412": "23.05",
        "201501": "22.74",
        "201502": "22.63",
        "201503": "23.31",
        "201504": "23.40",
        "201505": "23.84",
        "201506": "25.25",
        "201507": "25.21",
        "201508": "20.58",
        "201509": "22.31",
        "201510": "23.64",
        "201511": "24.19",
        "201512": "23.16",
        "201601": "21.15",
        "201602": "21.69",
        "201603": "22.46",
        "201604": "21.86",
        "201605": "19.74",
        "201606": "19.03",
        "201607": "19.07",
        "201608": "17.78",
        "201609": "17.40",
        "201610": "17.58",
        "201611": "16.91",
        "201612": "17.40",
        "201701": "17.62",
        "201702": "17.40",
        "201703": "19.09",
        "201704": "18.09",
        "201705": "17.08",
        "201706": "14.25",
        "201707": "13.55",
        "201708": "12.54",
        "201709": "12.88",
        "201710": "12.44",
        "201711": "11.82",
        "201712": "11.47",
        "201801": "12.29",
        "201802": "12.33",
        "201803": "13.08",
        "201804": "12.98",
        "201805": "12.18",
        "201806": "12.34",
        "201807": "12.02",
        "201808": "13.55",
        "201809": "12.14",
        "201810": "10.93",
        "201811": "10.55",
        "201812": "10.80",
        "201901": "10.47",
        "201902": "11.00",
        "201903": "11.53",
        "201904": "11.01",
        "201905": "9.26",
        "201906": "8.65",
        "201907": "8.78",
        "201908": "8.25",
        "201909": "8.78",
        "201910": "9.11",
        "201911": "9.24",
        "201912": "9.37",
        "202001": "11.12",
        "202002": "11.34",
        "202003": "9.85",
        "202004": "9.29",
        "202005": "10.51",
        "202006": "12.28",
        "202007": "15.98",
        "202008": "13.53",
        "202009": "11.79",
        "202010": "11.52",
        "202011": "11.50",
        "202012": "11.11",
        "202101": "10.60",
        "202102": "10.37",
        "202103": "10.33",
        "202104": "10.38",
        "202105": "10.98",
        "202106": "11.01",
        "202107": "10.74",
        "202108": "11.01",
        "202109": "11.93",
        "202110": "11.16",
        "202111": "11.78",
        "202112": "14.50",
        "202201": "13.39",
        "202202": "13.24",
        "202203": "13.20",
        "202204": "15.27",
        "202205": "14.78",
        "202206": "17.12",
        "202207": "13.97",
        "202208": "14.60",
        "202209": "14.71",
        "202210": "13.34",
        "202211": "13.68",
        "202212": "14.90",
        "202301": "14.57",
        "202302": "14.61",
        "202303": "14.78",
        "202304": "15.86",
        "202305": "15.20",
        "202306": "14.98"
    },
    "quarters": {
        "20011": {
            "year_quarter": 20011,
            "year": 2001,
            "quarter": 1,
            "eps": null,
            "eps_growth_year": null,
            "eps_4q": null,
            "eps_4q_growth_year": null,
            "roe": null,
            "roe_4q": 0,
            "gross_profit": null,
            "gross_margin": null,
            "gross_margin_4q_avg": 0,
            "net_income": null,
            "revenue": null,
            "common_shares": null,
            "book_valuer_per_share": null,
            "book_valuer_per_share_4q_avg": 0,
            "equity": null,
            "current_ratio": null,
            "debt_ratio": null,
            "inventory_turnover_ratio": null,
            "account_receivable_turnover_ratio": null,
            "reinvestment_rate": null,
            "research_to_sale_ratio": null,
            "price_fair": 0,
            "eps_avg_yearly": 0,
            "eps_latest_yearly": 0,
            "eps_growth_yearly": 0
        },
        "20012": {
            "year_quarter": 20012,
            "year": 2001,
            "quarter": 2,
            "eps": null,
            "eps_growth_year": null,
            "eps_4q": null,
            "eps_4q_growth_year": null,
            "roe": null,
            "roe_4q": 0,
            "gross_profit": null,
            "gross_margin": null,
            "gross_margin_4q_avg": 0,
            "net_income": null,
            "revenue": null,
            "common_shares": null,
            "book_valuer_per_share": null,
            "book_valuer_per_share_4q_avg": 0,
            "equity": null,
            "current_ratio": null,
            "debt_ratio": null,
            "inventory_turnover_ratio": null,
            "account_receivable_turnover_ratio": null,
            "reinvestment_rate": null,
            "research_to_sale_ratio": null,
            "price_fair": 0,
            "eps_avg_yearly": 0,
            "eps_latest_yearly": 0,
            "eps_growth_yearly": 0
        },
        "20013": {
            "year_quarter": 20013,
            "year": 2001,
            "quarter": 3,
            "eps": null,
            "eps_growth_year": null,
            "eps_4q": null,
            "eps_4q_growth_year": null,
            "roe": null,
            "roe_4q": 0,
            "gross_profit": null,
            "gross_margin": null,
            "gross_margin_4q_avg": 0,
            "net_income": null,
            "revenue": null,
            "common_shares": null,
            "book_valuer_per_share": null,
            "book_valuer_per_share_4q_avg": 0,
            "equity": null,
            "current_ratio": null,
            "debt_ratio": null,
            "inventory_turnover_ratio": null,
            "account_receivable_turnover_ratio": null,
            "reinvestment_rate": null,
            "research_to_sale_ratio": null,
            "price_fair": 0,
            "eps_avg_yearly": 0,
            "eps_latest_yearly": 0,
            "eps_growth_yearly": 0
        },
        "20014": {
            "year_quarter": 20014,
            "year": 2001,
            "quarter": 4,
            "eps": null,
            "eps_growth_year": null,
            "eps_4q": null,
            "eps_4q_growth_year": null,
            "roe": null,
            "roe_4q": 0,
            "gross_profit": null,
            "gross_margin": null,
            "gross_margin_4q_avg": 0,
            "net_income": null,
            "revenue": null,
            "common_shares": 225000,
            "book_valuer_per_share": 12.4,
            "book_valuer_per_share_4q_avg": 3.1,
            "equity": 279055,
            "current_ratio": 139.23,
            "debt_ratio": 62.21,
            "inventory_turnover_ratio": null,
            "account_receivable_turnover_ratio": null,
            "reinvestment_rate": null,
            "research_to_sale_ratio": null,
            "price_fair": 0,
            "eps_avg_yearly": 0,
            "eps_latest_yearly": 0,
            "eps_growth_yearly": 0
        },
        "20021": {
            "year_quarter": 20021,
            "year": 2002,
            "quarter": 1,
            "eps": null,
            "eps_growth_year": null,
            "eps_4q": null,
            "eps_4q_growth_year": null,
            "roe": null,
            "roe_4q": 0,
            "gross_profit": null,
            "gross_margin": null,
            "gross_margin_4q_avg": 0,
            "net_income": null,
            "revenue": null,
            "common_shares": null,
            "book_valuer_per_share": null,
            "book_valuer_per_share_4q_avg": 3.1,
            "equity": null,
            "current_ratio": null,
            "debt_ratio": null,
            "inventory_turnover_ratio": null,
            "account_receivable_turnover_ratio": null,
            "reinvestment_rate": null,
            "research_to_sale_ratio": null,
            "price_fair": 0,
            "eps_avg_yearly": 0,
            "eps_latest_yearly": 0,
            "eps_growth_yearly": 0
        },
        "20022": {
            "year_quarter": 20022,
            "year": 2002,
            "quarter": 2,
            "eps": null,
            "eps_growth_year": null,
            "eps_4q": null,
            "eps_4q_growth_year": null,
            "roe": null,
            "roe_4q": 0,
            "gross_profit": null,
            "gross_margin": null,
            "gross_margin_4q_avg": 0,
            "net_income": null,
            "revenue": null,
            "common_shares": null,
            "book_valuer_per_share": null,
            "book_valuer_per_share_4q_avg": 3.1,
            "equity": null,
            "current_ratio": null,
            "debt_ratio": null,
            "inventory_turnover_ratio": null,
            "account_receivable_turnover_ratio": null,
            "reinvestment_rate": null,
            "research_to_sale_ratio": null,
            "price_fair": 0,
            "eps_avg_yearly": 0,
            "eps_latest_yearly": 0,
            "eps_growth_yearly": 0
        },
        "20023": {
            "year_quarter": 20023,
            "year": 2002,
            "quarter": 3,
            "eps": null,
            "eps_growth_year": null,
            "eps_4q": null,
            "eps_4q_growth_year": null,
            "roe": null,
            "roe_4q": 0,
            "gross_profit": null,
            "gross_margin": null,
            "gross_margin_4q_avg": 0,
            "net_income": null,
            "revenue": null,
            "common_shares": null,
            "book_valuer_per_share": null,
            "book_valuer_per_share_4q_avg": 3.1,
            "equity": null,
            "current_ratio": null,
            "debt_ratio": null,
            "inventory_turnover_ratio": null,
            "account_receivable_turnover_ratio": null,
            "reinvestment_rate": null,
            "research_to_sale_ratio": null,
            "price_fair": 0,
            "eps_avg_yearly": 0,
            "eps_latest_yearly": 0,
            "eps_growth_yearly": 0
        },
        "20024": {
            "year_quarter": 20024,
            "year": 2002,
            "quarter": 4,
            "eps": null,
            "eps_growth_year": null,
            "eps_4q": null,
            "eps_4q_growth_year": null,
            "roe": null,
            "roe_4q": 0,
            "gross_profit": null,
            "gross_margin": null,
            "gross_margin_4q_avg": 0,
            "net_income": null,
            "revenue": null,
            "common_shares": 300000,
            "book_valuer_per_share": 11.77,
            "book_valuer_per_share_4q_avg": 2.94,
            "equity": 353076,
            "current_ratio": 116.59,
            "debt_ratio": 59.67,
            "inventory_turnover_ratio": null,
            "account_receivable_turnover_ratio": null,
            "reinvestment_rate": null,
            "research_to_sale_ratio": null,
            "price_fair": 0,
            "eps_avg_yearly": 0,
            "eps_latest_yearly": 0,
            "eps_growth_yearly": 0
        },
        "20031": {
            "year_quarter": 20031,
            "year": 2003,
            "quarter": 1,
            "eps": null,
            "eps_growth_year": null,
            "eps_4q": null,
            "eps_4q_growth_year": null,
            "roe": null,
            "roe_4q": 0,
            "gross_profit": null,
            "gross_margin": null,
            "gross_margin_4q_avg": 0,
            "net_income": null,
            "revenue": null,
            "common_shares": null,
            "book_valuer_per_share": null,
            "book_valuer_per_share_4q_avg": 2.94,
            "equity": null,
            "current_ratio": null,
            "debt_ratio": null,
            "inventory_turnover_ratio": null,
            "account_receivable_turnover_ratio": null,
            "reinvestment_rate": null,
            "research_to_sale_ratio": null,
            "price_fair": 0,
            "eps_avg_yearly": 0,
            "eps_latest_yearly": 0,
            "eps_growth_yearly": 0
        },
        "20032": {
            "year_quarter": 20032,
            "year": 2003,
            "quarter": 2,
            "eps": null,
            "eps_growth_year": null,
            "eps_4q": null,
            "eps_4q_growth_year": null,
            "roe": null,
            "roe_4q": 0,
            "gross_profit": null,
            "gross_margin": null,
            "gross_margin_4q_avg": 0,
            "net_income": null,
            "revenue": null,
            "common_shares": null,
            "book_valuer_per_share": null,
            "book_valuer_per_share_4q_avg": 2.94,
            "equity": null,
            "current_ratio": null,
            "debt_ratio": null,
            "inventory_turnover_ratio": null,
            "account_receivable_turnover_ratio": null,
            "reinvestment_rate": null,
            "research_to_sale_ratio": null,
            "price_fair": 0,
            "eps_avg_yearly": 0,
            "eps_latest_yearly": 0,
            "eps_growth_yearly": 0
        },
        "20033": {
            "year_quarter": 20033,
            "year": 2003,
            "quarter": 3,
            "eps": null,
            "eps_growth_year": null,
            "eps_4q": null,
            "eps_4q_growth_year": null,
            "roe": null,
            "roe_4q": 0,
            "gross_profit": null,
            "gross_margin": null,
            "gross_margin_4q_avg": 0,
            "net_income": null,
            "revenue": null,
            "common_shares": null,
            "book_valuer_per_share": null,
            "book_valuer_per_share_4q_avg": 2.94,
            "equity": null,
            "current_ratio": null,
            "debt_ratio": null,
            "inventory_turnover_ratio": null,
            "account_receivable_turnover_ratio": null,
            "reinvestment_rate": null,
            "research_to_sale_ratio": null,
            "price_fair": 0,
            "eps_avg_yearly": 0,
            "eps_latest_yearly": 0,
            "eps_growth_yearly": 0
        },
        "20034": {
            "year_quarter": 20034,
            "year": 2003,
            "quarter": 4,
            "eps": null,
            "eps_growth_year": null,
            "eps_4q": null,
            "eps_4q_growth_year": null,
            "roe": null,
            "roe_4q": 0,
            "gross_profit": null,
            "gross_margin": null,
            "gross_margin_4q_avg": 0,
            "net_income": null,
            "revenue": null,
            "common_shares": 300000,
            "book_valuer_per_share": 12.79,
            "book_valuer_per_share_4q_avg": 3.2,
            "equity": 383807,
            "current_ratio": 120.18,
            "debt_ratio": 62.55,
            "inventory_turnover_ratio": null,
            "account_receivable_turnover_ratio": null,
            "reinvestment_rate": null,
            "research_to_sale_ratio": null,
            "price_fair": 0,
            "eps_avg_yearly": 0,
            "eps_latest_yearly": 0,
            "eps_growth_yearly": 0
        },
        "20041": {
            "year_quarter": 20041,
            "year": 2004,
            "quarter": 1,
            "eps": null,
            "eps_growth_year": null,
            "eps_4q": null,
            "eps_4q_growth_year": null,
            "roe": null,
            "roe_4q": 0,
            "gross_profit": null,
            "gross_margin": null,
            "gross_margin_4q_avg": 0,
            "net_income": null,
            "revenue": null,
            "common_shares": null,
            "book_valuer_per_share": null,
            "book_valuer_per_share_4q_avg": 3.2,
            "equity": null,
            "current_ratio": null,
            "debt_ratio": null,
            "inventory_turnover_ratio": null,
            "account_receivable_turnover_ratio": null,
            "reinvestment_rate": null,
            "research_to_sale_ratio": null,
            "price_fair": 0,
            "eps_avg_yearly": 0,
            "eps_latest_yearly": 0,
            "eps_growth_yearly": 0
        },
        "20042": {
            "year_quarter": 20042,
            "year": 2004,
            "quarter": 2,
            "eps": null,
            "eps_growth_year": null,
            "eps_4q": null,
            "eps_4q_growth_year": null,
            "roe": null,
            "roe_4q": 0,
            "gross_profit": null,
            "gross_margin": null,
            "gross_margin_4q_avg": 0,
            "net_income": null,
            "revenue": null,
            "common_shares": null,
            "book_valuer_per_share": null,
            "book_valuer_per_share_4q_avg": 3.2,
            "equity": null,
            "current_ratio": null,
            "debt_ratio": null,
            "inventory_turnover_ratio": null,
            "account_receivable_turnover_ratio": null,
            "reinvestment_rate": null,
            "research_to_sale_ratio": null,
            "price_fair": 0,
            "eps_avg_yearly": 0,
            "eps_latest_yearly": 0,
            "eps_growth_yearly": 0
        },
        "20043": {
            "year_quarter": 20043,
            "year": 2004,
            "quarter": 3,
            "eps": 0.24,
            "eps_growth_year": null,
            "eps_4q": null,
            "eps_4q_growth_year": null,
            "roe": 1.78,
            "roe_4q": 1.78,
            "gross_profit": 114007,
            "gross_margin": 71.5,
            "gross_margin_4q_avg": 17.88,
            "net_income": 7239,
            "revenue": 159441,
            "common_shares": 300000,
            "book_valuer_per_share": 13.54,
            "book_valuer_per_share_4q_avg": 6.58,
            "equity": 406107,
            "current_ratio": 114.64,
            "debt_ratio": 58.43,
            "inventory_turnover_ratio": 0.35,
            "account_receivable_turnover_ratio": null,
            "reinvestment_rate": null,
            "research_to_sale_ratio": null,
            "price_fair": 0,
            "eps_avg_yearly": 0,
            "eps_latest_yearly": 0,
            "eps_growth_yearly": 0
        },
        "20044": {
            "year_quarter": 20044,
            "year": 2004,
            "quarter": 4,
            "eps": -0.11,
            "eps_growth_year": null,
            "eps_4q": null,
            "eps_4q_growth_year": null,
            "roe": -0.83,
            "roe_4q": 0.9500000000000001,
            "gross_profit": 128937,
            "gross_margin": 72.59,
            "gross_margin_4q_avg": 36.02,
            "net_income": -3335,
            "revenue": 177612,
            "common_shares": 300000,
            "book_valuer_per_share": 13.39,
            "book_valuer_per_share_4q_avg": 6.73,
            "equity": 401821,
            "current_ratio": 111.72,
            "debt_ratio": 64.42,
            "inventory_turnover_ratio": 0.35,
            "account_receivable_turnover_ratio": null,
            "reinvestment_rate": null,
            "research_to_sale_ratio": null,
            "price_fair": 0,
            "eps_avg_yearly": 0,
            "eps_latest_yearly": 0,
            "eps_growth_yearly": 0
        },
        "20051": {
            "year_quarter": 20051,
            "year": 2005,
            "quarter": 1,
            "eps": 0.32,
            "eps_growth_year": null,
            "eps_4q": null,
            "eps_4q_growth_year": null,
            "roe": 2.45,
            "roe_4q": 3.4000000000000004,
            "gross_profit": 117953,
            "gross_margin": 75.28,
            "gross_margin_4q_avg": 54.84,
            "net_income": 9731,
            "revenue": 156692,
            "common_shares": 300000,
            "book_valuer_per_share": 13.12,
            "book_valuer_per_share_4q_avg": 10.01,
            "equity": 393596,
            "current_ratio": 114.17,
            "debt_ratio": 58.96,
            "inventory_turnover_ratio": 0.28,
            "account_receivable_turnover_ratio": null,
            "reinvestment_rate": null,
            "research_to_sale_ratio": null,
            "price_fair": 0,
            "eps_avg_yearly": 0,
            "eps_latest_yearly": 0,
            "eps_growth_yearly": 0
        },
        "20052": {
            "year_quarter": 20052,
            "year": 2005,
            "quarter": 2,
            "eps": 1.21,
            "eps_growth_year": null,
            "eps_4q": 1.66,
            "eps_4q_growth_year": null,
            "roe": 8.83,
            "roe_4q": 12.23,
            "gross_profit": 159011,
            "gross_margin": 76.1,
            "gross_margin_4q_avg": 73.87,
            "net_income": 36368,
            "revenue": 208937,
            "common_shares": 300000,
            "book_valuer_per_share": 14.33,
            "book_valuer_per_share_4q_avg": 13.6,
            "equity": 429964,
            "current_ratio": 116.91,
            "debt_ratio": 60.14,
            "inventory_turnover_ratio": 0.36,
            "account_receivable_turnover_ratio": null,
            "reinvestment_rate": null,
            "research_to_sale_ratio": null,
            "price_fair": 169.4,
            "eps_avg_yearly": 4.84,
            "eps_latest_yearly": 4.84,
            "eps_growth_yearly": 1112.5
        },
        "20053": {
            "year_quarter": 20053,
            "year": 2005,
            "quarter": 3,
            "eps": 0.88,
            "eps_growth_year": 266.67,
            "eps_4q": 2.26,
            "eps_4q_growth_year": null,
            "roe": 5.66,
            "roe_4q": 16.110000000000003,
            "gross_profit": 147702,
            "gross_margin": 78.48,
            "gross_margin_4q_avg": 75.61,
            "net_income": 27321,
            "revenue": 188205,
            "common_shares": 337500,
            "book_valuer_per_share": 15.88,
            "book_valuer_per_share_4q_avg": 14.18,
            "equity": 536035,
            "current_ratio": 143.61,
            "debt_ratio": 51.25,
            "inventory_turnover_ratio": 0.27,
            "account_receivable_turnover_ratio": null,
            "reinvestment_rate": null,
            "research_to_sale_ratio": null,
            "price_fair": 146.3,
            "eps_avg_yearly": 4.18,
            "eps_latest_yearly": 3.52,
            "eps_growth_yearly": 501.7
        },
        "20054": {
            "year_quarter": 20054,
            "year": 2005,
            "quarter": 4,
            "eps": 0.94,
            "eps_growth_year": null,
            "eps_4q": 3.24,
            "eps_4q_growth_year": null,
            "roe": 5.44,
            "roe_4q": 22.38,
            "gross_profit": 138677,
            "gross_margin": 76.21,
            "gross_margin_4q_avg": 76.52,
            "net_income": 29983,
            "revenue": 181968,
            "common_shares": 337500,
            "book_valuer_per_share": 16.79,
            "book_valuer_per_share_4q_avg": 15.03,
            "equity": 566525,
            "current_ratio": 136.18,
            "debt_ratio": 58.5,
            "inventory_turnover_ratio": 0.28,
            "account_receivable_turnover_ratio": null,
            "reinvestment_rate": null,
            "research_to_sale_ratio": null,
            "price_fair": 141.4,
            "eps_avg_yearly": 4.04,
            "eps_latest_yearly": 3.76,
            "eps_growth_yearly": 343.56
        },
        "20061": {
            "year_quarter": 20061,
            "year": 2006,
            "quarter": 1,
            "eps": 0.48,
            "eps_growth_year": 50,
            "eps_4q": 2.88,
            "eps_4q_growth_year": null,
            "roe": 2.87,
            "roe_4q": 22.8,
            "gross_profit": 122459,
            "gross_margin": 75.82,
            "gross_margin_4q_avg": 76.65,
            "net_income": 18703,
            "revenue": 161514,
            "common_shares": 400000,
            "book_valuer_per_share": 18.46,
            "book_valuer_per_share_4q_avg": 16.37,
            "equity": 738354,
            "current_ratio": 208.56,
            "debt_ratio": 38.8,
            "inventory_turnover_ratio": 0.27,
            "account_receivable_turnover_ratio": null,
            "reinvestment_rate": null,
            "research_to_sale_ratio": null,
            "price_fair": 122.85,
            "eps_avg_yearly": 3.51,
            "eps_latest_yearly": 1.92,
            "eps_growth_yearly": 208.73
        },
        "20062": {
            "year_quarter": 20062,
            "year": 2006,
            "quarter": 2,
            "eps": 0.41,
            "eps_growth_year": -66.12,
            "eps_4q": 2.14,
            "eps_4q_growth_year": 28.91,
            "roe": 2.45,
            "roe_4q": 16.42,
            "gross_profit": 117469,
            "gross_margin": 75.37,
            "gross_margin_4q_avg": 76.47,
            "net_income": 17965,
            "revenue": 155865,
            "common_shares": 400000,
            "book_valuer_per_share": 18.2,
            "book_valuer_per_share_4q_avg": 17.33,
            "equity": 728044,
            "current_ratio": 139.43,
            "debt_ratio": 41.02,
            "inventory_turnover_ratio": 0.29,
            "account_receivable_turnover_ratio": null,
            "reinvestment_rate": null,
            "research_to_sale_ratio": null,
            "price_fair": 109.76,
            "eps_avg_yearly": 3.14,
            "eps_latest_yearly": 1.64,
            "eps_growth_yearly": 155.32
        },
        "20063": {
            "year_quarter": 20063,
            "year": 2006,
            "quarter": 3,
            "eps": 0.43,
            "eps_growth_year": -51.14,
            "eps_4q": 1.96,
            "eps_4q_growth_year": -13.12,
            "roe": 2.54,
            "roe_4q": 13.3,
            "gross_profit": 109290,
            "gross_margin": 78.18,
            "gross_margin_4q_avg": 76.4,
            "net_income": 18717,
            "revenue": 139801,
            "common_shares": 440000,
            "book_valuer_per_share": 16.97,
            "book_valuer_per_share_4q_avg": 17.61,
            "equity": 746762,
            "current_ratio": 129.49,
            "debt_ratio": 42.65,
            "inventory_turnover_ratio": 0.25,
            "account_receivable_turnover_ratio": null,
            "reinvestment_rate": null,
            "research_to_sale_ratio": null,
            "price_fair": 101.5,
            "eps_avg_yearly": 2.9,
            "eps_latest_yearly": 1.72,
            "eps_growth_yearly": 132.69
        },
        "20064": {
            "year_quarter": 20064,
            "year": 2006,
            "quarter": 4,
            "eps": 0.12,
            "eps_growth_year": -87.23,
            "eps_4q": 1.37,
            "eps_4q_growth_year": -57.62,
            "roe": 0.71,
            "roe_4q": 8.57,
            "gross_profit": 120500,
            "gross_margin": 74.73,
            "gross_margin_4q_avg": 76.03,
            "net_income": 5300,
            "revenue": 161237,
            "common_shares": 440000,
            "book_valuer_per_share": 17.12,
            "book_valuer_per_share_4q_avg": 17.69,
            "equity": 753187,
            "current_ratio": 119.84,
            "debt_ratio": 53.39,
            "inventory_turnover_ratio": 0.31,
            "account_receivable_turnover_ratio": null,
            "reinvestment_rate": null,
            "research_to_sale_ratio": null,
            "price_fair": 89.4,
            "eps_avg_yearly": 2.55,
            "eps_latest_yearly": 0.48,
            "eps_growth_yearly": 72.53
        },
        "20071": {
            "year_quarter": 20071,
            "year": 2007,
            "quarter": 1,
            "eps": 0.15,
            "eps_growth_year": -68.75,
            "eps_4q": 1.1,
            "eps_4q_growth_year": -61.73,
            "roe": 0.87,
            "roe_4q": 6.57,
            "gross_profit": 98478,
            "gross_margin": 74.07,
            "gross_margin_4q_avg": 75.59,
            "net_income": 6602,
            "revenue": 132951,
            "common_shares": 440000,
            "book_valuer_per_share": 17.27,
            "book_valuer_per_share_4q_avg": 17.39,
            "equity": 759789,
            "current_ratio": 107.1,
            "debt_ratio": 46.79,
            "inventory_turnover_ratio": 0.26,
            "account_receivable_turnover_ratio": null,
            "reinvestment_rate": null,
            "research_to_sale_ratio": null,
            "price_fair": 80.85,
            "eps_avg_yearly": 2.31,
            "eps_latest_yearly": 0.6,
            "eps_growth_yearly": 75.97
        },
        "20072": {
            "year_quarter": 20072,
            "year": 2007,
            "quarter": 2,
            "eps": 0.08,
            "eps_growth_year": -80.49,
            "eps_4q": 0.81,
            "eps_4q_growth_year": -62.27,
            "roe": 0.45,
            "roe_4q": 4.57,
            "gross_profit": 121894,
            "gross_margin": 74.7,
            "gross_margin_4q_avg": 75.42,
            "net_income": 3359,
            "revenue": 163172,
            "common_shares": 440000,
            "book_valuer_per_share": 16.73,
            "book_valuer_per_share_4q_avg": 17.02,
            "equity": 736233,
            "current_ratio": 98.38,
            "debt_ratio": 49.08,
            "inventory_turnover_ratio": 0.33,
            "account_receivable_turnover_ratio": null,
            "reinvestment_rate": null,
            "research_to_sale_ratio": null,
            "price_fair": 73.11,
            "eps_avg_yearly": 2.09,
            "eps_latest_yearly": 0.32,
            "eps_growth_yearly": 46.79
        },
        "20073": {
            "year_quarter": 20073,
            "year": 2007,
            "quarter": 3,
            "eps": -0.05,
            "eps_growth_year": -111.63,
            "eps_4q": 0.3,
            "eps_4q_growth_year": -84.73,
            "roe": -0.28,
            "roe_4q": 1.75,
            "gross_profit": 95012,
            "gross_margin": 75.65,
            "gross_margin_4q_avg": 74.79,
            "net_income": -2084,
            "revenue": 125596,
            "common_shares": 440000,
            "book_valuer_per_share": 16.69,
            "book_valuer_per_share_4q_avg": 16.95,
            "equity": 734149,
            "current_ratio": 130.31,
            "debt_ratio": 50,
            "inventory_turnover_ratio": 0.25,
            "account_receivable_turnover_ratio": null,
            "reinvestment_rate": null,
            "research_to_sale_ratio": null,
            "price_fair": 73.11,
            "eps_avg_yearly": 2.09,
            "eps_latest_yearly": 0.32,
            "eps_growth_yearly": 46.79
        },
        "20074": {
            "year_quarter": 20074,
            "year": 2007,
            "quarter": 4,
            "eps": -0.01,
            "eps_growth_year": -108.33,
            "eps_4q": 0.17,
            "eps_4q_growth_year": -87.63,
            "roe": -0.07,
            "roe_4q": 0.97,
            "gross_profit": 105892,
            "gross_margin": 74.96,
            "gross_margin_4q_avg": 74.85,
            "net_income": -490,
            "revenue": 141271,
            "common_shares": 440000,
            "book_valuer_per_share": 16.67,
            "book_valuer_per_share_4q_avg": 16.84,
            "equity": 733659,
            "current_ratio": 126.22,
            "debt_ratio": 57.63,
            "inventory_turnover_ratio": 0.26,
            "account_receivable_turnover_ratio": null,
            "reinvestment_rate": null,
            "research_to_sale_ratio": null,
            "price_fair": 73.11,
            "eps_avg_yearly": 2.09,
            "eps_latest_yearly": 0.32,
            "eps_growth_yearly": 46.79
        },
        "20081": {
            "year_quarter": 20081,
            "year": 2008,
            "quarter": 1,
            "eps": 0.06,
            "eps_growth_year": -60,
            "eps_4q": 0.08,
            "eps_4q_growth_year": -92.89,
            "roe": 0.35,
            "roe_4q": 0.44999999999999996,
            "gross_profit": 119851,
            "gross_margin": 73.08,
            "gross_margin_4q_avg": 74.6,
            "net_income": 2555,
            "revenue": 163996,
            "common_shares": 440000,
            "book_valuer_per_share": 16.73,
            "book_valuer_per_share_4q_avg": 16.71,
            "equity": 736214,
            "current_ratio": 126.67,
            "debt_ratio": 57.01,
            "inventory_turnover_ratio": 0.28,
            "account_receivable_turnover_ratio": null,
            "reinvestment_rate": null,
            "research_to_sale_ratio": null,
            "price_fair": 73.11,
            "eps_avg_yearly": 2.09,
            "eps_latest_yearly": 0.32,
            "eps_growth_yearly": 46.79
        },
        "20082": {
            "year_quarter": 20082,
            "year": 2008,
            "quarter": 2,
            "eps": 0.16,
            "eps_growth_year": 100,
            "eps_4q": 0.16,
            "eps_4q_growth_year": -80.28,
            "roe": 0.99,
            "roe_4q": 0.9899999999999998,
            "gross_profit": 135133,
            "gross_margin": 69.09,
            "gross_margin_4q_avg": 73.2,
            "net_income": 7336,
            "revenue": 195601,
            "common_shares": 440000,
            "book_valuer_per_share": 16.79,
            "book_valuer_per_share_4q_avg": 16.72,
            "equity": 738552,
            "current_ratio": 132.11,
            "debt_ratio": 55.74,
            "inventory_turnover_ratio": 0.35,
            "account_receivable_turnover_ratio": null,
            "reinvestment_rate": 410.98,
            "research_to_sale_ratio": null,
            "price_fair": 68.04,
            "eps_avg_yearly": 1.94,
            "eps_latest_yearly": 0.64,
            "eps_growth_yearly": 108.77
        },
        "20083": {
            "year_quarter": 20083,
            "year": 2008,
            "quarter": 3,
            "eps": 0.16,
            "eps_growth_year": null,
            "eps_4q": 0.37,
            "eps_4q_growth_year": 23.18,
            "roe": 0.97,
            "roe_4q": 2.24,
            "gross_profit": 112712,
            "gross_margin": 71.09,
            "gross_margin_4q_avg": 72.06,
            "net_income": 7201,
            "revenue": 158554,
            "common_shares": 457600,
            "book_valuer_per_share": 16.3,
            "book_valuer_per_share_4q_avg": 16.62,
            "equity": 745753,
            "current_ratio": 123.17,
            "debt_ratio": 55.16,
            "inventory_turnover_ratio": 0.24,
            "account_receivable_turnover_ratio": null,
            "reinvestment_rate": 295.96,
            "research_to_sale_ratio": null,
            "price_fair": 63.89,
            "eps_avg_yearly": 1.83,
            "eps_latest_yearly": 0.64,
            "eps_growth_yearly": 98.89
        },
        "20084": {
            "year_quarter": 20084,
            "year": 2008,
            "quarter": 4,
            "eps": -0.07,
            "eps_growth_year": null,
            "eps_4q": 0.3,
            "eps_4q_growth_year": 76.47,
            "roe": -0.44,
            "roe_4q": 1.87,
            "gross_profit": 110407,
            "gross_margin": 56.19,
            "gross_margin_4q_avg": 67.36,
            "net_income": -3250,
            "revenue": 196475,
            "common_shares": 457600,
            "book_valuer_per_share": 16.23,
            "book_valuer_per_share_4q_avg": 16.51,
            "equity": 742503,
            "current_ratio": 123.48,
            "debt_ratio": 54,
            "inventory_turnover_ratio": 0.46,
            "account_receivable_turnover_ratio": 1.2,
            "reinvestment_rate": 188.26,
            "research_to_sale_ratio": null,
            "price_fair": 63.89,
            "eps_avg_yearly": 1.83,
            "eps_latest_yearly": 0.64,
            "eps_growth_yearly": 98.89
        },
        "20091": {
            "year_quarter": 20091,
            "year": 2009,
            "quarter": 1,
            "eps": 0.34,
            "eps_growth_year": 466.67,
            "eps_4q": 0.59,
            "eps_4q_growth_year": 651.46,
            "roe": 2.05,
            "roe_4q": 3.5700000000000003,
            "gross_profit": 119878,
            "gross_margin": 62.55,
            "gross_margin_4q_avg": 64.73,
            "net_income": 15387,
            "revenue": 191651,
            "common_shares": 457600,
            "book_valuer_per_share": 16.56,
            "book_valuer_per_share_4q_avg": 16.47,
            "equity": 757890,
            "current_ratio": 123.87,
            "debt_ratio": 52.93,
            "inventory_turnover_ratio": 0.44,
            "account_receivable_turnover_ratio": 0.6,
            "reinvestment_rate": 299.69,
            "research_to_sale_ratio": null,
            "price_fair": 63.89,
            "eps_avg_yearly": 1.83,
            "eps_latest_yearly": 0.64,
            "eps_growth_yearly": 98.89
        },
        "20092": {
            "year_quarter": 20092,
            "year": 2009,
            "quarter": 2,
            "eps": 0.03,
            "eps_growth_year": -81.25,
            "eps_4q": 0.49,
            "eps_4q_growth_year": 204.82,
            "roe": 0.17,
            "roe_4q": 2.75,
            "gross_profit": 122097,
            "gross_margin": 57.34,
            "gross_margin_4q_avg": 61.79,
            "net_income": 1271,
            "revenue": 212950,
            "common_shares": 457600,
            "book_valuer_per_share": 16.44,
            "book_valuer_per_share_4q_avg": 16.38,
            "equity": 752297,
            "current_ratio": 121,
            "debt_ratio": 53.88,
            "inventory_turnover_ratio": 0.63,
            "account_receivable_turnover_ratio": 0.71,
            "reinvestment_rate": 364.27,
            "research_to_sale_ratio": null,
            "price_fair": 4.19,
            "eps_avg_yearly": 1.4,
            "eps_latest_yearly": 0.12,
            "eps_growth_yearly": -35.41
        },
        "20093": {
            "year_quarter": 20093,
            "year": 2009,
            "quarter": 3,
            "eps": 0.17,
            "eps_growth_year": 6.25,
            "eps_4q": 0.46,
            "eps_4q_growth_year": 25.03,
            "roe": 1.04,
            "roe_4q": 2.82,
            "gross_profit": 122009,
            "gross_margin": 61.98,
            "gross_margin_4q_avg": 59.52,
            "net_income": 7827,
            "revenue": 196857,
            "common_shares": 457600,
            "book_valuer_per_share": 16.61,
            "book_valuer_per_share_4q_avg": 16.46,
            "equity": 760124,
            "current_ratio": 133.22,
            "debt_ratio": 51.99,
            "inventory_turnover_ratio": 0.53,
            "account_receivable_turnover_ratio": 0.69,
            "reinvestment_rate": 408.21,
            "research_to_sale_ratio": null,
            "price_fair": 39.84,
            "eps_avg_yearly": 1.14,
            "eps_latest_yearly": 0.68,
            "eps_growth_yearly": 144.21
        },
        "20094": {
            "year_quarter": 20094,
            "year": 2009,
            "quarter": 4,
            "eps": -0.08,
            "eps_growth_year": null,
            "eps_4q": 0.46,
            "eps_4q_growth_year": 53.1,
            "roe": -0.46,
            "roe_4q": 2.8,
            "gross_profit": 125851,
            "gross_margin": 63.39,
            "gross_margin_4q_avg": 61.32,
            "net_income": -3467,
            "revenue": 198525,
            "common_shares": 457600,
            "book_valuer_per_share": 16.54,
            "book_valuer_per_share_4q_avg": 16.54,
            "equity": 756657,
            "current_ratio": 133.99,
            "debt_ratio": 51.34,
            "inventory_turnover_ratio": 0.53,
            "account_receivable_turnover_ratio": 1.74,
            "reinvestment_rate": 452.91,
            "research_to_sale_ratio": null,
            "price_fair": 30.66,
            "eps_avg_yearly": 0.88,
            "eps_latest_yearly": 0.68,
            "eps_growth_yearly": 155.9
        },
        "20101": {
            "year_quarter": 20101,
            "year": 2010,
            "quarter": 1,
            "eps": 0.85,
            "eps_growth_year": 150,
            "eps_4q": 0.97,
            "eps_4q_growth_year": 65.29,
            "roe": 5.02,
            "roe_4q": 5.77,
            "gross_profit": 162604,
            "gross_margin": 67.43,
            "gross_margin_4q_avg": 62.54,
            "net_income": 38949,
            "revenue": 241145,
            "common_shares": 457600,
            "book_valuer_per_share": 17.39,
            "book_valuer_per_share_4q_avg": 16.75,
            "equity": 795606,
            "current_ratio": 144.14,
            "debt_ratio": 49.88,
            "inventory_turnover_ratio": 0.62,
            "account_receivable_turnover_ratio": 0.98,
            "reinvestment_rate": 577.05,
            "research_to_sale_ratio": null,
            "price_fair": 26.6,
            "eps_avg_yearly": 0.76,
            "eps_latest_yearly": 0.68,
            "eps_growth_yearly": 194.97
        },
        "20102": {
            "year_quarter": 20102,
            "year": 2010,
            "quarter": 2,
            "eps": 0.23,
            "eps_growth_year": 651.53,
            "eps_4q": 1.17,
            "eps_4q_growth_year": 140.91,
            "roe": 1.3,
            "roe_4q": 6.8999999999999995,
            "gross_profit": 128728,
            "gross_margin": 67.38,
            "gross_margin_4q_avg": 65.05,
            "net_income": 10317,
            "revenue": 191055,
            "common_shares": 457600,
            "book_valuer_per_share": 17.41,
            "book_valuer_per_share_4q_avg": 16.99,
            "equity": 796771,
            "current_ratio": 141.09,
            "debt_ratio": 49.97,
            "inventory_turnover_ratio": 0.47,
            "account_receivable_turnover_ratio": 0.74,
            "reinvestment_rate": 597.34,
            "research_to_sale_ratio": null,
            "price_fair": 23.8,
            "eps_avg_yearly": 0.68,
            "eps_latest_yearly": 0.92,
            "eps_growth_yearly": 169.04
        },
        "20103": {
            "year_quarter": 20103,
            "year": 2010,
            "quarter": 3,
            "eps": -0.5,
            "eps_growth_year": -396.77,
            "eps_4q": 0.5,
            "eps_4q_growth_year": 7.62,
            "roe": -2.94,
            "roe_4q": 2.92,
            "gross_profit": 95523,
            "gross_margin": 56.53,
            "gross_margin_4q_avg": 63.68,
            "net_income": -23086,
            "revenue": 168989,
            "common_shares": 457600,
            "book_valuer_per_share": 16.91,
            "book_valuer_per_share_4q_avg": 17.06,
            "equity": 773685,
            "current_ratio": 124.35,
            "debt_ratio": 50,
            "inventory_turnover_ratio": 0.51,
            "account_receivable_turnover_ratio": 0.75,
            "reinvestment_rate": 891.7,
            "research_to_sale_ratio": null,
            "price_fair": 19.25,
            "eps_avg_yearly": 0.55,
            "eps_latest_yearly": 0.92,
            "eps_growth_yearly": 187.73
        },
        "20104": {
            "year_quarter": 20104,
            "year": 2010,
            "quarter": 4,
            "eps": -1.13,
            "eps_growth_year": null,
            "eps_4q": -0.56,
            "eps_4q_growth_year": -221.81,
            "roe": -6.92,
            "roe_4q": -3.539999999999999,
            "gross_profit": 70169,
            "gross_margin": 51.17,
            "gross_margin_4q_avg": 60.63,
            "net_income": -51782,
            "revenue": 137131,
            "common_shares": 457600,
            "book_valuer_per_share": 15.78,
            "book_valuer_per_share_4q_avg": 16.87,
            "equity": 721903,
            "current_ratio": 111.67,
            "debt_ratio": 52.21,
            "inventory_turnover_ratio": 0.46,
            "account_receivable_turnover_ratio": 0.8,
            "reinvestment_rate": 1691.93,
            "research_to_sale_ratio": null,
            "price_fair": 19.6,
            "eps_avg_yearly": 0.56,
            "eps_latest_yearly": 0.92,
            "eps_growth_yearly": 255.74
        },
        "20111": {
            "year_quarter": 20111,
            "year": 2011,
            "quarter": 1,
            "eps": -0.33,
            "eps_growth_year": -138.82,
            "eps_4q": -1.75,
            "eps_4q_growth_year": -279.13,
            "roe": -2.14,
            "roe_4q": -10.7,
            "gross_profit": 142169,
            "gross_margin": 60.78,
            "gross_margin_4q_avg": 58.97,
            "net_income": -15307,
            "revenue": 233900,
            "common_shares": 457600,
            "book_valuer_per_share": 15.44,
            "book_valuer_per_share_4q_avg": 16.39,
            "equity": 706596,
            "current_ratio": 107.18,
            "debt_ratio": 54.17,
            "inventory_turnover_ratio": 0.63,
            "account_receivable_turnover_ratio": 1.45,
            "reinvestment_rate": null,
            "research_to_sale_ratio": null,
            "price_fair": 19.37,
            "eps_avg_yearly": 0.55,
            "eps_latest_yearly": 0.92,
            "eps_growth_yearly": 281.7
        },
        "20112": {
            "year_quarter": 20112,
            "year": 2011,
            "quarter": 2,
            "eps": -0.29,
            "eps_growth_year": -228.44,
            "eps_4q": -2.26,
            "eps_4q_growth_year": -292.87,
            "roe": -1.89,
            "roe_4q": -13.889999999999999,
            "gross_profit": 120032,
            "gross_margin": 60.45,
            "gross_margin_4q_avg": 57.23,
            "net_income": -13251,
            "revenue": 198571,
            "common_shares": 457600,
            "book_valuer_per_share": 15.15,
            "book_valuer_per_share_4q_avg": 15.82,
            "equity": 693345,
            "current_ratio": 103,
            "debt_ratio": 54.62,
            "inventory_turnover_ratio": 0.52,
            "account_receivable_turnover_ratio": 1.17,
            "reinvestment_rate": null,
            "research_to_sale_ratio": null,
            "price_fair": 21,
            "eps_avg_yearly": 0.6,
            "eps_latest_yearly": 0.92,
            "eps_growth_yearly": 375.37
        },
        "20113": {
            "year_quarter": 20113,
            "year": 2011,
            "quarter": 3,
            "eps": -0.06,
            "eps_growth_year": null,
            "eps_4q": -1.81,
            "eps_4q_growth_year": -465.22,
            "roe": -0.38,
            "roe_4q": -11.33,
            "gross_profit": 115332,
            "gross_margin": 57.85,
            "gross_margin_4q_avg": 57.56,
            "net_income": -2613,
            "revenue": 199379,
            "common_shares": 457600,
            "book_valuer_per_share": 15.09,
            "book_valuer_per_share_4q_avg": 15.37,
            "equity": 690732,
            "current_ratio": 111.88,
            "debt_ratio": 54.78,
            "inventory_turnover_ratio": 0.55,
            "account_receivable_turnover_ratio": 1.21,
            "reinvestment_rate": null,
            "research_to_sale_ratio": null,
            "price_fair": 21,
            "eps_avg_yearly": 0.6,
            "eps_latest_yearly": 0.92,
            "eps_growth_yearly": 375.37
        },
        "20114": {
            "year_quarter": 20114,
            "year": 2011,
            "quarter": 4,
            "eps": 0.62,
            "eps_growth_year": null,
            "eps_4q": -0.06,
            "eps_4q_growth_year": null,
            "roe": 4.04,
            "roe_4q": -0.3699999999999999,
            "gross_profit": 145985,
            "gross_margin": 66.79,
            "gross_margin_4q_avg": 61.47,
            "net_income": 28495,
            "revenue": 218572,
            "common_shares": 457600,
            "book_valuer_per_share": 15.72,
            "book_valuer_per_share_4q_avg": 15.35,
            "equity": 719227,
            "current_ratio": 113.12,
            "debt_ratio": 54.12,
            "inventory_turnover_ratio": 0.48,
            "account_receivable_turnover_ratio": 1.21,
            "reinvestment_rate": 1488.54,
            "research_to_sale_ratio": null,
            "price_fair": 21,
            "eps_avg_yearly": 0.6,
            "eps_latest_yearly": 0.92,
            "eps_growth_yearly": 375.37
        },
        "20121": {
            "year_quarter": 20121,
            "year": 2012,
            "quarter": 1,
            "eps": 0.26,
            "eps_growth_year": null,
            "eps_4q": 0.54,
            "eps_4q_growth_year": null,
            "roe": 1.64,
            "roe_4q": 3.41,
            "gross_profit": 136571,
            "gross_margin": 64.36,
            "gross_margin_4q_avg": 62.36,
            "net_income": 11892,
            "revenue": 212185,
            "common_shares": 457600,
            "book_valuer_per_share": 15.98,
            "book_valuer_per_share_4q_avg": 15.49,
            "equity": 731119,
            "current_ratio": 113.31,
            "debt_ratio": 54.19,
            "inventory_turnover_ratio": 0.47,
            "account_receivable_turnover_ratio": 1.03,
            "reinvestment_rate": 575.84,
            "research_to_sale_ratio": 1.85,
            "price_fair": 23.57,
            "eps_avg_yearly": 0.67,
            "eps_latest_yearly": 1.04,
            "eps_growth_yearly": 274.1
        },
        "20122": {
            "year_quarter": 20122,
            "year": 2012,
            "quarter": 2,
            "eps": 0.43,
            "eps_growth_year": null,
            "eps_4q": 1.26,
            "eps_4q_growth_year": null,
            "roe": 2.67,
            "roe_4q": 7.97,
            "gross_profit": 126628,
            "gross_margin": 61.06,
            "gross_margin_4q_avg": 62.52,
            "net_income": 19753,
            "revenue": 207382,
            "common_shares": 457600,
            "book_valuer_per_share": 16.41,
            "book_valuer_per_share_4q_avg": 15.8,
            "equity": 750872,
            "current_ratio": 118.34,
            "debt_ratio": 52.29,
            "inventory_turnover_ratio": 0.5,
            "account_receivable_turnover_ratio": 1.2,
            "reinvestment_rate": 438.07,
            "research_to_sale_ratio": 2.43,
            "price_fair": 29.87,
            "eps_avg_yearly": 0.85,
            "eps_latest_yearly": 1.72,
            "eps_growth_yearly": 206.58
        },
        "20123": {
            "year_quarter": 20123,
            "year": 2012,
            "quarter": 3,
            "eps": -0.02,
            "eps_growth_year": null,
            "eps_4q": 1.29,
            "eps_4q_growth_year": null,
            "roe": -0.12,
            "roe_4q": 8.23,
            "gross_profit": 113895,
            "gross_margin": 53.49,
            "gross_margin_4q_avg": 61.43,
            "net_income": -882,
            "revenue": 212926,
            "common_shares": 457600,
            "book_valuer_per_share": 16.39,
            "book_valuer_per_share_4q_avg": 16.13,
            "equity": 749990,
            "current_ratio": 111.59,
            "debt_ratio": 50.47,
            "inventory_turnover_ratio": 0.66,
            "account_receivable_turnover_ratio": 1.51,
            "reinvestment_rate": 596.56,
            "research_to_sale_ratio": 1.81,
            "price_fair": 31.36,
            "eps_avg_yearly": 0.9,
            "eps_latest_yearly": 1.72,
            "eps_growth_yearly": 247.9
        },
        "20124": {
            "year_quarter": 20124,
            "year": 2012,
            "quarter": 4,
            "eps": 0.14,
            "eps_growth_year": -77.47,
            "eps_4q": 0.81,
            "eps_4q_growth_year": null,
            "roe": 0.85,
            "roe_4q": 5.04,
            "gross_profit": 139865,
            "gross_margin": 55.41,
            "gross_margin_4q_avg": 58.58,
            "net_income": 6420,
            "revenue": 252399,
            "common_shares": 457600,
            "book_valuer_per_share": 16.53,
            "book_valuer_per_share_4q_avg": 16.33,
            "equity": 756410,
            "current_ratio": 124.99,
            "debt_ratio": 50.42,
            "inventory_turnover_ratio": 0.81,
            "account_receivable_turnover_ratio": 1.5,
            "reinvestment_rate": 331.11,
            "research_to_sale_ratio": 2.17,
            "price_fair": 31.36,
            "eps_avg_yearly": 0.9,
            "eps_latest_yearly": 1.72,
            "eps_growth_yearly": 247.9
        },
        "20131": {
            "year_quarter": 20131,
            "year": 2013,
            "quarter": 1,
            "eps": 0.28,
            "eps_growth_year": 7.69,
            "eps_4q": 0.84,
            "eps_4q_growth_year": 55.97,
            "roe": 1.7,
            "roe_4q": 5.1,
            "gross_profit": 151214,
            "gross_margin": 56.47,
            "gross_margin_4q_avg": 56.61,
            "net_income": 12957,
            "revenue": 267785,
            "common_shares": 457600,
            "book_valuer_per_share": 16.81,
            "book_valuer_per_share_4q_avg": 16.54,
            "equity": 769121,
            "current_ratio": 122.34,
            "debt_ratio": 50.7,
            "inventory_turnover_ratio": 0.87,
            "account_receivable_turnover_ratio": 1.39,
            "reinvestment_rate": -186.29,
            "research_to_sale_ratio": 1.36,
            "price_fair": 32.67,
            "eps_avg_yearly": 0.93,
            "eps_latest_yearly": 1.12,
            "eps_growth_yearly": 273.25
        },
        "20132": {
            "year_quarter": 20132,
            "year": 2013,
            "quarter": 2,
            "eps": 0.47,
            "eps_growth_year": 8.88,
            "eps_4q": 0.87,
            "eps_4q_growth_year": -30.42,
            "roe": 2.78,
            "roe_4q": 5.209999999999999,
            "gross_profit": 163992,
            "gross_margin": 61.23,
            "gross_margin_4q_avg": 56.65,
            "net_income": 21530,
            "revenue": 267843,
            "common_shares": 457600,
            "book_valuer_per_share": 17.08,
            "book_valuer_per_share_4q_avg": 16.7,
            "equity": 781499,
            "current_ratio": 121.73,
            "debt_ratio": 49.15,
            "inventory_turnover_ratio": 0.79,
            "account_receivable_turnover_ratio": 1.28,
            "reinvestment_rate": -114.69,
            "research_to_sale_ratio": 1.45,
            "price_fair": 42.93,
            "eps_avg_yearly": 1.23,
            "eps_latest_yearly": 1.88,
            "eps_growth_yearly": 379.27
        },
        "20133": {
            "year_quarter": 20133,
            "year": 2013,
            "quarter": 3,
            "eps": 0.2,
            "eps_growth_year": null,
            "eps_4q": 1.1,
            "eps_4q_growth_year": -15.3,
            "roe": 1.18,
            "roe_4q": 6.51,
            "gross_profit": 115510,
            "gross_margin": 60.75,
            "gross_margin_4q_avg": 58.47,
            "net_income": 9286,
            "revenue": 190153,
            "common_shares": 457600,
            "book_valuer_per_share": 17.28,
            "book_valuer_per_share_4q_avg": 16.93,
            "equity": 790785,
            "current_ratio": 127.16,
            "debt_ratio": 45.16,
            "inventory_turnover_ratio": 0.61,
            "account_receivable_turnover_ratio": 1.12,
            "reinvestment_rate": -93.29,
            "research_to_sale_ratio": 1.97,
            "price_fair": 43.63,
            "eps_avg_yearly": 1.25,
            "eps_latest_yearly": 0.8,
            "eps_growth_yearly": 29.86
        },
        "20134": {
            "year_quarter": 20134,
            "year": 2013,
            "quarter": 4,
            "eps": 0.11,
            "eps_growth_year": -18.1,
            "eps_4q": 1.07,
            "eps_4q_growth_year": 31.86,
            "roe": 0.66,
            "roe_4q": 6.319999999999999,
            "gross_profit": 110687,
            "gross_margin": 57.45,
            "gross_margin_4q_avg": 58.98,
            "net_income": 5258,
            "revenue": 192658,
            "common_shares": 457600,
            "book_valuer_per_share": 17.48,
            "book_valuer_per_share_4q_avg": 17.16,
            "equity": 799893,
            "current_ratio": 157.73,
            "debt_ratio": 45.7,
            "inventory_turnover_ratio": 0.72,
            "account_receivable_turnover_ratio": 1.96,
            "reinvestment_rate": -405.45,
            "research_to_sale_ratio": 1.79,
            "price_fair": 3.39,
            "eps_avg_yearly": 1.13,
            "eps_latest_yearly": 0.44,
            "eps_growth_yearly": -0.12
        },
        "20141": {
            "year_quarter": 20141,
            "year": 2014,
            "quarter": 1,
            "eps": 0.37,
            "eps_growth_year": 32.14,
            "eps_4q": 1.16,
            "eps_4q_growth_year": 38.45,
            "roe": 2.09,
            "roe_4q": 6.709999999999999,
            "gross_profit": 126010,
            "gross_margin": 61.65,
            "gross_margin_4q_avg": 60.27,
            "net_income": 16879,
            "revenue": 204380,
            "common_shares": 457600,
            "book_valuer_per_share": 17.85,
            "book_valuer_per_share_4q_avg": 17.42,
            "equity": 816772,
            "current_ratio": 160.55,
            "debt_ratio": 44.96,
            "inventory_turnover_ratio": 0.65,
            "account_receivable_turnover_ratio": 3.34,
            "reinvestment_rate": -678.13,
            "research_to_sale_ratio": 1.67,
            "price_fair": 41.13,
            "eps_avg_yearly": 1.18,
            "eps_latest_yearly": 1.48,
            "eps_growth_yearly": 118.08
        },
        "20142": {
            "year_quarter": 20142,
            "year": 2014,
            "quarter": 2,
            "eps": 0.3,
            "eps_growth_year": -36.17,
            "eps_4q": 0.99,
            "eps_4q_growth_year": 13.36,
            "roe": 1.74,
            "roe_4q": 5.67,
            "gross_profit": 125532,
            "gross_margin": 60.65,
            "gross_margin_4q_avg": 60.13,
            "net_income": 13950,
            "revenue": 206984,
            "common_shares": 457600,
            "book_valuer_per_share": 17.15,
            "book_valuer_per_share_4q_avg": 17.44,
            "equity": 784962,
            "current_ratio": 137.71,
            "debt_ratio": 47.76,
            "inventory_turnover_ratio": 0.64,
            "account_receivable_turnover_ratio": 4.26,
            "reinvestment_rate": -597,
            "research_to_sale_ratio": 1.68,
            "price_fair": 42.35,
            "eps_avg_yearly": 1.21,
            "eps_latest_yearly": 1.2,
            "eps_growth_yearly": 145.09
        },
        "20143": {
            "year_quarter": 20143,
            "year": 2014,
            "quarter": 3,
            "eps": 0.34,
            "eps_growth_year": 70,
            "eps_4q": 1.13,
            "eps_4q_growth_year": 2.66,
            "roe": 1.95,
            "roe_4q": 6.4399999999999995,
            "gross_profit": 130377,
            "gross_margin": 58.79,
            "gross_margin_4q_avg": 59.64,
            "net_income": 15440,
            "revenue": 221771,
            "common_shares": 457600,
            "book_valuer_per_share": 17.49,
            "book_valuer_per_share_4q_avg": 17.49,
            "equity": 800402,
            "current_ratio": 147.91,
            "debt_ratio": 43.7,
            "inventory_turnover_ratio": 0.72,
            "account_receivable_turnover_ratio": 3.65,
            "reinvestment_rate": -284.22,
            "research_to_sale_ratio": 1.43,
            "price_fair": 42.93,
            "eps_avg_yearly": 1.23,
            "eps_latest_yearly": 1.36,
            "eps_growth_yearly": 134.89
        },
        "20144": {
            "year_quarter": 20144,
            "year": 2014,
            "quarter": 4,
            "eps": 0.33,
            "eps_growth_year": 189.65,
            "eps_4q": 1.34,
            "eps_4q_growth_year": 25.43,
            "roe": 1.88,
            "roe_4q": 7.66,
            "gross_profit": 130382,
            "gross_margin": 61.84,
            "gross_margin_4q_avg": 60.73,
            "net_income": 15230,
            "revenue": 210852,
            "common_shares": 457600,
            "book_valuer_per_share": 17.82,
            "book_valuer_per_share_4q_avg": 17.58,
            "equity": 815547,
            "current_ratio": 130.85,
            "debt_ratio": 44.41,
            "inventory_turnover_ratio": 0.66,
            "account_receivable_turnover_ratio": 3.07,
            "reinvestment_rate": -146.96,
            "research_to_sale_ratio": 1.42,
            "price_fair": 43.26,
            "eps_avg_yearly": 1.24,
            "eps_latest_yearly": 1.32,
            "eps_growth_yearly": 120.23
        },
        "20151": {
            "year_quarter": 20151,
            "year": 2015,
            "quarter": 1,
            "eps": 0.65,
            "eps_growth_year": 75.68,
            "eps_4q": 1.62,
            "eps_4q_growth_year": 40.14,
            "roe": 3.56,
            "roe_4q": 9.129999999999999,
            "gross_profit": 153171,
            "gross_margin": 65.04,
            "gross_margin_4q_avg": 61.58,
            "net_income": 29590,
            "revenue": 235486,
            "common_shares": 457600,
            "book_valuer_per_share": 18.47,
            "book_valuer_per_share_4q_avg": 17.73,
            "equity": 845137,
            "current_ratio": 133.29,
            "debt_ratio": 44.15,
            "inventory_turnover_ratio": 0.7,
            "account_receivable_turnover_ratio": 4.68,
            "reinvestment_rate": -92.26,
            "research_to_sale_ratio": 1.36,
            "price_fair": 47.6,
            "eps_avg_yearly": 1.36,
            "eps_latest_yearly": 2.6,
            "eps_growth_yearly": 144.56
        },
        "20152": {
            "year_quarter": 20152,
            "year": 2015,
            "quarter": 2,
            "eps": 0.35,
            "eps_growth_year": 16.67,
            "eps_4q": 1.66,
            "eps_4q_growth_year": 67.65,
            "roe": 1.89,
            "roe_4q": 9.28,
            "gross_profit": 143275,
            "gross_margin": 65.72,
            "gross_margin_4q_avg": 62.85,
            "net_income": 15809,
            "revenue": 218005,
            "common_shares": 457600,
            "book_valuer_per_share": 18.11,
            "book_valuer_per_share_4q_avg": 17.97,
            "equity": 828914,
            "current_ratio": 124.79,
            "debt_ratio": 45.4,
            "inventory_turnover_ratio": 0.64,
            "account_receivable_turnover_ratio": 5.36,
            "reinvestment_rate": -76.39,
            "research_to_sale_ratio": 1.65,
            "price_fair": 47.72,
            "eps_avg_yearly": 1.36,
            "eps_latest_yearly": 1.4,
            "eps_growth_yearly": 117.13
        },
        "20153": {
            "year_quarter": 20153,
            "year": 2015,
            "quarter": 3,
            "eps": 0.13,
            "eps_growth_year": -61.76,
            "eps_4q": 1.46,
            "eps_4q_growth_year": 29.33,
            "roe": 0.72,
            "roe_4q": 8.05,
            "gross_profit": 124310,
            "gross_margin": 62.61,
            "gross_margin_4q_avg": 63.8,
            "net_income": 6009,
            "revenue": 198538,
            "common_shares": 457600,
            "book_valuer_per_share": 18.25,
            "book_valuer_per_share_4q_avg": 18.16,
            "equity": 834923,
            "current_ratio": 123.55,
            "debt_ratio": 44.51,
            "inventory_turnover_ratio": 0.63,
            "account_receivable_turnover_ratio": 3.92,
            "reinvestment_rate": -67.27,
            "research_to_sale_ratio": 2,
            "price_fair": 45.45,
            "eps_avg_yearly": 1.3,
            "eps_latest_yearly": 0.52,
            "eps_growth_yearly": 88.78
        },
        "20154": {
            "year_quarter": 20154,
            "year": 2015,
            "quarter": 4,
            "eps": -0.05,
            "eps_growth_year": -115.39,
            "eps_4q": 1.07,
            "eps_4q_growth_year": -20.22,
            "roe": -0.28,
            "roe_4q": 5.890000000000001,
            "gross_profit": 114556,
            "gross_margin": 60.73,
            "gross_margin_4q_avg": 63.53,
            "net_income": -2344,
            "revenue": 188646,
            "common_shares": 457600,
            "book_valuer_per_share": 18.17,
            "book_valuer_per_share_4q_avg": 18.25,
            "equity": 831663,
            "current_ratio": 95.98,
            "debt_ratio": 44.55,
            "inventory_turnover_ratio": 0.59,
            "account_receivable_turnover_ratio": 3.58,
            "reinvestment_rate": -57.48,
            "research_to_sale_ratio": -4.61,
            "price_fair": 45.45,
            "eps_avg_yearly": 1.3,
            "eps_latest_yearly": 0.52,
            "eps_growth_yearly": 88.78
        },
        "20161": {
            "year_quarter": 20161,
            "year": 2016,
            "quarter": 1,
            "eps": 0.1,
            "eps_growth_year": -84.62,
            "eps_4q": 0.53,
            "eps_4q_growth_year": -67.59,
            "roe": 0.55,
            "roe_4q": 2.88,
            "gross_profit": 124840,
            "gross_margin": 60.16,
            "gross_margin_4q_avg": 62.31,
            "net_income": 4575,
            "revenue": 207500,
            "common_shares": 457600,
            "book_valuer_per_share": 18.27,
            "book_valuer_per_share_4q_avg": 18.2,
            "equity": 836238,
            "current_ratio": 96.6,
            "debt_ratio": 43.58,
            "inventory_turnover_ratio": 0.67,
            "account_receivable_turnover_ratio": 3.75,
            "reinvestment_rate": -59.99,
            "research_to_sale_ratio": 0.26,
            "price_fair": 46.2,
            "eps_avg_yearly": 1.32,
            "eps_latest_yearly": 0.52,
            "eps_growth_yearly": 115.53
        },
        "20162": {
            "year_quarter": 20162,
            "year": 2016,
            "quarter": 2,
            "eps": -0.2,
            "eps_growth_year": -157.14,
            "eps_4q": -0.02,
            "eps_4q_growth_year": -101.12,
            "roe": -1.1,
            "roe_4q": -0.1100000000000001,
            "gross_profit": 114704,
            "gross_margin": 59.26,
            "gross_margin_4q_avg": 60.69,
            "net_income": -9089,
            "revenue": 193553,
            "common_shares": 457600,
            "book_valuer_per_share": 17.78,
            "book_valuer_per_share_4q_avg": 18.12,
            "equity": 813421,
            "current_ratio": 91.94,
            "debt_ratio": 45.12,
            "inventory_turnover_ratio": 0.65,
            "account_receivable_turnover_ratio": 2.77,
            "reinvestment_rate": -65.64,
            "research_to_sale_ratio": 0.49,
            "price_fair": 44.93,
            "eps_avg_yearly": 1.28,
            "eps_latest_yearly": 0.52,
            "eps_growth_yearly": 102.26
        },
        "20163": {
            "year_quarter": 20163,
            "year": 2016,
            "quarter": 3,
            "eps": -0.43,
            "eps_growth_year": -430.77,
            "eps_4q": -0.58,
            "eps_4q_growth_year": -139.85,
            "roe": -2.45,
            "roe_4q": -3.2800000000000002,
            "gross_profit": 109254,
            "gross_margin": 62.4,
            "gross_margin_4q_avg": 60.64,
            "net_income": -19696,
            "revenue": 175089,
            "common_shares": 457600,
            "book_valuer_per_share": 17.35,
            "book_valuer_per_share_4q_avg": 17.89,
            "equity": 793725,
            "current_ratio": 87.03,
            "debt_ratio": 44.71,
            "inventory_turnover_ratio": 0.53,
            "account_receivable_turnover_ratio": 2.3,
            "reinvestment_rate": -74.09,
            "research_to_sale_ratio": 0.15,
            "price_fair": 44.93,
            "eps_avg_yearly": 1.28,
            "eps_latest_yearly": 0.52,
            "eps_growth_yearly": 102.26
        },
        "20164": {
            "year_quarter": 20164,
            "year": 2016,
            "quarter": 4,
            "eps": -0.64,
            "eps_growth_year": null,
            "eps_4q": -1.17,
            "eps_4q_growth_year": -208.68,
            "roe": -3.74,
            "roe_4q": -6.740000000000001,
            "gross_profit": 102169,
            "gross_margin": 56.96,
            "gross_margin_4q_avg": 59.7,
            "net_income": -29114,
            "revenue": 179371,
            "common_shares": 457600,
            "book_valuer_per_share": 16.72,
            "book_valuer_per_share_4q_avg": 17.53,
            "equity": 765170,
            "current_ratio": 101.84,
            "debt_ratio": 45.13,
            "inventory_turnover_ratio": 0.64,
            "account_receivable_turnover_ratio": 2.38,
            "reinvestment_rate": -74.39,
            "research_to_sale_ratio": 0.07,
            "price_fair": 44.93,
            "eps_avg_yearly": 1.28,
            "eps_latest_yearly": 0.52,
            "eps_growth_yearly": 102.26
        },
        "20171": {
            "year_quarter": 20171,
            "year": 2017,
            "quarter": 1,
            "eps": -0.38,
            "eps_growth_year": -480,
            "eps_4q": -1.64,
            "eps_4q_growth_year": -412.64,
            "roe": -2.29,
            "roe_4q": -9.58,
            "gross_profit": 108238,
            "gross_margin": 64.25,
            "gross_margin_4q_avg": 60.72,
            "net_income": -17288,
            "revenue": 168452,
            "common_shares": 457600,
            "book_valuer_per_share": 16.34,
            "book_valuer_per_share_4q_avg": 17.05,
            "equity": 747882,
            "current_ratio": 97.39,
            "debt_ratio": 45.43,
            "inventory_turnover_ratio": 0.5,
            "account_receivable_turnover_ratio": 2.33,
            "reinvestment_rate": 78.98,
            "research_to_sale_ratio": 0.14,
            "price_fair": 45.5,
            "eps_avg_yearly": 1.3,
            "eps_latest_yearly": 0.52,
            "eps_growth_yearly": 72.48
        },
        "20172": {
            "year_quarter": 20172,
            "year": 2017,
            "quarter": 2,
            "eps": -5.48,
            "eps_growth_year": null,
            "eps_4q": -6.92,
            "eps_4q_growth_year": null,
            "roe": -40.27,
            "roe_4q": -48.75000000000001,
            "gross_profit": 23879,
            "gross_margin": 20.14,
            "gross_margin_4q_avg": 50.94,
            "net_income": -250701,
            "revenue": 118541,
            "common_shares": 457600,
            "book_valuer_per_share": 10.86,
            "book_valuer_per_share_4q_avg": 15.32,
            "equity": 497181,
            "current_ratio": 69.67,
            "debt_ratio": 56.64,
            "inventory_turnover_ratio": 0.95,
            "account_receivable_turnover_ratio": 2.35,
            "reinvestment_rate": null,
            "research_to_sale_ratio": 0.31,
            "price_fair": 43.24,
            "eps_avg_yearly": 1.24,
            "eps_latest_yearly": 0.52,
            "eps_growth_yearly": 50.38
        },
        "20173": {
            "year_quarter": 20173,
            "year": 2017,
            "quarter": 3,
            "eps": 1.47,
            "eps_growth_year": null,
            "eps_4q": -5.03,
            "eps_4q_growth_year": null,
            "roe": 12.64,
            "roe_4q": -33.660000000000004,
            "gross_profit": 30942,
            "gross_margin": 31.86,
            "gross_margin_4q_avg": 43.3,
            "net_income": 67087,
            "revenue": 97111,
            "common_shares": 457600,
            "book_valuer_per_share": 12.33,
            "book_valuer_per_share_4q_avg": 14.06,
            "equity": 564268,
            "current_ratio": 135.93,
            "debt_ratio": 42.31,
            "inventory_turnover_ratio": 0.73,
            "account_receivable_turnover_ratio": 3.63,
            "reinvestment_rate": null,
            "research_to_sale_ratio": 0.46,
            "price_fair": 45.15,
            "eps_avg_yearly": 1.29,
            "eps_latest_yearly": 0.52,
            "eps_growth_yearly": 85.4
        },
        "20174": {
            "year_quarter": 20174,
            "year": 2017,
            "quarter": 4,
            "eps": -0.06,
            "eps_growth_year": null,
            "eps_4q": -4.45,
            "eps_4q_growth_year": null,
            "roe": -0.46,
            "roe_4q": -30.380000000000003,
            "gross_profit": 92982,
            "gross_margin": 70.79,
            "gross_margin_4q_avg": 46.76,
            "net_income": -2595,
            "revenue": 131355,
            "common_shares": 457600,
            "book_valuer_per_share": 12.16,
            "book_valuer_per_share_4q_avg": 12.92,
            "equity": 556239,
            "current_ratio": 144.38,
            "debt_ratio": 39.8,
            "inventory_turnover_ratio": 0.36,
            "account_receivable_turnover_ratio": 4.24,
            "reinvestment_rate": null,
            "research_to_sale_ratio": 0.53,
            "price_fair": 49.4,
            "eps_avg_yearly": 1.41,
            "eps_latest_yearly": 0.52,
            "eps_growth_yearly": 123.31
        },
        "20181": {
            "year_quarter": 20181,
            "year": 2018,
            "quarter": 1,
            "eps": -0.21,
            "eps_growth_year": null,
            "eps_4q": -4.28,
            "eps_4q_growth_year": null,
            "roe": -1.72,
            "roe_4q": -29.810000000000002,
            "gross_profit": 77457,
            "gross_margin": 61.93,
            "gross_margin_4q_avg": 46.18,
            "net_income": -9542,
            "revenue": 125080,
            "common_shares": 457600,
            "book_valuer_per_share": 12.08,
            "book_valuer_per_share_4q_avg": 11.86,
            "equity": 552845,
            "current_ratio": 139.42,
            "debt_ratio": 41.63,
            "inventory_turnover_ratio": 0.44,
            "account_receivable_turnover_ratio": 2.47,
            "reinvestment_rate": null,
            "research_to_sale_ratio": 0.28,
            "price_fair": 4.2,
            "eps_avg_yearly": 1.4,
            "eps_latest_yearly": 0.52,
            "eps_growth_yearly": -13.71
        },
        "20182": {
            "year_quarter": 20182,
            "year": 2018,
            "quarter": 2,
            "eps": -0.39,
            "eps_growth_year": null,
            "eps_4q": 0.81,
            "eps_4q_growth_year": null,
            "roe": -3.32,
            "roe_4q": 7.140000000000001,
            "gross_profit": 81301,
            "gross_margin": 57.84,
            "gross_margin_4q_avg": 55.61,
            "net_income": -18040,
            "revenue": 140557,
            "common_shares": 457600,
            "book_valuer_per_share": 11.69,
            "book_valuer_per_share_4q_avg": 12.07,
            "equity": 534805,
            "current_ratio": 135.59,
            "debt_ratio": 42.05,
            "inventory_turnover_ratio": 0.57,
            "account_receivable_turnover_ratio": 2.07,
            "reinvestment_rate": null,
            "research_to_sale_ratio": 0.65,
            "price_fair": 4.32,
            "eps_avg_yearly": 1.44,
            "eps_latest_yearly": 0.52,
            "eps_growth_yearly": -1.32
        },
        "20183": {
            "year_quarter": 20183,
            "year": 2018,
            "quarter": 3,
            "eps": -0.79,
            "eps_growth_year": -153.74,
            "eps_4q": -1.45,
            "eps_4q_growth_year": null,
            "roe": -6.97,
            "roe_4q": -12.47,
            "gross_profit": 64872,
            "gross_margin": 53.6,
            "gross_margin_4q_avg": 61.04,
            "net_income": -36019,
            "revenue": 121039,
            "common_shares": 457600,
            "book_valuer_per_share": 10.9,
            "book_valuer_per_share_4q_avg": 11.71,
            "equity": 498786,
            "current_ratio": 130.97,
            "debt_ratio": 42.65,
            "inventory_turnover_ratio": 0.58,
            "account_receivable_turnover_ratio": 1.73,
            "reinvestment_rate": null,
            "research_to_sale_ratio": 0.68,
            "price_fair": 4.38,
            "eps_avg_yearly": 1.46,
            "eps_latest_yearly": 0.52,
            "eps_growth_yearly": -14.98
        },
        "20184": {
            "year_quarter": 20184,
            "year": 2018,
            "quarter": 4,
            "eps": -0.68,
            "eps_growth_year": null,
            "eps_4q": -2.07,
            "eps_4q_growth_year": null,
            "roe": -6.48,
            "roe_4q": -18.49,
            "gross_profit": 57626,
            "gross_margin": 39.18,
            "gross_margin_4q_avg": 53.14,
            "net_income": -31248,
            "revenue": 147095,
            "common_shares": 457600,
            "book_valuer_per_share": 10.18,
            "book_valuer_per_share_4q_avg": 11.21,
            "equity": 466014,
            "current_ratio": 157.79,
            "debt_ratio": 37.08,
            "inventory_turnover_ratio": 1.22,
            "account_receivable_turnover_ratio": 1.96,
            "reinvestment_rate": null,
            "research_to_sale_ratio": 0.34,
            "price_fair": 4.52,
            "eps_avg_yearly": 1.51,
            "eps_latest_yearly": 0.52,
            "eps_growth_yearly": -16.06
        },
        "20191": {
            "year_quarter": 20191,
            "year": 2019,
            "quarter": 1,
            "eps": -0.4,
            "eps_growth_year": null,
            "eps_4q": -2.26,
            "eps_4q_growth_year": null,
            "roe": -4.01,
            "roe_4q": -20.78,
            "gross_profit": 61976,
            "gross_margin": 55.81,
            "gross_margin_4q_avg": 51.61,
            "net_income": -18310,
            "revenue": 111039,
            "common_shares": 457600,
            "book_valuer_per_share": 9.78,
            "book_valuer_per_share_4q_avg": 10.64,
            "equity": 447704,
            "current_ratio": 158.59,
            "debt_ratio": 34.43,
            "inventory_turnover_ratio": 0.92,
            "account_receivable_turnover_ratio": 1.45,
            "reinvestment_rate": null,
            "research_to_sale_ratio": 0.26,
            "price_fair": 2.88,
            "eps_avg_yearly": 0.96,
            "eps_latest_yearly": 0.52,
            "eps_growth_yearly": -218.02
        },
        "20192": {
            "year_quarter": 20192,
            "year": 2019,
            "quarter": 2,
            "eps": -0.35,
            "eps_growth_year": null,
            "eps_4q": -2.21,
            "eps_4q_growth_year": -374.28,
            "roe": -3.64,
            "roe_4q": -21.1,
            "gross_profit": 61803,
            "gross_margin": 62.22,
            "gross_margin_4q_avg": 52.7,
            "net_income": -16010,
            "revenue": 99326,
            "common_shares": 457600,
            "book_valuer_per_share": 9.43,
            "book_valuer_per_share_4q_avg": 10.07,
            "equity": 431694,
            "current_ratio": 147.8,
            "debt_ratio": 34.82,
            "inventory_turnover_ratio": 0.68,
            "account_receivable_turnover_ratio": 1.42,
            "reinvestment_rate": null,
            "research_to_sale_ratio": 0.17,
            "price_fair": 1.56,
            "eps_avg_yearly": 0.52,
            "eps_latest_yearly": 0.52,
            "eps_growth_yearly": -251.43
        },
        "20193": {
            "year_quarter": 20193,
            "year": 2019,
            "quarter": 3,
            "eps": -0.55,
            "eps_growth_year": null,
            "eps_4q": -1.97,
            "eps_4q_growth_year": null,
            "roe": -5.98,
            "roe_4q": -20.11,
            "gross_profit": 55846,
            "gross_margin": 58.96,
            "gross_margin_4q_avg": 54.04,
            "net_income": -25080,
            "revenue": 94724,
            "common_shares": 457600,
            "book_valuer_per_share": 8.89,
            "book_valuer_per_share_4q_avg": 9.57,
            "equity": 406614,
            "current_ratio": 135.55,
            "debt_ratio": 36.59,
            "inventory_turnover_ratio": 0.69,
            "account_receivable_turnover_ratio": 1.39,
            "reinvestment_rate": null,
            "research_to_sale_ratio": 0.27,
            "price_fair": 0,
            "eps_avg_yearly": 0,
            "eps_latest_yearly": 0,
            "eps_growth_yearly": 0
        },
        "20194": {
            "year_quarter": 20194,
            "year": 2019,
            "quarter": 4,
            "eps": 0.28,
            "eps_growth_year": null,
            "eps_4q": -1.02,
            "eps_4q_growth_year": null,
            "roe": 3.06,
            "roe_4q": -10.57,
            "gross_profit": 79168,
            "gross_margin": 60.54,
            "gross_margin_4q_avg": 59.38,
            "net_income": 12624,
            "revenue": 130771,
            "common_shares": 457600,
            "book_valuer_per_share": 9.16,
            "book_valuer_per_share_4q_avg": 9.32,
            "equity": 419212,
            "current_ratio": 141.55,
            "debt_ratio": 35.41,
            "inventory_turnover_ratio": 0.9,
            "account_receivable_turnover_ratio": 1.61,
            "reinvestment_rate": null,
            "research_to_sale_ratio": 0.2,
            "price_fair": 0,
            "eps_avg_yearly": 0,
            "eps_latest_yearly": 0,
            "eps_growth_yearly": 0
        },
        "20201": {
            "year_quarter": 20201,
            "year": 2020,
            "quarter": 1,
            "eps": -0.05,
            "eps_growth_year": null,
            "eps_4q": -0.67,
            "eps_4q_growth_year": null,
            "roe": -0.5,
            "roe_4q": -7.0600000000000005,
            "gross_profit": 71158,
            "gross_margin": 58.84,
            "gross_margin_4q_avg": 60.14,
            "net_income": -2078,
            "revenue": 120938,
            "common_shares": 457600,
            "book_valuer_per_share": 9.12,
            "book_valuer_per_share_4q_avg": 9.15,
            "equity": 417134,
            "current_ratio": 142.78,
            "debt_ratio": 34.13,
            "inventory_turnover_ratio": 0.82,
            "account_receivable_turnover_ratio": 1.18,
            "reinvestment_rate": null,
            "research_to_sale_ratio": 0.22,
            "price_fair": 0,
            "eps_avg_yearly": 0,
            "eps_latest_yearly": 0,
            "eps_growth_yearly": 0
        },
        "20202": {
            "year_quarter": 20202,
            "year": 2020,
            "quarter": 2,
            "eps": -0.39,
            "eps_growth_year": null,
            "eps_4q": -0.71,
            "eps_4q_growth_year": null,
            "roe": -4.41,
            "roe_4q": -7.83,
            "gross_profit": 58521,
            "gross_margin": 56.42,
            "gross_margin_4q_avg": 58.69,
            "net_income": -17998,
            "revenue": 103721,
            "common_shares": 457600,
            "book_valuer_per_share": 8.72,
            "book_valuer_per_share_4q_avg": 8.97,
            "equity": 399136,
            "current_ratio": 132.71,
            "debt_ratio": 34.86,
            "inventory_turnover_ratio": 0.77,
            "account_receivable_turnover_ratio": 1,
            "reinvestment_rate": null,
            "research_to_sale_ratio": 0.24,
            "price_fair": 0,
            "eps_avg_yearly": 0,
            "eps_latest_yearly": 0,
            "eps_growth_yearly": 0
        },
        "20203": {
            "year_quarter": 20203,
            "year": 2020,
            "quarter": 3,
            "eps": -0.4,
            "eps_growth_year": null,
            "eps_4q": -0.56,
            "eps_4q_growth_year": null,
            "roe": -4.68,
            "roe_4q": -6.529999999999999,
            "gross_profit": 59390,
            "gross_margin": 61.68,
            "gross_margin_4q_avg": 59.37,
            "net_income": -18269,
            "revenue": 96290,
            "common_shares": 457600,
            "book_valuer_per_share": 8.32,
            "book_valuer_per_share_4q_avg": 8.83,
            "equity": 380867,
            "current_ratio": 111.25,
            "debt_ratio": 34.43,
            "inventory_turnover_ratio": 0.69,
            "account_receivable_turnover_ratio": 1.09,
            "reinvestment_rate": null,
            "research_to_sale_ratio": 0.24,
            "price_fair": 0,
            "eps_avg_yearly": 0,
            "eps_latest_yearly": 0,
            "eps_growth_yearly": 0
        },
        "20204": {
            "year_quarter": 20204,
            "year": 2020,
            "quarter": 4,
            "eps": -0.29,
            "eps_growth_year": -205.29,
            "eps_4q": -1.13,
            "eps_4q_growth_year": null,
            "roe": -3.55,
            "roe_4q": -13.14,
            "gross_profit": 62889,
            "gross_margin": 57.1,
            "gross_margin_4q_avg": 58.51,
            "net_income": -13292,
            "revenue": 110134,
            "common_shares": 457600,
            "book_valuer_per_share": 8.03,
            "book_valuer_per_share_4q_avg": 8.55,
            "equity": 367253,
            "current_ratio": 104.44,
            "debt_ratio": 41.23,
            "inventory_turnover_ratio": 0.89,
            "account_receivable_turnover_ratio": 1.54,
            "reinvestment_rate": null,
            "research_to_sale_ratio": 0.45,
            "price_fair": 0,
            "eps_avg_yearly": 0,
            "eps_latest_yearly": 0,
            "eps_growth_yearly": 0
        },
        "20211": {
            "year_quarter": 20211,
            "year": 2021,
            "quarter": 1,
            "eps": -0.26,
            "eps_growth_year": null,
            "eps_4q": -1.34,
            "eps_4q_growth_year": null,
            "roe": -3.32,
            "roe_4q": -15.959999999999999,
            "gross_profit": 62923,
            "gross_margin": 55.71,
            "gross_margin_4q_avg": 57.73,
            "net_income": -11983,
            "revenue": 112945,
            "common_shares": 457600,
            "book_valuer_per_share": 7.76,
            "book_valuer_per_share_4q_avg": 8.21,
            "equity": 355270,
            "current_ratio": 100.54,
            "debt_ratio": 38.26,
            "inventory_turnover_ratio": 0.97,
            "account_receivable_turnover_ratio": 1.71,
            "reinvestment_rate": null,
            "research_to_sale_ratio": 0.37,
            "price_fair": 0,
            "eps_avg_yearly": 0,
            "eps_latest_yearly": 0,
            "eps_growth_yearly": 0
        },
        "20212": {
            "year_quarter": 20212,
            "year": 2021,
            "quarter": 2,
            "eps": 0.26,
            "eps_growth_year": null,
            "eps_4q": -0.69,
            "eps_4q_growth_year": null,
            "roe": 3.3,
            "roe_4q": -8.25,
            "gross_profit": 82039,
            "gross_margin": 60.28,
            "gross_margin_4q_avg": 58.69,
            "net_income": 11933,
            "revenue": 136098,
            "common_shares": 457600,
            "book_valuer_per_share": 8.02,
            "book_valuer_per_share_4q_avg": 8.03,
            "equity": 367203,
            "current_ratio": 108.06,
            "debt_ratio": 38.12,
            "inventory_turnover_ratio": 0.96,
            "account_receivable_turnover_ratio": 1.79,
            "reinvestment_rate": null,
            "research_to_sale_ratio": 0.14,
            "price_fair": 0,
            "eps_avg_yearly": 0,
            "eps_latest_yearly": 0,
            "eps_growth_yearly": 0
        },
        "20213": {
            "year_quarter": 20213,
            "year": 2021,
            "quarter": 3,
            "eps": 0.45,
            "eps_growth_year": null,
            "eps_4q": 0.16,
            "eps_4q_growth_year": null,
            "roe": 5.48,
            "roe_4q": 1.910000000000001,
            "gross_profit": 92852,
            "gross_margin": 58.46,
            "gross_margin_4q_avg": 57.89,
            "net_income": 20671,
            "revenue": 158833,
            "common_shares": 457600,
            "book_valuer_per_share": 8.48,
            "book_valuer_per_share_4q_avg": 8.07,
            "equity": 387874,
            "current_ratio": 118.52,
            "debt_ratio": 37.63,
            "inventory_turnover_ratio": 1.05,
            "account_receivable_turnover_ratio": 1.72,
            "reinvestment_rate": null,
            "research_to_sale_ratio": 0.18,
            "price_fair": 63,
            "eps_avg_yearly": 1.8,
            "eps_latest_yearly": 1.8,
            "eps_growth_yearly": 292.31
        },
        "20214": {
            "year_quarter": 20214,
            "year": 2021,
            "quarter": 4,
            "eps": 0.57,
            "eps_growth_year": null,
            "eps_4q": 1.02,
            "eps_4q_growth_year": null,
            "roe": 6.48,
            "roe_4q": 11.940000000000001,
            "gross_profit": 100465,
            "gross_margin": 61.47,
            "gross_margin_4q_avg": 58.98,
            "net_income": 25984,
            "revenue": 163440,
            "common_shares": 457600,
            "book_valuer_per_share": 9.05,
            "book_valuer_per_share_4q_avg": 8.33,
            "equity": 414051,
            "current_ratio": 131.55,
            "debt_ratio": 36.82,
            "inventory_turnover_ratio": 1.01,
            "account_receivable_turnover_ratio": 1.67,
            "reinvestment_rate": null,
            "research_to_sale_ratio": 0.18,
            "price_fair": 71.4,
            "eps_avg_yearly": 2.04,
            "eps_latest_yearly": 2.28,
            "eps_growth_yearly": 199.49
        },
        "20221": {
            "year_quarter": 20221,
            "year": 2022,
            "quarter": 1,
            "eps": 0.54,
            "eps_growth_year": null,
            "eps_4q": 1.82,
            "eps_4q_growth_year": null,
            "roe": 5.84,
            "roe_4q": 21.1,
            "gross_profit": 92396,
            "gross_margin": 61.86,
            "gross_margin_4q_avg": 60.52,
            "net_income": 24902,
            "revenue": 149354,
            "common_shares": 457600,
            "book_valuer_per_share": 9.59,
            "book_valuer_per_share_4q_avg": 8.79,
            "equity": 438953,
            "current_ratio": 155.24,
            "debt_ratio": 30.89,
            "inventory_turnover_ratio": 0.9,
            "account_receivable_turnover_ratio": 1.64,
            "reinvestment_rate": null,
            "research_to_sale_ratio": 0.26,
            "price_fair": 72.8,
            "eps_avg_yearly": 2.08,
            "eps_latest_yearly": 2.16,
            "eps_growth_yearly": 125.97
        },
        "20222": {
            "year_quarter": 20222,
            "year": 2022,
            "quarter": 2,
            "eps": 0.22,
            "eps_growth_year": -15.38,
            "eps_4q": 1.78,
            "eps_4q_growth_year": null,
            "roe": 2.26,
            "roe_4q": 20.060000000000002,
            "gross_profit": 80902,
            "gross_margin": 65.36,
            "gross_margin_4q_avg": 61.79,
            "net_income": 10054,
            "revenue": 123771,
            "common_shares": 457600,
            "book_valuer_per_share": 9.81,
            "book_valuer_per_share_4q_avg": 9.23,
            "equity": 449007,
            "current_ratio": 161.71,
            "debt_ratio": 30.55,
            "inventory_turnover_ratio": 0.57,
            "account_receivable_turnover_ratio": 1.39,
            "reinvestment_rate": null,
            "research_to_sale_ratio": 0.16,
            "price_fair": 62.3,
            "eps_avg_yearly": 1.78,
            "eps_latest_yearly": 0.88,
            "eps_growth_yearly": 35.22
        },
        "20223": {
            "year_quarter": 20223,
            "year": 2022,
            "quarter": 3,
            "eps": 0.2,
            "eps_growth_year": -55.56,
            "eps_4q": 1.53,
            "eps_4q_growth_year": 855.11,
            "roe": 2,
            "roe_4q": 16.58,
            "gross_profit": 76370,
            "gross_margin": 62.79,
            "gross_margin_4q_avg": 62.87,
            "net_income": 9060,
            "revenue": 121619,
            "common_shares": 457600,
            "book_valuer_per_share": 10.01,
            "book_valuer_per_share_4q_avg": 9.62,
            "equity": 458067,
            "current_ratio": 175.67,
            "debt_ratio": 28.18,
            "inventory_turnover_ratio": 0.5,
            "account_receivable_turnover_ratio": 1.32,
            "reinvestment_rate": null,
            "research_to_sale_ratio": 0.3,
            "price_fair": 48.95,
            "eps_avg_yearly": 1.58,
            "eps_latest_yearly": 0.8,
            "eps_growth_yearly": 20.9
        },
        "20224": {
            "year_quarter": 20224,
            "year": 2022,
            "quarter": 4,
            "eps": 0.34,
            "eps_growth_year": -40.48,
            "eps_4q": 1.3,
            "eps_4q_growth_year": 27.63,
            "roe": 3.31,
            "roe_4q": 13.41,
            "gross_profit": 86877,
            "gross_margin": 64.94,
            "gross_margin_4q_avg": 63.74,
            "net_income": 15465,
            "revenue": 133779,
            "common_shares": 457600,
            "book_valuer_per_share": 10.38,
            "book_valuer_per_share_4q_avg": 9.95,
            "equity": 475125,
            "current_ratio": 175.88,
            "debt_ratio": 29.76,
            "inventory_turnover_ratio": 0.49,
            "account_receivable_turnover_ratio": 1.43,
            "reinvestment_rate": -616.42,
            "research_to_sale_ratio": 0.34,
            "price_fair": 54.13,
            "eps_avg_yearly": 1.55,
            "eps_latest_yearly": 1.36,
            "eps_growth_yearly": 64.09
        },
        "20231": {
            "year_quarter": 20231,
            "year": 2023,
            "quarter": 1,
            "eps": 0.14,
            "eps_growth_year": -74.07,
            "eps_4q": 0.9,
            "eps_4q_growth_year": -50.81,
            "roe": 1.36,
            "roe_4q": 8.93,
            "gross_profit": 73655,
            "gross_margin": 58.88,
            "gross_margin_4q_avg": 62.99,
            "net_income": 6491,
            "revenue": 125094,
            "common_shares": 457600,
            "book_valuer_per_share": 10.52,
            "book_valuer_per_share_4q_avg": 10.18,
            "equity": 481616,
            "current_ratio": 190.03,
            "debt_ratio": 27.06,
            "inventory_turnover_ratio": 0.52,
            "account_receivable_turnover_ratio": 1.28,
            "reinvestment_rate": -137.26,
            "research_to_sale_ratio": 0.21,
            "price_fair": 44.02,
            "eps_avg_yearly": 1.41,
            "eps_latest_yearly": 0.56,
            "eps_growth_yearly": 21.32
        }
    },
    "months": {
        "2004-03": {
            "month": "2004-03",
            "price": "20.78",
            "revenue": 69653
        },
        "2004-04": {
            "month": "2004-04",
            "price": "24.07",
            "revenue": 60218
        },
        "2004-05": {
            "month": "2004-05",
            "price": "24.39",
            "revenue": 54349
        },
        "2004-06": {
            "month": "2004-06",
            "price": "23.86",
            "revenue": 74893
        },
        "2004-07": {
            "month": "2004-07",
            "price": "24.61",
            "revenue": 58341
        },
        "2004-08": {
            "month": "2004-08",
            "price": "24.13",
            "revenue": 48828
        },
        "2004-09": {
            "month": "2004-09",
            "price": "23.51",
            "revenue": 52271
        },
        "2004-10": {
            "month": "2004-10",
            "price": "23.82",
            "revenue": 68575
        },
        "2004-11": {
            "month": "2004-11",
            "price": "22.80",
            "revenue": 55684
        },
        "2004-12": {
            "month": "2004-12",
            "price": "22.17",
            "revenue": 54274
        },
        "2005-01": {
            "month": "2005-01",
            "price": "22.05",
            "revenue": 48959
        },
        "2005-02": {
            "month": "2005-02",
            "price": "22.39",
            "revenue": 58579
        },
        "2005-03": {
            "month": "2005-03",
            "price": "21.27",
            "revenue": 48971
        },
        "2005-04": {
            "month": "2005-04",
            "price": "22.68",
            "revenue": 50753
        },
        "2005-05": {
            "month": "2005-05",
            "price": "24.11",
            "revenue": 74081
        },
        "2005-06": {
            "month": "2005-06",
            "price": "25.20",
            "revenue": 84113
        },
        "2005-07": {
            "month": "2005-07",
            "price": "22.45",
            "revenue": 66953
        },
        "2005-08": {
            "month": "2005-08",
            "price": "22.88",
            "revenue": 60251
        },
        "2005-09": {
            "month": "2005-09",
            "price": "21.71",
            "revenue": 61133
        },
        "2005-10": {
            "month": "2005-10",
            "price": "24.07",
            "revenue": 59848
        },
        "2005-11": {
            "month": "2005-11",
            "price": "25.05",
            "revenue": 68083
        },
        "2005-12": {
            "month": "2005-12",
            "price": "28.94",
            "revenue": 53844
        },
        "2006-01": {
            "month": "2006-01",
            "price": "31.90",
            "revenue": 41334
        },
        "2006-02": {
            "month": "2006-02",
            "price": "23.42",
            "revenue": 56695
        },
        "2006-03": {
            "month": "2006-03",
            "price": "23.01",
            "revenue": 63301
        },
        "2006-04": {
            "month": "2006-04",
            "price": "23.17",
            "revenue": 57163
        },
        "2006-05": {
            "month": "2006-05",
            "price": "23.60",
            "revenue": 55099
        },
        "2006-06": {
            "month": "2006-06",
            "price": "24.79",
            "revenue": 43563
        },
        "2006-07": {
            "month": "2006-07",
            "price": "26.05",
            "revenue": 48645
        },
        "2006-08": {
            "month": "2006-08",
            "price": "26.98",
            "revenue": 43066
        },
        "2006-09": {
            "month": "2006-09",
            "price": "21.32",
            "revenue": 48122
        },
        "2006-10": {
            "month": "2006-10",
            "price": "19.22",
            "revenue": 43232
        },
        "2006-11": {
            "month": "2006-11",
            "price": "20.49",
            "revenue": 39466
        },
        "2006-12": {
            "month": "2006-12",
            "price": "20.72",
            "revenue": 93543
        },
        "2007-01": {
            "month": "2007-01",
            "price": "20.59",
            "revenue": 41971
        },
        "2007-02": {
            "month": "2007-02",
            "price": "18.62",
            "revenue": 39349
        },
        "2007-03": {
            "month": "2007-03",
            "price": "17.53",
            "revenue": 36534
        },
        "2007-04": {
            "month": "2007-04",
            "price": "19.06",
            "revenue": 49256
        },
        "2007-05": {
            "month": "2007-05",
            "price": "18.39",
            "revenue": 61600
        },
        "2007-06": {
            "month": "2007-06",
            "price": "20.40",
            "revenue": 51929
        },
        "2007-07": {
            "month": "2007-07",
            "price": "33.10",
            "revenue": 41388
        },
        "2007-08": {
            "month": "2007-08",
            "price": "28.10",
            "revenue": 42114
        },
        "2007-09": {
            "month": "2007-09",
            "price": "26.20",
            "revenue": 43258
        },
        "2007-10": {
            "month": "2007-10",
            "price": "22.81",
            "revenue": 50665
        },
        "2007-11": {
            "month": "2007-11",
            "price": "18.07",
            "revenue": 51962
        },
        "2007-12": {
            "month": "2007-12",
            "price": "16.94",
            "revenue": 50100
        },
        "2008-01": {
            "month": "2008-01",
            "price": "15.92",
            "revenue": 42572
        },
        "2008-02": {
            "month": "2008-02",
            "price": "16.04",
            "revenue": 40143
        },
        "2008-03": {
            "month": "2008-03",
            "price": "16.50",
            "revenue": 48079
        },
        "2008-04": {
            "month": "2008-04",
            "price": "18.50",
            "revenue": 53595
        },
        "2008-05": {
            "month": "2008-05",
            "price": "18.06",
            "revenue": 60787
        },
        "2008-06": {
            "month": "2008-06",
            "price": "15.24",
            "revenue": 57959
        },
        "2008-07": {
            "month": "2008-07",
            "price": "13.28",
            "revenue": 51393
        },
        "2008-08": {
            "month": "2008-08",
            "price": "11.99",
            "revenue": 33820
        },
        "2008-09": {
            "month": "2008-09",
            "price": "10.61",
            "revenue": 51712
        },
        "2008-10": {
            "month": "2008-10",
            "price": "7.99",
            "revenue": 74663
        },
        "2008-11": {
            "month": "2008-11",
            "price": "8.26",
            "revenue": 56973
        },
        "2008-12": {
            "month": "2008-12",
            "price": "8.04",
            "revenue": 58513
        },
        "2009-01": {
            "month": "2009-01",
            "price": "8.77",
            "revenue": 54561
        },
        "2009-02": {
            "month": "2009-02",
            "price": "8.56",
            "revenue": 52964
        },
        "2009-03": {
            "month": "2009-03",
            "price": "10.37",
            "revenue": 50855
        },
        "2009-04": {
            "month": "2009-04",
            "price": "17.84",
            "revenue": 53728
        },
        "2009-05": {
            "month": "2009-05",
            "price": "17.14",
            "revenue": 62287
        },
        "2009-06": {
            "month": "2009-06",
            "price": "14.86",
            "revenue": 63399
        },
        "2009-07": {
            "month": "2009-07",
            "price": "17.44",
            "revenue": 63332
        },
        "2009-08": {
            "month": "2009-08",
            "price": "20.86",
            "revenue": 51805
        },
        "2009-09": {
            "month": "2009-09",
            "price": "20.41",
            "revenue": 53985
        },
        "2009-10": {
            "month": "2009-10",
            "price": "19.22",
            "revenue": 74011
        },
        "2009-11": {
            "month": "2009-11",
            "price": "17.70",
            "revenue": 59119
        },
        "2009-12": {
            "month": "2009-12",
            "price": "19.30",
            "revenue": 61634
        },
        "2010-01": {
            "month": "2010-01",
            "price": "18.52",
            "revenue": 64337
        },
        "2010-02": {
            "month": "2010-02",
            "price": "16.49",
            "revenue": 60004
        },
        "2010-03": {
            "month": "2010-03",
            "price": "17.82",
            "revenue": 68426
        },
        "2010-04": {
            "month": "2010-04",
            "price": "20.34",
            "revenue": 53047
        },
        "2010-05": {
            "month": "2010-05",
            "price": "28.08",
            "revenue": 62571
        },
        "2010-06": {
            "month": "2010-06",
            "price": "29.24",
            "revenue": 62042
        },
        "2010-07": {
            "month": "2010-07",
            "price": "34.08",
            "revenue": 51820
        },
        "2010-08": {
            "month": "2010-08",
            "price": "37.13",
            "revenue": 49597
        },
        "2010-09": {
            "month": "2010-09",
            "price": "37.10",
            "revenue": 52319
        },
        "2010-10": {
            "month": "2010-10",
            "price": "40.11",
            "revenue": 49359
        },
        "2010-11": {
            "month": "2010-11",
            "price": "32.48",
            "revenue": 48677
        },
        "2010-12": {
            "month": "2010-12",
            "price": "31.47",
            "revenue": 63466
        },
        "2011-01": {
            "month": "2011-01",
            "price": "29.34",
            "revenue": 70067
        },
        "2011-02": {
            "month": "2011-02",
            "price": "29.59",
            "revenue": 67938
        },
        "2011-03": {
            "month": "2011-03",
            "price": "29.08",
            "revenue": 76729
        },
        "2011-04": {
            "month": "2011-04",
            "price": "29.73",
            "revenue": 60563
        },
        "2011-05": {
            "month": "2011-05",
            "price": "27.96",
            "revenue": 65633
        },
        "2011-06": {
            "month": "2011-06",
            "price": "23.03",
            "revenue": 63613
        },
        "2011-07": {
            "month": "2011-07",
            "price": "21.62",
            "revenue": 60271
        },
        "2011-08": {
            "month": "2011-08",
            "price": "17.63",
            "revenue": 55116
        },
        "2011-09": {
            "month": "2011-09",
            "price": "15.51",
            "revenue": 72953
        },
        "2011-10": {
            "month": "2011-10",
            "price": "15.38",
            "revenue": 75393
        },
        "2011-11": {
            "month": "2011-11",
            "price": "14.71",
            "revenue": 70057
        },
        "2011-12": {
            "month": "2011-12",
            "price": "13.66",
            "revenue": 66036
        },
        "2012-01": {
            "month": "2012-01",
            "price": "16.09",
            "revenue": 60018
        },
        "2012-02": {
            "month": "2012-02",
            "price": "17.97",
            "revenue": 70869
        },
        "2012-03": {
            "month": "2012-03",
            "price": "17.26",
            "revenue": 72068
        },
        "2012-04": {
            "month": "2012-04",
            "price": "14.75",
            "revenue": 65979
        },
        "2012-05": {
            "month": "2012-05",
            "price": "16.12",
            "revenue": 72201
        },
        "2012-06": {
            "month": "2012-06",
            "price": "16.40",
            "revenue": 62275
        },
        "2012-07": {
            "month": "2012-07",
            "price": "18.56",
            "revenue": 61534
        },
        "2012-08": {
            "month": "2012-08",
            "price": "18.97",
            "revenue": 64401
        },
        "2012-09": {
            "month": "2012-09",
            "price": "23.18",
            "revenue": 81068
        },
        "2012-10": {
            "month": "2012-10",
            "price": "23.96",
            "revenue": 84587
        },
        "2012-11": {
            "month": "2012-11",
            "price": "19.71",
            "revenue": 79501
        },
        "2012-12": {
            "month": "2012-12",
            "price": "22.54",
            "revenue": 82578
        },
        "2013-01": {
            "month": "2013-01",
            "price": "23.41",
            "revenue": 87410
        },
        "2013-02": {
            "month": "2013-02",
            "price": "23.90",
            "revenue": 88537
        },
        "2013-03": {
            "month": "2013-03",
            "price": "26.33",
            "revenue": 90422
        },
        "2013-04": {
            "month": "2013-04",
            "price": "24.19",
            "revenue": 87051
        },
        "2013-05": {
            "month": "2013-05",
            "price": "23.28",
            "revenue": 100607
        },
        "2013-06": {
            "month": "2013-06",
            "price": "23.90",
            "revenue": 80964
        },
        "2013-07": {
            "month": "2013-07",
            "price": "24.24",
            "revenue": 61398
        },
        "2013-08": {
            "month": "2013-08",
            "price": "23.81",
            "revenue": 68462
        },
        "2013-09": {
            "month": "2013-09",
            "price": "25.16",
            "revenue": 61823
        },
        "2013-10": {
            "month": "2013-10",
            "price": "25.84",
            "revenue": 75724
        },
        "2013-11": {
            "month": "2013-11",
            "price": "23.79",
            "revenue": 59502
        },
        "2013-12": {
            "month": "2013-12",
            "price": "23.28",
            "revenue": 55886
        },
        "2014-01": {
            "month": "2014-01",
            "price": "22.90",
            "revenue": 76430
        },
        "2014-02": {
            "month": "2014-02",
            "price": "24.00",
            "revenue": 58751
        },
        "2014-03": {
            "month": "2014-03",
            "price": "24.35",
            "revenue": 69429
        },
        "2014-04": {
            "month": "2014-04",
            "price": "23.99",
            "revenue": 67098
        },
        "2014-05": {
            "month": "2014-05",
            "price": "24.55",
            "revenue": 71627
        },
        "2014-06": {
            "month": "2014-06",
            "price": "25.70",
            "revenue": 69684
        },
        "2014-07": {
            "month": "2014-07",
            "price": "27.23",
            "revenue": 75790
        },
        "2014-08": {
            "month": "2014-08",
            "price": "23.97",
            "revenue": 64311
        },
        "2014-09": {
            "month": "2014-09",
            "price": "23.97",
            "revenue": 77655
        },
        "2014-10": {
            "month": "2014-10",
            "price": "23.02",
            "revenue": 78387
        },
        "2014-11": {
            "month": "2014-11",
            "price": "22.20",
            "revenue": 66843
        },
        "2014-12": {
            "month": "2014-12",
            "price": "23.05",
            "revenue": 64323
        },
        "2015-01": {
            "month": "2015-01",
            "price": "22.74",
            "revenue": 95486
        },
        "2015-02": {
            "month": "2015-02",
            "price": "22.63",
            "revenue": 72229
        },
        "2015-03": {
            "month": "2015-03",
            "price": "23.31",
            "revenue": 69230
        },
        "2015-04": {
            "month": "2015-04",
            "price": "23.40",
            "revenue": 74106
        },
        "2015-05": {
            "month": "2015-05",
            "price": "23.84",
            "revenue": 79189
        },
        "2015-06": {
            "month": "2015-06",
            "price": "25.25",
            "revenue": 65446
        },
        "2015-07": {
            "month": "2015-07",
            "price": "25.21",
            "revenue": 70556
        },
        "2015-08": {
            "month": "2015-08",
            "price": "20.58",
            "revenue": 63270
        },
        "2015-09": {
            "month": "2015-09",
            "price": "22.31",
            "revenue": 64038
        },
        "2015-10": {
            "month": "2015-10",
            "price": "23.64",
            "revenue": 70143
        },
        "2015-11": {
            "month": "2015-11",
            "price": "24.19",
            "revenue": 60555
        },
        "2015-12": {
            "month": "2015-12",
            "price": "23.16",
            "revenue": 61271
        },
        "2016-01": {
            "month": "2016-01",
            "price": "21.15",
            "revenue": 87566
        },
        "2016-02": {
            "month": "2016-02",
            "price": "21.69",
            "revenue": 53016
        },
        "2016-03": {
            "month": "2016-03",
            "price": "22.46",
            "revenue": 63653
        },
        "2016-04": {
            "month": "2016-04",
            "price": "21.86",
            "revenue": 64978
        },
        "2016-05": {
            "month": "2016-05",
            "price": "19.74",
            "revenue": 65574
        },
        "2016-06": {
            "month": "2016-06",
            "price": "19.03",
            "revenue": 63318
        },
        "2016-07": {
            "month": "2016-07",
            "price": "19.07",
            "revenue": 60176
        },
        "2016-08": {
            "month": "2016-08",
            "price": "17.78",
            "revenue": 58801
        },
        "2016-09": {
            "month": "2016-09",
            "price": "17.40",
            "revenue": 55380
        },
        "2016-10": {
            "month": "2016-10",
            "price": "17.58",
            "revenue": 66079
        },
        "2016-11": {
            "month": "2016-11",
            "price": "16.91",
            "revenue": 56291
        },
        "2016-12": {
            "month": "2016-12",
            "price": "17.40",
            "revenue": 57176
        },
        "2017-01": {
            "month": "2017-01",
            "price": "17.62",
            "revenue": 54479
        },
        "2017-02": {
            "month": "2017-02",
            "price": "17.40",
            "revenue": 44463
        },
        "2017-03": {
            "month": "2017-03",
            "price": "19.09",
            "revenue": 73054
        },
        "2017-04": {
            "month": "2017-04",
            "price": "18.09",
            "revenue": 50581
        },
        "2017-05": {
            "month": "2017-05",
            "price": "17.08",
            "revenue": 43971
        },
        "2017-06": {
            "month": "2017-06",
            "price": "14.25",
            "revenue": 34995
        },
        "2017-07": {
            "month": "2017-07",
            "price": "13.55",
            "revenue": 33910
        },
        "2017-08": {
            "month": "2017-08",
            "price": "12.54",
            "revenue": 37241
        },
        "2017-09": {
            "month": "2017-09",
            "price": "12.88",
            "revenue": 18480
        },
        "2017-10": {
            "month": "2017-10",
            "price": "12.44",
            "revenue": 33730
        },
        "2017-11": {
            "month": "2017-11",
            "price": "11.82",
            "revenue": 36796
        },
        "2017-12": {
            "month": "2017-12",
            "price": "11.47",
            "revenue": 53226
        },
        "2018-01": {
            "month": "2018-01",
            "price": "12.29",
            "revenue": 39442
        },
        "2018-02": {
            "month": "2018-02",
            "price": "12.33",
            "revenue": 40257
        },
        "2018-03": {
            "month": "2018-03",
            "price": "13.08",
            "revenue": 47272
        },
        "2018-04": {
            "month": "2018-04",
            "price": "12.98",
            "revenue": 46094
        },
        "2018-05": {
            "month": "2018-05",
            "price": "12.18",
            "revenue": 56052
        },
        "2018-06": {
            "month": "2018-06",
            "price": "12.34",
            "revenue": 38519
        },
        "2018-07": {
            "month": "2018-07",
            "price": "12.02",
            "revenue": 37506
        },
        "2018-08": {
            "month": "2018-08",
            "price": "13.55",
            "revenue": 46067
        },
        "2018-09": {
            "month": "2018-09",
            "price": "12.14",
            "revenue": 37291
        },
        "2018-10": {
            "month": "2018-10",
            "price": "10.93",
            "revenue": 48460
        },
        "2018-11": {
            "month": "2018-11",
            "price": "10.55",
            "revenue": 61225
        },
        "2018-12": {
            "month": "2018-12",
            "price": "10.80",
            "revenue": 34806
        },
        "2019-01": {
            "month": "2019-01",
            "price": "10.47",
            "revenue": 49129
        },
        "2019-02": {
            "month": "2019-02",
            "price": "11.00",
            "revenue": 27171
        },
        "2019-03": {
            "month": "2019-03",
            "price": "11.53",
            "revenue": 31195
        },
        "2019-04": {
            "month": "2019-04",
            "price": "11.01",
            "revenue": 31454
        },
        "2019-05": {
            "month": "2019-05",
            "price": "9.26",
            "revenue": 39046
        },
        "2019-06": {
            "month": "2019-06",
            "price": "8.65",
            "revenue": 30319
        },
        "2019-07": {
            "month": "2019-07",
            "price": "8.78",
            "revenue": 37825
        },
        "2019-08": {
            "month": "2019-08",
            "price": "8.25",
            "revenue": 24986
        },
        "2019-09": {
            "month": "2019-09",
            "price": "8.78",
            "revenue": 29121
        },
        "2019-10": {
            "month": "2019-10",
            "price": "9.11",
            "revenue": 39907
        },
        "2019-11": {
            "month": "2019-11",
            "price": "9.24",
            "revenue": 42237
        },
        "2019-12": {
            "month": "2019-12",
            "price": "9.37",
            "revenue": 52275
        },
        "2020-01": {
            "month": "2020-01",
            "price": "11.12",
            "revenue": 41921
        },
        "2020-02": {
            "month": "2020-02",
            "price": "11.34",
            "revenue": 40671
        },
        "2020-03": {
            "month": "2020-03",
            "price": "9.85",
            "revenue": 36422
        },
        "2020-04": {
            "month": "2020-04",
            "price": "9.29",
            "revenue": 35823
        },
        "2020-05": {
            "month": "2020-05",
            "price": "10.51",
            "revenue": 38147
        },
        "2020-06": {
            "month": "2020-06",
            "price": "12.28",
            "revenue": 31578
        },
        "2020-07": {
            "month": "2020-07",
            "price": "15.98",
            "revenue": 31844
        },
        "2020-08": {
            "month": "2020-08",
            "price": "13.53",
            "revenue": 30527
        },
        "2020-09": {
            "month": "2020-09",
            "price": "11.79",
            "revenue": 29992
        },
        "2020-10": {
            "month": "2020-10",
            "price": "11.52",
            "revenue": 31849
        },
        "2020-11": {
            "month": "2020-11",
            "price": "11.50",
            "revenue": 35772
        },
        "2020-12": {
            "month": "2020-12",
            "price": "11.11",
            "revenue": 44212
        },
        "2021-01": {
            "month": "2021-01",
            "price": "10.60",
            "revenue": 42808
        },
        "2021-02": {
            "month": "2021-02",
            "price": "10.37",
            "revenue": 24925
        },
        "2021-03": {
            "month": "2021-03",
            "price": "10.33",
            "revenue": 44157
        },
        "2021-04": {
            "month": "2021-04",
            "price": "10.38",
            "revenue": 39439
        },
        "2021-05": {
            "month": "2021-05",
            "price": "10.98",
            "revenue": 37523
        },
        "2021-06": {
            "month": "2021-06",
            "price": "11.01",
            "revenue": 60832
        },
        "2021-07": {
            "month": "2021-07",
            "price": "10.74",
            "revenue": 49230
        },
        "2021-08": {
            "month": "2021-08",
            "price": "11.01",
            "revenue": 56395
        },
        "2021-09": {
            "month": "2021-09",
            "price": "11.93",
            "revenue": 51982
        },
        "2021-10": {
            "month": "2021-10",
            "price": "11.16",
            "revenue": 59356
        },
        "2021-11": {
            "month": "2021-11",
            "price": "11.78",
            "revenue": 57038
        },
        "2021-12": {
            "month": "2021-12",
            "price": "14.50",
            "revenue": 46105
        },
        "2022-01": {
            "month": "2022-01",
            "price": "13.39",
            "revenue": 59707
        },
        "2022-02": {
            "month": "2022-02",
            "price": "13.24",
            "revenue": 45126
        },
        "2022-03": {
            "month": "2022-03",
            "price": "13.20",
            "revenue": 46746
        },
        "2022-04": {
            "month": "2022-04",
            "price": "15.27",
            "revenue": 43631
        },
        "2022-05": {
            "month": "2022-05",
            "price": "14.78",
            "revenue": 38909
        },
        "2022-06": {
            "month": "2022-06",
            "price": "17.12",
            "revenue": 40555
        },
        "2022-07": {
            "month": "2022-07",
            "price": "13.97",
            "revenue": 37808
        },
        "2022-08": {
            "month": "2022-08",
            "price": "14.60",
            "revenue": 46724
        },
        "2022-09": {
            "month": "2022-09",
            "price": "14.71",
            "revenue": 36742
        },
        "2022-10": {
            "month": "2022-10",
            "price": "13.34",
            "revenue": 41857
        },
        "2022-11": {
            "month": "2022-11",
            "price": "13.68",
            "revenue": 52361
        },
        "2022-12": {
            "month": "2022-12",
            "price": "14.90",
            "revenue": 42242
        },
        "2023-01": {
            "month": "2023-01",
            "price": "14.57",
            "revenue": 48744
        },
        "2023-02": {
            "month": "2023-02",
            "price": "14.61",
            "revenue": 34081
        },
        "2023-03": {
            "month": "2023-03",
            "price": "14.78",
            "revenue": 39337
        },
        "2023-04": {
            "month": "2023-04",
            "price": "15.86",
            "revenue": 31250
        },
        "2023-05": {
            "month": "2023-05",
            "price": "15.20",
            "revenue": 38667
        }
    }
}
