{
    "summary": {
        "stock_name": "中天",
        "stock_id": "4128",
        "category": "生技醫療",
        "main_business": "新藥開發",
        "website_url": "http://twmicrobio.com/",
        "ceo": "郭憲壽",
        "pe_ratio": -42,
        "report_year_from": 2001,
        "report_year_to": 2023,
        "age": 22,
        "eps_negative_percentage": 60,
        "eps_growth_avg": {
            "last_all": -60.87,
            "last_2y": 0.53,
            "last_4y": -32.98,
            "last_8y": -32.98,
            "last_12y": -45.22,
            "last_16y": -60.87,
            "last_20y": null,
            "at_2006_last_3y": null,
            "at_2007_last_3y": null,
            "at_2008_last_3y": -100,
            "at_2009_last_3y": -100,
            "at_2010_last_3y": -100,
            "at_2011_last_3y": -63.59,
            "at_2012_last_3y": -75.72,
            "at_2013_last_3y": -63.59,
            "at_2014_last_3y": -63.59,
            "at_2015_last_3y": -100,
            "at_2016_last_3y": null,
            "at_2017_last_3y": null,
            "at_2018_last_3y": -100,
            "at_2019_last_3y": -100,
            "at_2020_last_3y": -100,
            "at_2021_last_3y": -99.47,
            "at_2022_last_3y": 0.53,
            "at_2023_last_3y": 0.53,
            "at_2006_last_all": -100,
            "at_2007_last_all": -100,
            "at_2008_last_all": -100,
            "at_2009_last_all": -100,
            "at_2010_last_all": -100,
            "at_2011_last_all": -75.72,
            "at_2012_last_all": -81.79,
            "at_2013_last_all": -81.79,
            "at_2014_last_all": -81.79,
            "at_2015_last_all": -81.79,
            "at_2016_last_all": -81.79,
            "at_2017_last_all": -81.79,
            "at_2018_last_all": -85.43,
            "at_2019_last_all": -85.43,
            "at_2020_last_all": -85.43,
            "at_2021_last_all": -87.69,
            "at_2022_last_all": -60.87,
            "at_2023_last_all": -60.87
        },
        "latest_eps": -1.37,
        "latest_price": 57.2,
        "latest_roe": -5.17,
        "latest_gross_margin": 38.41,
        "latest_equity": 14000949,
        "latest_revenue": 387590,
        "latest_gross_profit": 148885,
        "latest_net_income": -142067,
        "latest_debt_ratio": 6.98,
        "latest_current_ratio": 1048.64,
        "latest_account_receivable_turnover_ratio": 6.69,
        "latest_inventory_turnover_ratio": 1.09,
        "latest_reinvestment_rate": 853.5,
        "latest_research_to_sale_ratio": 15.79
    },
    "eps_dividends": {
        "2001": {
            "cash": 0,
            "stock": 0,
            "eps": 0
        },
        "2002": {
            "cash": 0,
            "stock": 0,
            "eps": 0
        },
        "2003": {
            "cash": 0,
            "stock": 0,
            "eps": 0
        },
        "2004": {
            "cash": 0,
            "stock": 0,
            "eps": -0.84
        },
        "2005": {
            "cash": 0,
            "stock": 0,
            "eps": 0.19
        },
        "2006": {
            "cash": 0,
            "stock": 0,
            "eps": -0.33
        },
        "2007": {
            "cash": 0,
            "stock": 0,
            "eps": -1.62
        },
        "2008": {
            "cash": 0,
            "stock": 0,
            "eps": 0.23
        },
        "2009": {
            "cash": 0.19,
            "stock": 0,
            "eps": -0.69
        },
        "2010": {
            "cash": 0,
            "stock": 0,
            "eps": 1.84
        },
        "2011": {
            "cash": 0.3,
            "stock": 2.2,
            "eps": 1.34
        },
        "2012": {
            "cash": 0.1,
            "stock": 1.9,
            "eps": -0.05
        },
        "2013": {
            "cash": 0,
            "stock": 0.5,
            "eps": -0.34
        },
        "2014": {
            "cash": 0,
            "stock": 0,
            "eps": -0.33
        },
        "2015": {
            "cash": 0,
            "stock": 0,
            "eps": -0.45
        },
        "2016": {
            "cash": 0,
            "stock": 0,
            "eps": -0.63
        },
        "2017": {
            "cash": 0,
            "stock": 0,
            "eps": 1.27
        },
        "2018": {
            "cash": 0,
            "stock": 0,
            "eps": -1.63
        },
        "2019": {
            "cash": 0,
            "stock": 0,
            "eps": -0.57
        },
        "2020": {
            "cash": 0,
            "stock": 0,
            "eps": 1.88
        },
        "2021": {
            "cash": 0,
            "stock": 1,
            "eps": 0.02
        },
        "2022": {
            "cash": 0.04,
            "stock": 0.96,
            "eps": 0.57
        },
        "2023": {
            "cash": 0.04,
            "stock": 0.96,
            "eps": -0.21
        }
    },
    "dividends": {
        "2009-03-11": {
            "cash": 0.19,
            "stock": 0
        },
        "2011-03-18": {
            "cash": 0.3,
            "stock": 2.2
        },
        "2012-06-06": {
            "cash": 0.1,
            "stock": 1.9
        },
        "2013-06-19": {
            "cash": 0,
            "stock": 0.5
        },
        "2021-02-26": {
            "cash": 0,
            "stock": 1
        },
        "2022-08-08": {
            "cash": 0.04,
            "stock": 0.96
        },
        "2023-07-21": {
            "cash": 0.04,
            "stock": 0.96
        }
    },
    "prices": {
        "200101": "無",
        "200102": "無",
        "200103": "無",
        "200104": "無",
        "200105": "無",
        "200106": "無",
        "200107": "無",
        "200108": "無",
        "200109": "無",
        "200110": "無",
        "200111": "無",
        "200112": "無",
        "200201": "無",
        "200202": "無",
        "200203": "無",
        "200204": "無",
        "200205": "無",
        "200206": "無",
        "200207": "無",
        "200208": "無",
        "200209": "無",
        "200210": "無",
        "200211": "無",
        "200212": "無",
        "200301": "無",
        "200302": "無",
        "200303": "無",
        "200304": "無",
        "200305": "無",
        "200306": "無",
        "200307": "無",
        "200308": "無",
        "200309": "13.50",
        "200310": "無",
        "200311": "13.00",
        "200312": "13.15",
        "200401": "13.35",
        "200402": "13.27",
        "200403": "13.63",
        "200404": "無",
        "200405": "無",
        "200406": "無",
        "200407": "14.75",
        "200408": "無",
        "200409": "12.25",
        "200410": "11.00",
        "200411": "10.28",
        "200412": "10.22",
        "200501": "10.58",
        "200502": "10.58",
        "200503": "10.75",
        "200504": "10.79",
        "200505": "14.85",
        "200506": "14.98",
        "200507": "15.59",
        "200508": "15.86",
        "200509": "15.69",
        "200510": "16.25",
        "200511": "16.12",
        "200512": "15.04",
        "200601": "15.52",
        "200602": "16.61",
        "200603": "18.45",
        "200604": "19.37",
        "200605": "20.90",
        "200606": "15.76",
        "200607": "12.42",
        "200608": "11.92",
        "200609": "10.50",
        "200610": "10.07",
        "200611": "10.06",
        "200612": "11.81",
        "200701": "15.91",
        "200702": "14.30",
        "200703": "14.50",
        "200704": "16.66",
        "200705": "16.49",
        "200706": "21.16",
        "200707": "48.53",
        "200708": "39.73",
        "200709": "39.89",
        "200710": "39.10",
        "200711": "32.60",
        "200712": "29.58",
        "200801": "24.77",
        "200802": "27.25",
        "200803": "30.55",
        "200804": "35.09",
        "200805": "40.27",
        "200806": "31.76",
        "200807": "28.38",
        "200808": "28.88",
        "200809": "21.07",
        "200810": "20.42",
        "200811": "21.61",
        "200812": "20.24",
        "200901": "20.45",
        "200902": "20.60",
        "200903": "24.20",
        "200904": "35.28",
        "200905": "31.67",
        "200906": "30.34",
        "200907": "36.33",
        "200908": "35.70",
        "200909": "34.08",
        "200910": "34.30",
        "200911": "32.60",
        "200912": "44.55",
        "201001": "41.59",
        "201002": "36.62",
        "201003": "42.13",
        "201004": "48.19",
        "201005": "45.05",
        "201006": "47.74",
        "201007": "52.36",
        "201008": "54.68",
        "201009": "53.61",
        "201010": "50.90",
        "201011": "46.45",
        "201012": "49.64",
        "201101": "49.34",
        "201102": "48.07",
        "201103": "44.78",
        "201104": "48.33",
        "201105": "47.61",
        "201106": "40.94",
        "201107": "40.94",
        "201108": "34.57",
        "201109": "31.00",
        "201110": "29.22",
        "201111": "26.78",
        "201112": "27.75",
        "201201": "38.23",
        "201202": "40.54",
        "201203": "38.76",
        "201204": "35.51",
        "201205": "35.33",
        "201206": "35.81",
        "201207": "35.87",
        "201208": "35.30",
        "201209": "34.57",
        "201210": "33.64",
        "201211": "28.84",
        "201212": "33.77",
        "201301": "35.08",
        "201302": "36.39",
        "201303": "35.87",
        "201304": "34.13",
        "201305": "35.81",
        "201306": "34.73",
        "201307": "32.58",
        "201308": "32.14",
        "201309": "32.82",
        "201310": "33.16",
        "201311": "31.95",
        "201312": "30.89",
        "201401": "31.38",
        "201402": "31.76",
        "201403": "32.47",
        "201404": "31.10",
        "201405": "32.41",
        "201406": "32.76",
        "201407": "33.60",
        "201408": "29.94",
        "201409": "28.68",
        "201410": "26.88",
        "201411": "26.21",
        "201412": "28.30",
        "201501": "27.42",
        "201502": "26.38",
        "201503": "26.97",
        "201504": "26.18",
        "201505": "24.68",
        "201506": "23.52",
        "201507": "24.85",
        "201508": "25.02",
        "201509": "26.02",
        "201510": "26.85",
        "201511": "27.28",
        "201512": "27.58",
        "201601": "25.38",
        "201602": "25.78",
        "201603": "26.39",
        "201604": "25.40",
        "201605": "24.28",
        "201606": "24.32",
        "201607": "25.71",
        "201608": "24.70",
        "201609": "24.02",
        "201610": "23.58",
        "201611": "22.37",
        "201612": "22.35",
        "201701": "22.63",
        "201702": "22.68",
        "201703": "22.91",
        "201704": "21.43",
        "201705": "23.02",
        "201706": "23.83",
        "201707": "23.25",
        "201708": "22.06",
        "201709": "21.51",
        "201710": "21.11",
        "201711": "21.45",
        "201712": "21.98",
        "201801": "22.39",
        "201802": "20.66",
        "201803": "21.24",
        "201804": "20.85",
        "201805": "20.42",
        "201806": "20.88",
        "201807": "20.25",
        "201808": "18.59",
        "201809": "17.76",
        "201810": "17.45",
        "201811": "16.28",
        "201812": "13.02",
        "201901": "14.11",
        "201902": "14.66",
        "201903": "15.68",
        "201904": "14.99",
        "201905": "13.98",
        "201906": "13.59",
        "201907": "13.88",
        "201908": "13.48",
        "201909": "14.06",
        "201910": "13.40",
        "201911": "13.71",
        "201912": "14.61",
        "202001": "14.22",
        "202002": "14.23",
        "202003": "13.43",
        "202004": "16.35",
        "202005": "26.38",
        "202006": "47.69",
        "202007": "94.62",
        "202008": "87.76",
        "202009": "80.61",
        "202010": "78.93",
        "202011": "70.45",
        "202012": "66.25",
        "202101": "59.36",
        "202102": "62.96",
        "202103": "69.01",
        "202104": "64.79",
        "202105": "59.18",
        "202106": "60.08",
        "202107": "58.03",
        "202108": "55.19",
        "202109": "56.54",
        "202110": "56.91",
        "202111": "61.90",
        "202112": "67.92",
        "202201": "63.13",
        "202202": "64.38",
        "202203": "61.28",
        "202204": "59.75",
        "202205": "57.20",
        "202206": "59.15",
        "202207": "55.15",
        "202208": "60.25",
        "202209": "73.20",
        "202210": "58.68",
        "202211": "62.12",
        "202212": "65.42",
        "202301": "62.21",
        "202302": "66.43",
        "202303": "64.75",
        "202304": "65.16",
        "202305": "60.35",
        "202306": "59.95"
    },
    "quarters": {
        "20011": {
            "year_quarter": 20011,
            "year": 2001,
            "quarter": 1,
            "eps": null,
            "eps_growth_year": null,
            "eps_4q": null,
            "eps_4q_growth_year": null,
            "roe": null,
            "roe_4q": 0,
            "gross_profit": null,
            "gross_margin": null,
            "gross_margin_4q_avg": 0,
            "net_income": null,
            "revenue": null,
            "common_shares": null,
            "book_valuer_per_share": null,
            "book_valuer_per_share_4q_avg": 0,
            "equity": null,
            "current_ratio": null,
            "debt_ratio": null,
            "inventory_turnover_ratio": null,
            "account_receivable_turnover_ratio": null,
            "reinvestment_rate": null,
            "research_to_sale_ratio": null,
            "price_fair": 0,
            "eps_avg_yearly": 0,
            "eps_latest_yearly": 0,
            "eps_growth_yearly": 0
        },
        "20012": {
            "year_quarter": 20012,
            "year": 2001,
            "quarter": 2,
            "eps": null,
            "eps_growth_year": null,
            "eps_4q": null,
            "eps_4q_growth_year": null,
            "roe": null,
            "roe_4q": 0,
            "gross_profit": null,
            "gross_margin": null,
            "gross_margin_4q_avg": 0,
            "net_income": null,
            "revenue": null,
            "common_shares": null,
            "book_valuer_per_share": null,
            "book_valuer_per_share_4q_avg": 0,
            "equity": null,
            "current_ratio": null,
            "debt_ratio": null,
            "inventory_turnover_ratio": null,
            "account_receivable_turnover_ratio": null,
            "reinvestment_rate": null,
            "research_to_sale_ratio": null,
            "price_fair": 0,
            "eps_avg_yearly": 0,
            "eps_latest_yearly": 0,
            "eps_growth_yearly": 0
        },
        "20013": {
            "year_quarter": 20013,
            "year": 2001,
            "quarter": 3,
            "eps": null,
            "eps_growth_year": null,
            "eps_4q": null,
            "eps_4q_growth_year": null,
            "roe": null,
            "roe_4q": 0,
            "gross_profit": null,
            "gross_margin": null,
            "gross_margin_4q_avg": 0,
            "net_income": null,
            "revenue": null,
            "common_shares": null,
            "book_valuer_per_share": null,
            "book_valuer_per_share_4q_avg": 0,
            "equity": null,
            "current_ratio": null,
            "debt_ratio": null,
            "inventory_turnover_ratio": null,
            "account_receivable_turnover_ratio": null,
            "reinvestment_rate": null,
            "research_to_sale_ratio": null,
            "price_fair": 0,
            "eps_avg_yearly": 0,
            "eps_latest_yearly": 0,
            "eps_growth_yearly": 0
        },
        "20014": {
            "year_quarter": 20014,
            "year": 2001,
            "quarter": 4,
            "eps": null,
            "eps_growth_year": null,
            "eps_4q": null,
            "eps_4q_growth_year": null,
            "roe": null,
            "roe_4q": 0,
            "gross_profit": null,
            "gross_margin": null,
            "gross_margin_4q_avg": 0,
            "net_income": null,
            "revenue": null,
            "common_shares": 400000,
            "book_valuer_per_share": 8.36,
            "book_valuer_per_share_4q_avg": 2.09,
            "equity": 334505,
            "current_ratio": 1009.34,
            "debt_ratio": 13.24,
            "inventory_turnover_ratio": null,
            "account_receivable_turnover_ratio": null,
            "reinvestment_rate": null,
            "research_to_sale_ratio": null,
            "price_fair": 0,
            "eps_avg_yearly": 0,
            "eps_latest_yearly": 0,
            "eps_growth_yearly": 0
        },
        "20021": {
            "year_quarter": 20021,
            "year": 2002,
            "quarter": 1,
            "eps": null,
            "eps_growth_year": null,
            "eps_4q": null,
            "eps_4q_growth_year": null,
            "roe": null,
            "roe_4q": 0,
            "gross_profit": null,
            "gross_margin": null,
            "gross_margin_4q_avg": 0,
            "net_income": null,
            "revenue": null,
            "common_shares": null,
            "book_valuer_per_share": null,
            "book_valuer_per_share_4q_avg": 2.09,
            "equity": null,
            "current_ratio": null,
            "debt_ratio": null,
            "inventory_turnover_ratio": null,
            "account_receivable_turnover_ratio": null,
            "reinvestment_rate": null,
            "research_to_sale_ratio": null,
            "price_fair": 0,
            "eps_avg_yearly": 0,
            "eps_latest_yearly": 0,
            "eps_growth_yearly": 0
        },
        "20022": {
            "year_quarter": 20022,
            "year": 2002,
            "quarter": 2,
            "eps": null,
            "eps_growth_year": null,
            "eps_4q": null,
            "eps_4q_growth_year": null,
            "roe": null,
            "roe_4q": 0,
            "gross_profit": null,
            "gross_margin": null,
            "gross_margin_4q_avg": 0,
            "net_income": null,
            "revenue": null,
            "common_shares": null,
            "book_valuer_per_share": null,
            "book_valuer_per_share_4q_avg": 2.09,
            "equity": null,
            "current_ratio": null,
            "debt_ratio": null,
            "inventory_turnover_ratio": null,
            "account_receivable_turnover_ratio": null,
            "reinvestment_rate": null,
            "research_to_sale_ratio": null,
            "price_fair": 0,
            "eps_avg_yearly": 0,
            "eps_latest_yearly": 0,
            "eps_growth_yearly": 0
        },
        "20023": {
            "year_quarter": 20023,
            "year": 2002,
            "quarter": 3,
            "eps": null,
            "eps_growth_year": null,
            "eps_4q": null,
            "eps_4q_growth_year": null,
            "roe": null,
            "roe_4q": 0,
            "gross_profit": null,
            "gross_margin": null,
            "gross_margin_4q_avg": 0,
            "net_income": null,
            "revenue": null,
            "common_shares": null,
            "book_valuer_per_share": null,
            "book_valuer_per_share_4q_avg": 2.09,
            "equity": null,
            "current_ratio": null,
            "debt_ratio": null,
            "inventory_turnover_ratio": null,
            "account_receivable_turnover_ratio": null,
            "reinvestment_rate": null,
            "research_to_sale_ratio": null,
            "price_fair": 0,
            "eps_avg_yearly": 0,
            "eps_latest_yearly": 0,
            "eps_growth_yearly": 0
        },
        "20024": {
            "year_quarter": 20024,
            "year": 2002,
            "quarter": 4,
            "eps": null,
            "eps_growth_year": null,
            "eps_4q": null,
            "eps_4q_growth_year": null,
            "roe": null,
            "roe_4q": 0,
            "gross_profit": null,
            "gross_margin": null,
            "gross_margin_4q_avg": 0,
            "net_income": null,
            "revenue": null,
            "common_shares": 500000,
            "book_valuer_per_share": 10.02,
            "book_valuer_per_share_4q_avg": 2.51,
            "equity": 500908,
            "current_ratio": 1555.79,
            "debt_ratio": 8.94,
            "inventory_turnover_ratio": null,
            "account_receivable_turnover_ratio": null,
            "reinvestment_rate": null,
            "research_to_sale_ratio": null,
            "price_fair": 0,
            "eps_avg_yearly": 0,
            "eps_latest_yearly": 0,
            "eps_growth_yearly": 0
        },
        "20031": {
            "year_quarter": 20031,
            "year": 2003,
            "quarter": 1,
            "eps": null,
            "eps_growth_year": null,
            "eps_4q": null,
            "eps_4q_growth_year": null,
            "roe": null,
            "roe_4q": 0,
            "gross_profit": null,
            "gross_margin": null,
            "gross_margin_4q_avg": 0,
            "net_income": null,
            "revenue": null,
            "common_shares": null,
            "book_valuer_per_share": null,
            "book_valuer_per_share_4q_avg": 2.51,
            "equity": null,
            "current_ratio": null,
            "debt_ratio": null,
            "inventory_turnover_ratio": null,
            "account_receivable_turnover_ratio": null,
            "reinvestment_rate": null,
            "research_to_sale_ratio": null,
            "price_fair": 0,
            "eps_avg_yearly": 0,
            "eps_latest_yearly": 0,
            "eps_growth_yearly": 0
        },
        "20032": {
            "year_quarter": 20032,
            "year": 2003,
            "quarter": 2,
            "eps": null,
            "eps_growth_year": null,
            "eps_4q": null,
            "eps_4q_growth_year": null,
            "roe": null,
            "roe_4q": 0,
            "gross_profit": null,
            "gross_margin": null,
            "gross_margin_4q_avg": 0,
            "net_income": null,
            "revenue": null,
            "common_shares": null,
            "book_valuer_per_share": null,
            "book_valuer_per_share_4q_avg": 2.51,
            "equity": null,
            "current_ratio": null,
            "debt_ratio": null,
            "inventory_turnover_ratio": null,
            "account_receivable_turnover_ratio": null,
            "reinvestment_rate": null,
            "research_to_sale_ratio": null,
            "price_fair": 0,
            "eps_avg_yearly": 0,
            "eps_latest_yearly": 0,
            "eps_growth_yearly": 0
        },
        "20033": {
            "year_quarter": 20033,
            "year": 2003,
            "quarter": 3,
            "eps": null,
            "eps_growth_year": null,
            "eps_4q": null,
            "eps_4q_growth_year": null,
            "roe": null,
            "roe_4q": 0,
            "gross_profit": null,
            "gross_margin": null,
            "gross_margin_4q_avg": 0,
            "net_income": null,
            "revenue": null,
            "common_shares": null,
            "book_valuer_per_share": null,
            "book_valuer_per_share_4q_avg": 2.51,
            "equity": null,
            "current_ratio": null,
            "debt_ratio": null,
            "inventory_turnover_ratio": null,
            "account_receivable_turnover_ratio": null,
            "reinvestment_rate": null,
            "research_to_sale_ratio": null,
            "price_fair": 0,
            "eps_avg_yearly": 0,
            "eps_latest_yearly": 0,
            "eps_growth_yearly": 0
        },
        "20034": {
            "year_quarter": 20034,
            "year": 2003,
            "quarter": 4,
            "eps": null,
            "eps_growth_year": null,
            "eps_4q": null,
            "eps_4q_growth_year": null,
            "roe": null,
            "roe_4q": 0,
            "gross_profit": null,
            "gross_margin": null,
            "gross_margin_4q_avg": 0,
            "net_income": null,
            "revenue": null,
            "common_shares": 650000,
            "book_valuer_per_share": 9.36,
            "book_valuer_per_share_4q_avg": 2.34,
            "equity": 608612,
            "current_ratio": 1751.16,
            "debt_ratio": 7.41,
            "inventory_turnover_ratio": null,
            "account_receivable_turnover_ratio": null,
            "reinvestment_rate": null,
            "research_to_sale_ratio": null,
            "price_fair": 0,
            "eps_avg_yearly": 0,
            "eps_latest_yearly": 0,
            "eps_growth_yearly": 0
        },
        "20041": {
            "year_quarter": 20041,
            "year": 2004,
            "quarter": 1,
            "eps": null,
            "eps_growth_year": null,
            "eps_4q": null,
            "eps_4q_growth_year": null,
            "roe": null,
            "roe_4q": 0,
            "gross_profit": null,
            "gross_margin": null,
            "gross_margin_4q_avg": 0,
            "net_income": null,
            "revenue": null,
            "common_shares": null,
            "book_valuer_per_share": null,
            "book_valuer_per_share_4q_avg": 2.34,
            "equity": null,
            "current_ratio": null,
            "debt_ratio": null,
            "inventory_turnover_ratio": null,
            "account_receivable_turnover_ratio": null,
            "reinvestment_rate": null,
            "research_to_sale_ratio": null,
            "price_fair": 0,
            "eps_avg_yearly": 0,
            "eps_latest_yearly": 0,
            "eps_growth_yearly": 0
        },
        "20042": {
            "year_quarter": 20042,
            "year": 2004,
            "quarter": 2,
            "eps": null,
            "eps_growth_year": null,
            "eps_4q": null,
            "eps_4q_growth_year": null,
            "roe": null,
            "roe_4q": 0,
            "gross_profit": null,
            "gross_margin": null,
            "gross_margin_4q_avg": 0,
            "net_income": null,
            "revenue": null,
            "common_shares": null,
            "book_valuer_per_share": null,
            "book_valuer_per_share_4q_avg": 2.34,
            "equity": null,
            "current_ratio": null,
            "debt_ratio": null,
            "inventory_turnover_ratio": null,
            "account_receivable_turnover_ratio": null,
            "reinvestment_rate": null,
            "research_to_sale_ratio": null,
            "price_fair": 0,
            "eps_avg_yearly": 0,
            "eps_latest_yearly": 0,
            "eps_growth_yearly": 0
        },
        "20043": {
            "year_quarter": 20043,
            "year": 2004,
            "quarter": 3,
            "eps": -0.27,
            "eps_growth_year": null,
            "eps_4q": null,
            "eps_4q_growth_year": null,
            "roe": -3.48,
            "roe_4q": -3.48,
            "gross_profit": 5124,
            "gross_margin": 67.58,
            "gross_margin_4q_avg": 16.9,
            "net_income": -17351,
            "revenue": 7582,
            "common_shares": 650000,
            "book_valuer_per_share": 7.67,
            "book_valuer_per_share_4q_avg": 4.26,
            "equity": 498840,
            "current_ratio": 837.4,
            "debt_ratio": 24.76,
            "inventory_turnover_ratio": 0.02,
            "account_receivable_turnover_ratio": null,
            "reinvestment_rate": null,
            "research_to_sale_ratio": null,
            "price_fair": 0,
            "eps_avg_yearly": 0,
            "eps_latest_yearly": 0,
            "eps_growth_yearly": 0
        },
        "20044": {
            "year_quarter": 20044,
            "year": 2004,
            "quarter": 4,
            "eps": -0.57,
            "eps_growth_year": null,
            "eps_4q": null,
            "eps_4q_growth_year": null,
            "roe": -7.74,
            "roe_4q": -11.22,
            "gross_profit": 10570,
            "gross_margin": 50.69,
            "gross_margin_4q_avg": 29.57,
            "net_income": -37037,
            "revenue": 20853,
            "common_shares": 650000,
            "book_valuer_per_share": 7.05,
            "book_valuer_per_share_4q_avg": 3.68,
            "equity": 458361,
            "current_ratio": 596.15,
            "debt_ratio": 32.97,
            "inventory_turnover_ratio": 0.08,
            "account_receivable_turnover_ratio": null,
            "reinvestment_rate": null,
            "research_to_sale_ratio": null,
            "price_fair": 0,
            "eps_avg_yearly": 0,
            "eps_latest_yearly": 0,
            "eps_growth_yearly": 0
        },
        "20051": {
            "year_quarter": 20051,
            "year": 2005,
            "quarter": 1,
            "eps": null,
            "eps_growth_year": null,
            "eps_4q": null,
            "eps_4q_growth_year": null,
            "roe": null,
            "roe_4q": -11.22,
            "gross_profit": null,
            "gross_margin": null,
            "gross_margin_4q_avg": 29.57,
            "net_income": null,
            "revenue": null,
            "common_shares": null,
            "book_valuer_per_share": null,
            "book_valuer_per_share_4q_avg": 3.68,
            "equity": null,
            "current_ratio": null,
            "debt_ratio": null,
            "inventory_turnover_ratio": null,
            "account_receivable_turnover_ratio": null,
            "reinvestment_rate": null,
            "research_to_sale_ratio": null,
            "price_fair": 0,
            "eps_avg_yearly": 0,
            "eps_latest_yearly": 0,
            "eps_growth_yearly": 0
        },
        "20052": {
            "year_quarter": 20052,
            "year": 2005,
            "quarter": 2,
            "eps": null,
            "eps_growth_year": null,
            "eps_4q": null,
            "eps_4q_growth_year": null,
            "roe": null,
            "roe_4q": -11.22,
            "gross_profit": null,
            "gross_margin": null,
            "gross_margin_4q_avg": 29.57,
            "net_income": null,
            "revenue": null,
            "common_shares": null,
            "book_valuer_per_share": null,
            "book_valuer_per_share_4q_avg": 3.68,
            "equity": null,
            "current_ratio": null,
            "debt_ratio": null,
            "inventory_turnover_ratio": null,
            "account_receivable_turnover_ratio": null,
            "reinvestment_rate": null,
            "research_to_sale_ratio": null,
            "price_fair": 0,
            "eps_avg_yearly": 0,
            "eps_latest_yearly": 0,
            "eps_growth_yearly": 0
        },
        "20053": {
            "year_quarter": 20053,
            "year": 2005,
            "quarter": 3,
            "eps": 0.11,
            "eps_growth_year": null,
            "eps_4q": null,
            "eps_4q_growth_year": null,
            "roe": 1.58,
            "roe_4q": -6.16,
            "gross_profit": 33814,
            "gross_margin": 53.72,
            "gross_margin_4q_avg": 26.1,
            "net_income": 7283,
            "revenue": 62947,
            "common_shares": 650000,
            "book_valuer_per_share": 7.09,
            "book_valuer_per_share_4q_avg": 3.54,
            "equity": 460909,
            "current_ratio": 550.09,
            "debt_ratio": 26.87,
            "inventory_turnover_ratio": 0.2,
            "account_receivable_turnover_ratio": null,
            "reinvestment_rate": null,
            "research_to_sale_ratio": null,
            "price_fair": 0,
            "eps_avg_yearly": 0,
            "eps_latest_yearly": 0,
            "eps_growth_yearly": 0
        },
        "20054": {
            "year_quarter": 20054,
            "year": 2005,
            "quarter": 4,
            "eps": 0.08,
            "eps_growth_year": null,
            "eps_4q": null,
            "eps_4q_growth_year": null,
            "roe": 1.1,
            "roe_4q": 2.68,
            "gross_profit": 34585,
            "gross_margin": 52.64,
            "gross_margin_4q_avg": 26.59,
            "net_income": 5078,
            "revenue": 65695,
            "common_shares": 650000,
            "book_valuer_per_share": 7.17,
            "book_valuer_per_share_4q_avg": 3.57,
            "equity": 466053,
            "current_ratio": 549.13,
            "debt_ratio": 31.38,
            "inventory_turnover_ratio": 0.21,
            "account_receivable_turnover_ratio": null,
            "reinvestment_rate": null,
            "research_to_sale_ratio": null,
            "price_fair": 0.96,
            "eps_avg_yearly": 0.32,
            "eps_latest_yearly": 0.32,
            "eps_growth_yearly": -109.09
        },
        "20061": {
            "year_quarter": 20061,
            "year": 2006,
            "quarter": 1,
            "eps": 0.11,
            "eps_growth_year": null,
            "eps_4q": null,
            "eps_4q_growth_year": null,
            "roe": 1.52,
            "roe_4q": 4.2,
            "gross_profit": 35963,
            "gross_margin": 49.59,
            "gross_margin_4q_avg": 38.99,
            "net_income": 7145,
            "revenue": 72514,
            "common_shares": 650000,
            "book_valuer_per_share": 7.29,
            "book_valuer_per_share_4q_avg": 5.39,
            "equity": 473760,
            "current_ratio": 583.2,
            "debt_ratio": 25.19,
            "inventory_turnover_ratio": 0.26,
            "account_receivable_turnover_ratio": null,
            "reinvestment_rate": null,
            "research_to_sale_ratio": null,
            "price_fair": 11.57,
            "eps_avg_yearly": 0.38,
            "eps_latest_yearly": 0.44,
            "eps_growth_yearly": 20.45
        },
        "20062": {
            "year_quarter": 20062,
            "year": 2006,
            "quarter": 2,
            "eps": 0.04,
            "eps_growth_year": null,
            "eps_4q": 0.34,
            "eps_4q_growth_year": null,
            "roe": 0.49,
            "roe_4q": 4.6899999999999995,
            "gross_profit": 33605,
            "gross_margin": 43.22,
            "gross_margin_4q_avg": 49.79,
            "net_income": 2591,
            "revenue": 77751,
            "common_shares": 749150,
            "book_valuer_per_share": 7.88,
            "book_valuer_per_share_4q_avg": 7.36,
            "equity": 590614,
            "current_ratio": 747.13,
            "debt_ratio": 25.8,
            "inventory_turnover_ratio": 0.34,
            "account_receivable_turnover_ratio": null,
            "reinvestment_rate": null,
            "research_to_sale_ratio": null,
            "price_fair": 0.92,
            "eps_avg_yearly": 0.31,
            "eps_latest_yearly": 0.16,
            "eps_growth_yearly": -71.21
        },
        "20063": {
            "year_quarter": 20063,
            "year": 2006,
            "quarter": 3,
            "eps": 0.03,
            "eps_growth_year": -72.73,
            "eps_4q": 0.26,
            "eps_4q_growth_year": null,
            "roe": 0.32,
            "roe_4q": 3.43,
            "gross_profit": 28736,
            "gross_margin": 44.19,
            "gross_margin_4q_avg": 47.41,
            "net_income": 1918,
            "revenue": 65035,
            "common_shares": 749150,
            "book_valuer_per_share": 7.95,
            "book_valuer_per_share_4q_avg": 7.57,
            "equity": 595325,
            "current_ratio": 610.01,
            "debt_ratio": 26.47,
            "inventory_turnover_ratio": 0.28,
            "account_receivable_turnover_ratio": null,
            "reinvestment_rate": null,
            "research_to_sale_ratio": null,
            "price_fair": 0.78,
            "eps_avg_yearly": 0.26,
            "eps_latest_yearly": 0.12,
            "eps_growth_yearly": -78.41
        },
        "20064": {
            "year_quarter": 20064,
            "year": 2006,
            "quarter": 4,
            "eps": -0.51,
            "eps_growth_year": -737.5,
            "eps_4q": -0.34,
            "eps_4q_growth_year": null,
            "roe": -6.19,
            "roe_4q": -3.86,
            "gross_profit": 15367,
            "gross_margin": 40.22,
            "gross_margin_4q_avg": 44.31,
            "net_income": -35741,
            "revenue": 38210,
            "common_shares": 749150,
            "book_valuer_per_share": 7.47,
            "book_valuer_per_share_4q_avg": 7.65,
            "equity": 559405,
            "current_ratio": 732.54,
            "debt_ratio": 30.18,
            "inventory_turnover_ratio": 0.16,
            "account_receivable_turnover_ratio": null,
            "reinvestment_rate": null,
            "research_to_sale_ratio": null,
            "price_fair": 0.78,
            "eps_avg_yearly": 0.26,
            "eps_latest_yearly": 0.12,
            "eps_growth_yearly": -78.41
        },
        "20071": {
            "year_quarter": 20071,
            "year": 2007,
            "quarter": 1,
            "eps": -0.32,
            "eps_growth_year": -390.91,
            "eps_4q": -0.74,
            "eps_4q_growth_year": null,
            "roe": -4.3,
            "roe_4q": -9.68,
            "gross_profit": 8586,
            "gross_margin": 37.8,
            "gross_margin_4q_avg": 41.36,
            "net_income": -23633,
            "revenue": 22715,
            "common_shares": 751150,
            "book_valuer_per_share": 7.19,
            "book_valuer_per_share_4q_avg": 7.62,
            "equity": 540117,
            "current_ratio": 716.01,
            "debt_ratio": 25.8,
            "inventory_turnover_ratio": 0.1,
            "account_receivable_turnover_ratio": null,
            "reinvestment_rate": null,
            "research_to_sale_ratio": null,
            "price_fair": 0.78,
            "eps_avg_yearly": 0.26,
            "eps_latest_yearly": 0.12,
            "eps_growth_yearly": -78.41
        },
        "20072": {
            "year_quarter": 20072,
            "year": 2007,
            "quarter": 2,
            "eps": -0.33,
            "eps_growth_year": -925,
            "eps_4q": -1.09,
            "eps_4q_growth_year": -419.75,
            "roe": -4.63,
            "roe_4q": -14.8,
            "gross_profit": 13989,
            "gross_margin": 41.62,
            "gross_margin_4q_avg": 40.96,
            "net_income": -24477,
            "revenue": 33609,
            "common_shares": 751150,
            "book_valuer_per_share": 6.88,
            "book_valuer_per_share_4q_avg": 7.37,
            "equity": 516455,
            "current_ratio": 503.46,
            "debt_ratio": 28.44,
            "inventory_turnover_ratio": 0.13,
            "account_receivable_turnover_ratio": null,
            "reinvestment_rate": null,
            "research_to_sale_ratio": null,
            "price_fair": 0.78,
            "eps_avg_yearly": 0.26,
            "eps_latest_yearly": 0.12,
            "eps_growth_yearly": -78.41
        },
        "20073": {
            "year_quarter": 20073,
            "year": 2007,
            "quarter": 3,
            "eps": -0.22,
            "eps_growth_year": -833.33,
            "eps_4q": -1.22,
            "eps_4q_growth_year": -565.23,
            "roe": -2.98,
            "roe_4q": -18.1,
            "gross_profit": 19378,
            "gross_margin": 45.55,
            "gross_margin_4q_avg": 41.3,
            "net_income": -16579,
            "revenue": 42539,
            "common_shares": 824850,
            "book_valuer_per_share": 7.25,
            "book_valuer_per_share_4q_avg": 7.2,
            "equity": 597774,
            "current_ratio": 739.24,
            "debt_ratio": 38.48,
            "inventory_turnover_ratio": 0.15,
            "account_receivable_turnover_ratio": null,
            "reinvestment_rate": null,
            "research_to_sale_ratio": null,
            "price_fair": 0.78,
            "eps_avg_yearly": 0.26,
            "eps_latest_yearly": 0.12,
            "eps_growth_yearly": -78.41
        },
        "20074": {
            "year_quarter": 20074,
            "year": 2007,
            "quarter": 4,
            "eps": -0.75,
            "eps_growth_year": null,
            "eps_4q": -1.57,
            "eps_4q_growth_year": null,
            "roe": -6.21,
            "roe_4q": -18.12,
            "gross_profit": 10299,
            "gross_margin": 27.84,
            "gross_margin_4q_avg": 38.2,
            "net_income": -58737,
            "revenue": 36992,
            "common_shares": 1137250,
            "book_valuer_per_share": 11.38,
            "book_valuer_per_share_4q_avg": 8.18,
            "equity": 1294434,
            "current_ratio": 1248.73,
            "debt_ratio": 25.52,
            "inventory_turnover_ratio": 0.17,
            "account_receivable_turnover_ratio": null,
            "reinvestment_rate": null,
            "research_to_sale_ratio": null,
            "price_fair": 0.78,
            "eps_avg_yearly": 0.26,
            "eps_latest_yearly": 0.12,
            "eps_growth_yearly": -78.41
        },
        "20081": {
            "year_quarter": 20081,
            "year": 2008,
            "quarter": 1,
            "eps": -0.26,
            "eps_growth_year": null,
            "eps_4q": -1.14,
            "eps_4q_growth_year": null,
            "roe": -2.27,
            "roe_4q": -16.09,
            "gross_profit": 34466,
            "gross_margin": 47.69,
            "gross_margin_4q_avg": 40.68,
            "net_income": -29383,
            "revenue": 72273,
            "common_shares": 1137250,
            "book_valuer_per_share": 11.28,
            "book_valuer_per_share_4q_avg": 9.2,
            "equity": 1296144,
            "current_ratio": 765.4,
            "debt_ratio": 28.39,
            "inventory_turnover_ratio": 0.21,
            "account_receivable_turnover_ratio": null,
            "reinvestment_rate": null,
            "research_to_sale_ratio": null,
            "price_fair": 0.78,
            "eps_avg_yearly": 0.26,
            "eps_latest_yearly": 0.12,
            "eps_growth_yearly": -78.41
        },
        "20082": {
            "year_quarter": 20082,
            "year": 2008,
            "quarter": 2,
            "eps": 0.55,
            "eps_growth_year": null,
            "eps_4q": -0.34,
            "eps_4q_growth_year": null,
            "roe": 4.81,
            "roe_4q": -6.65,
            "gross_profit": 44169,
            "gross_margin": 28.86,
            "gross_margin_4q_avg": 37.49,
            "net_income": 67986,
            "revenue": 153030,
            "common_shares": 1167250,
            "book_valuer_per_share": 12.32,
            "book_valuer_per_share_4q_avg": 10.56,
            "equity": 1530373,
            "current_ratio": 933.01,
            "debt_ratio": 24.53,
            "inventory_turnover_ratio": 0.6,
            "account_receivable_turnover_ratio": null,
            "reinvestment_rate": null,
            "research_to_sale_ratio": null,
            "price_fair": 0.78,
            "eps_avg_yearly": 0.26,
            "eps_latest_yearly": 0.12,
            "eps_growth_yearly": -78.41
        },
        "20083": {
            "year_quarter": 20083,
            "year": 2008,
            "quarter": 3,
            "eps": -0.06,
            "eps_growth_year": null,
            "eps_4q": -0.28,
            "eps_4q_growth_year": null,
            "roe": -0.52,
            "roe_4q": -4.190000000000001,
            "gross_profit": 60208,
            "gross_margin": 41.14,
            "gross_margin_4q_avg": 36.38,
            "net_income": -8621,
            "revenue": 146332,
            "common_shares": 1167250,
            "book_valuer_per_share": 12.3,
            "book_valuer_per_share_4q_avg": 11.82,
            "equity": 1773823,
            "current_ratio": 540.91,
            "debt_ratio": 21.32,
            "inventory_turnover_ratio": 0.5,
            "account_receivable_turnover_ratio": null,
            "reinvestment_rate": null,
            "research_to_sale_ratio": null,
            "price_fair": 0.78,
            "eps_avg_yearly": 0.26,
            "eps_latest_yearly": 0.12,
            "eps_growth_yearly": -78.41
        },
        "20084": {
            "year_quarter": 20084,
            "year": 2008,
            "quarter": 4,
            "eps": 0,
            "eps_growth_year": null,
            "eps_4q": 0.13,
            "eps_4q_growth_year": null,
            "roe": 0.78,
            "roe_4q": 2.7999999999999994,
            "gross_profit": 42287,
            "gross_margin": 30,
            "gross_margin_4q_avg": 36.92,
            "net_income": 13901,
            "revenue": 140958,
            "common_shares": 1167250,
            "book_valuer_per_share": 12.35,
            "book_valuer_per_share_4q_avg": 12.06,
            "equity": 1794290,
            "current_ratio": 468.45,
            "debt_ratio": 20.89,
            "inventory_turnover_ratio": 0.58,
            "account_receivable_turnover_ratio": 30.58,
            "reinvestment_rate": null,
            "research_to_sale_ratio": null,
            "price_fair": 0.78,
            "eps_avg_yearly": 0.26,
            "eps_latest_yearly": 0.12,
            "eps_growth_yearly": -78.41
        },
        "20091": {
            "year_quarter": 20091,
            "year": 2009,
            "quarter": 1,
            "eps": -0.19,
            "eps_growth_year": null,
            "eps_4q": 0.28,
            "eps_4q_growth_year": null,
            "roe": -1.03,
            "roe_4q": 4.039999999999999,
            "gross_profit": 59124,
            "gross_margin": 39.34,
            "gross_margin_4q_avg": 34.84,
            "net_income": -18659,
            "revenue": 150302,
            "common_shares": 1181368,
            "book_valuer_per_share": 12.34,
            "book_valuer_per_share_4q_avg": 12.33,
            "equity": 1814119,
            "current_ratio": 486.62,
            "debt_ratio": 19.21,
            "inventory_turnover_ratio": 0.55,
            "account_receivable_turnover_ratio": 14.35,
            "reinvestment_rate": null,
            "research_to_sale_ratio": null,
            "price_fair": 0.78,
            "eps_avg_yearly": 0.26,
            "eps_latest_yearly": 0.12,
            "eps_growth_yearly": -78.41
        },
        "20092": {
            "year_quarter": 20092,
            "year": 2009,
            "quarter": 2,
            "eps": -0.11,
            "eps_growth_year": -120,
            "eps_4q": -0.35,
            "eps_4q_growth_year": null,
            "roe": -0.8,
            "roe_4q": -1.57,
            "gross_profit": 70942,
            "gross_margin": 42.28,
            "gross_margin_4q_avg": 38.19,
            "net_income": -14836,
            "revenue": 167808,
            "common_shares": 1239141,
            "book_valuer_per_share": 12.59,
            "book_valuer_per_share_4q_avg": 12.4,
            "equity": 1910317,
            "current_ratio": 699.65,
            "debt_ratio": 14.5,
            "inventory_turnover_ratio": 0.61,
            "account_receivable_turnover_ratio": 10.09,
            "reinvestment_rate": null,
            "research_to_sale_ratio": null,
            "price_fair": 0.78,
            "eps_avg_yearly": 0.26,
            "eps_latest_yearly": 0.12,
            "eps_growth_yearly": -78.41
        },
        "20093": {
            "year_quarter": 20093,
            "year": 2009,
            "quarter": 3,
            "eps": -0.45,
            "eps_growth_year": null,
            "eps_4q": -0.73,
            "eps_4q_growth_year": null,
            "roe": -3.07,
            "roe_4q": -4.12,
            "gross_profit": 72170,
            "gross_margin": 42.69,
            "gross_margin_4q_avg": 38.58,
            "net_income": -58073,
            "revenue": 169056,
            "common_shares": 1239760,
            "book_valuer_per_share": 12.3,
            "book_valuer_per_share_4q_avg": 12.4,
            "equity": 1871882,
            "current_ratio": 734.64,
            "debt_ratio": 13.91,
            "inventory_turnover_ratio": 0.66,
            "account_receivable_turnover_ratio": 6.03,
            "reinvestment_rate": null,
            "research_to_sale_ratio": null,
            "price_fair": 0.78,
            "eps_avg_yearly": 0.26,
            "eps_latest_yearly": 0.12,
            "eps_growth_yearly": -78.41
        },
        "20094": {
            "year_quarter": 20094,
            "year": 2009,
            "quarter": 4,
            "eps": 0.06,
            "eps_growth_year": null,
            "eps_4q": -0.37,
            "eps_4q_growth_year": -380.72,
            "roe": 0.38,
            "roe_4q": -4.5200000000000005,
            "gross_profit": 129760,
            "gross_margin": 51.8,
            "gross_margin_4q_avg": 44.03,
            "net_income": 13563,
            "revenue": 250505,
            "common_shares": 2239760,
            "book_valuer_per_share": 19.43,
            "book_valuer_per_share_4q_avg": 14.17,
            "equity": 5259185,
            "current_ratio": 970.6,
            "debt_ratio": 10.83,
            "inventory_turnover_ratio": 0.84,
            "account_receivable_turnover_ratio": 2.98,
            "reinvestment_rate": null,
            "research_to_sale_ratio": null,
            "price_fair": 0.72,
            "eps_avg_yearly": 0.24,
            "eps_latest_yearly": 0.12,
            "eps_growth_yearly": -68.18
        },
        "20101": {
            "year_quarter": 20101,
            "year": 2010,
            "quarter": 1,
            "eps": 0.38,
            "eps_growth_year": null,
            "eps_4q": 0.11,
            "eps_4q_growth_year": -61.11,
            "roe": 1.7,
            "roe_4q": -1.7899999999999998,
            "gross_profit": 125107,
            "gross_margin": 51.82,
            "gross_margin_4q_avg": 47.15,
            "net_income": 90364,
            "revenue": 241422,
            "common_shares": 2239760,
            "book_valuer_per_share": 19.8,
            "book_valuer_per_share_4q_avg": 16.03,
            "equity": 5347213,
            "current_ratio": 995.27,
            "debt_ratio": 10.54,
            "inventory_turnover_ratio": 0.79,
            "account_receivable_turnover_ratio": 1.28,
            "reinvestment_rate": null,
            "research_to_sale_ratio": 12.36,
            "price_fair": 21,
            "eps_avg_yearly": 0.6,
            "eps_latest_yearly": 1.52,
            "eps_growth_yearly": 592.93
        },
        "20102": {
            "year_quarter": 20102,
            "year": 2010,
            "quarter": 2,
            "eps": 0.12,
            "eps_growth_year": null,
            "eps_4q": 0.29,
            "eps_4q_growth_year": null,
            "roe": 0.44,
            "roe_4q": -0.5499999999999998,
            "gross_profit": 148852,
            "gross_margin": 55.44,
            "gross_margin_4q_avg": 50.44,
            "net_income": 21972,
            "revenue": 268504,
            "common_shares": 2242360,
            "book_valuer_per_share": 19.95,
            "book_valuer_per_share_4q_avg": 17.87,
            "equity": 4646498,
            "current_ratio": 787.41,
            "debt_ratio": 12.45,
            "inventory_turnover_ratio": 0.77,
            "account_receivable_turnover_ratio": 1.5,
            "reinvestment_rate": null,
            "research_to_sale_ratio": 12.47,
            "price_fair": 24.73,
            "eps_avg_yearly": 0.71,
            "eps_latest_yearly": 0.48,
            "eps_growth_yearly": 586.55
        },
        "20103": {
            "year_quarter": 20103,
            "year": 2010,
            "quarter": 3,
            "eps": -0.07,
            "eps_growth_year": null,
            "eps_4q": 0.47,
            "eps_4q_growth_year": null,
            "roe": -0.22,
            "roe_4q": 2.3,
            "gross_profit": 139291,
            "gross_margin": 52.08,
            "gross_margin_4q_avg": 52.79,
            "net_income": -10004,
            "revenue": 267437,
            "common_shares": 2242360,
            "book_valuer_per_share": 19.86,
            "book_valuer_per_share_4q_avg": 19.76,
            "equity": 4629403,
            "current_ratio": 1501.75,
            "debt_ratio": 7.27,
            "inventory_turnover_ratio": 0.81,
            "account_receivable_turnover_ratio": 1.55,
            "reinvestment_rate": null,
            "research_to_sale_ratio": 10.68,
            "price_fair": 35,
            "eps_avg_yearly": 1,
            "eps_latest_yearly": 0.48,
            "eps_growth_yearly": 929.82
        },
        "20104": {
            "year_quarter": 20104,
            "year": 2010,
            "quarter": 4,
            "eps": 1.41,
            "eps_growth_year": 2243.72,
            "eps_4q": 1.84,
            "eps_4q_growth_year": null,
            "roe": 6.56,
            "roe_4q": 8.48,
            "gross_profit": 143678,
            "gross_margin": 47.61,
            "gross_margin_4q_avg": 51.74,
            "net_income": 316959,
            "revenue": 301755,
            "common_shares": 2243530,
            "book_valuer_per_share": 21.18,
            "book_valuer_per_share_4q_avg": 20.2,
            "equity": 5038830,
            "current_ratio": 1151.63,
            "debt_ratio": 8.94,
            "inventory_turnover_ratio": 0.94,
            "account_receivable_turnover_ratio": 1.34,
            "reinvestment_rate": 156.32,
            "research_to_sale_ratio": 14.85,
            "price_fair": 35,
            "eps_avg_yearly": 1,
            "eps_latest_yearly": 0.48,
            "eps_growth_yearly": 929.82
        },
        "20111": {
            "year_quarter": 20111,
            "year": 2011,
            "quarter": 1,
            "eps": 1.7,
            "eps_growth_year": 347.37,
            "eps_4q": 3.16,
            "eps_4q_growth_year": 2763.59,
            "roe": 6.63,
            "roe_4q": 13.409999999999998,
            "gross_profit": 166878,
            "gross_margin": 52.41,
            "gross_margin_4q_avg": 51.89,
            "net_income": 371553,
            "revenue": 318436,
            "common_shares": 2243530,
            "book_valuer_per_share": 22.91,
            "book_valuer_per_share_4q_avg": 20.98,
            "equity": 6163488,
            "current_ratio": 1379.34,
            "debt_ratio": 6.37,
            "inventory_turnover_ratio": 0.83,
            "account_receivable_turnover_ratio": 1.26,
            "reinvestment_rate": 69.68,
            "research_to_sale_ratio": 9.8,
            "price_fair": 102.67,
            "eps_avg_yearly": 2.93,
            "eps_latest_yearly": 6.8,
            "eps_growth_yearly": 647.31
        },
        "20112": {
            "year_quarter": 20112,
            "year": 2011,
            "quarter": 2,
            "eps": 0.02,
            "eps_growth_year": -85.91,
            "eps_4q": 2.5,
            "eps_4q_growth_year": 754.71,
            "roe": 0.98,
            "roe_4q": 13.949999999999998,
            "gross_profit": 157984,
            "gross_margin": 50.36,
            "gross_margin_4q_avg": 50.62,
            "net_income": 60288,
            "revenue": 313727,
            "common_shares": 2245480,
            "book_valuer_per_share": 22.64,
            "book_valuer_per_share_4q_avg": 21.65,
            "equity": 6181512,
            "current_ratio": 882.08,
            "debt_ratio": 9.35,
            "inventory_turnover_ratio": 0.87,
            "account_receivable_turnover_ratio": 1.29,
            "reinvestment_rate": 101.21,
            "research_to_sale_ratio": 12.33,
            "price_fair": 77.7,
            "eps_avg_yearly": 2.22,
            "eps_latest_yearly": 0.08,
            "eps_growth_yearly": 386.66
        },
        "20113": {
            "year_quarter": 20113,
            "year": 2011,
            "quarter": 3,
            "eps": -0.17,
            "eps_growth_year": null,
            "eps_4q": 2.39,
            "eps_4q_growth_year": 410.34,
            "roe": -1.1,
            "roe_4q": 13.07,
            "gross_profit": 137043,
            "gross_margin": 51.87,
            "gross_margin_4q_avg": 50.56,
            "net_income": -68626,
            "revenue": 264189,
            "common_shares": 2739057,
            "book_valuer_per_share": 18.57,
            "book_valuer_per_share_4q_avg": 21.33,
            "equity": 6271167,
            "current_ratio": 1166.97,
            "debt_ratio": 6.8,
            "inventory_turnover_ratio": 0.67,
            "account_receivable_turnover_ratio": 1.31,
            "reinvestment_rate": 152.64,
            "research_to_sale_ratio": 10.75,
            "price_fair": 77.7,
            "eps_avg_yearly": 2.22,
            "eps_latest_yearly": 0.08,
            "eps_growth_yearly": 386.66
        },
        "20114": {
            "year_quarter": 20114,
            "year": 2011,
            "quarter": 4,
            "eps": -0.21,
            "eps_growth_year": -115.06,
            "eps_4q": 1.02,
            "eps_4q_growth_year": -44.34,
            "roe": -1.25,
            "roe_4q": 5.26,
            "gross_profit": 136562,
            "gross_margin": 45.76,
            "gross_margin_4q_avg": 50.1,
            "net_income": -78233,
            "revenue": 298435,
            "common_shares": 2739237,
            "book_valuer_per_share": 18.41,
            "book_valuer_per_share_4q_avg": 20.63,
            "equity": 6233543,
            "current_ratio": 1246.65,
            "debt_ratio": 6.2,
            "inventory_turnover_ratio": 0.78,
            "account_receivable_turnover_ratio": 1.96,
            "reinvestment_rate": 162.59,
            "research_to_sale_ratio": 11.39,
            "price_fair": 77.7,
            "eps_avg_yearly": 2.22,
            "eps_latest_yearly": 0.08,
            "eps_growth_yearly": 386.66
        },
        "20121": {
            "year_quarter": 20121,
            "year": 2012,
            "quarter": 1,
            "eps": 0.35,
            "eps_growth_year": -79.41,
            "eps_4q": -0.01,
            "eps_4q_growth_year": -100.39,
            "roe": 1.22,
            "roe_4q": -0.15000000000000013,
            "gross_profit": 146058,
            "gross_margin": 48.46,
            "gross_margin_4q_avg": 49.11,
            "net_income": 77379,
            "revenue": 301421,
            "common_shares": 2739837,
            "book_valuer_per_share": 18.85,
            "book_valuer_per_share_4q_avg": 19.62,
            "equity": 6480747,
            "current_ratio": 968.45,
            "debt_ratio": 7.91,
            "inventory_turnover_ratio": 0.75,
            "account_receivable_turnover_ratio": 2.29,
            "reinvestment_rate": 141.99,
            "research_to_sale_ratio": 11.94,
            "price_fair": 77.7,
            "eps_avg_yearly": 2.22,
            "eps_latest_yearly": 0.08,
            "eps_growth_yearly": 386.66
        },
        "20122": {
            "year_quarter": 20122,
            "year": 2012,
            "quarter": 2,
            "eps": -0.21,
            "eps_growth_year": -1321.86,
            "eps_4q": -0.23,
            "eps_4q_growth_year": -109.38,
            "roe": -1.19,
            "roe_4q": -2.3200000000000003,
            "gross_profit": 147555,
            "gross_margin": 44.58,
            "gross_margin_4q_avg": 47.67,
            "net_income": -76840,
            "revenue": 331003,
            "common_shares": 2739837,
            "book_valuer_per_share": 18.53,
            "book_valuer_per_share_4q_avg": 18.59,
            "equity": 6388101,
            "current_ratio": 1316.45,
            "debt_ratio": 5.81,
            "inventory_turnover_ratio": 0.93,
            "account_receivable_turnover_ratio": 2.61,
            "reinvestment_rate": 180.14,
            "research_to_sale_ratio": 11.08,
            "price_fair": 77.7,
            "eps_avg_yearly": 2.22,
            "eps_latest_yearly": 0.08,
            "eps_growth_yearly": 386.66
        },
        "20123": {
            "year_quarter": 20123,
            "year": 2012,
            "quarter": 3,
            "eps": -0.15,
            "eps_growth_year": null,
            "eps_4q": -0.24,
            "eps_4q_growth_year": -110.08,
            "roe": -0.82,
            "roe_4q": -2.04,
            "gross_profit": 120834,
            "gross_margin": 43.49,
            "gross_margin_4q_avg": 45.57,
            "net_income": -51990,
            "revenue": 277872,
            "common_shares": 3260407,
            "book_valuer_per_share": 15.45,
            "book_valuer_per_share_4q_avg": 17.81,
            "equity": 6334277,
            "current_ratio": 997,
            "debt_ratio": 7.56,
            "inventory_turnover_ratio": 0.83,
            "account_receivable_turnover_ratio": 2.49,
            "reinvestment_rate": 192.45,
            "research_to_sale_ratio": 15.74,
            "price_fair": 77.7,
            "eps_avg_yearly": 2.22,
            "eps_latest_yearly": 0.08,
            "eps_growth_yearly": 386.66
        },
        "20124": {
            "year_quarter": 20124,
            "year": 2012,
            "quarter": 4,
            "eps": -0.04,
            "eps_growth_year": null,
            "eps_4q": -0.1,
            "eps_4q_growth_year": -109.88,
            "roe": 0.31,
            "roe_4q": -0.48,
            "gross_profit": 92538,
            "gross_margin": 34.61,
            "gross_margin_4q_avg": 42.79,
            "net_income": 19608,
            "revenue": 267360,
            "common_shares": 3290407,
            "book_valuer_per_share": 15.19,
            "book_valuer_per_share_4q_avg": 17.01,
            "equity": 6318796,
            "current_ratio": 478.41,
            "debt_ratio": 12.98,
            "inventory_turnover_ratio": 0.92,
            "account_receivable_turnover_ratio": 2.76,
            "reinvestment_rate": 193.01,
            "research_to_sale_ratio": 18.4,
            "price_fair": 77.7,
            "eps_avg_yearly": 2.22,
            "eps_latest_yearly": 0.08,
            "eps_growth_yearly": 386.66
        },
        "20131": {
            "year_quarter": 20131,
            "year": 2013,
            "quarter": 1,
            "eps": 0.01,
            "eps_growth_year": -97.14,
            "eps_4q": -0.38,
            "eps_4q_growth_year": null,
            "roe": 0.68,
            "roe_4q": -1.02,
            "gross_profit": 110899,
            "gross_margin": 39.65,
            "gross_margin_4q_avg": 40.58,
            "net_income": 43872,
            "revenue": 279727,
            "common_shares": 3290407,
            "book_valuer_per_share": 15.77,
            "book_valuer_per_share_4q_avg": 16.24,
            "equity": 6587504,
            "current_ratio": 465.85,
            "debt_ratio": 12.74,
            "inventory_turnover_ratio": 0.88,
            "account_receivable_turnover_ratio": 3.11,
            "reinvestment_rate": 443.79,
            "research_to_sale_ratio": 16.83,
            "price_fair": 77.7,
            "eps_avg_yearly": 2.22,
            "eps_latest_yearly": 0.08,
            "eps_growth_yearly": 386.66
        },
        "20132": {
            "year_quarter": 20132,
            "year": 2013,
            "quarter": 2,
            "eps": -0.13,
            "eps_growth_year": null,
            "eps_4q": -0.29,
            "eps_4q_growth_year": null,
            "roe": -0.78,
            "roe_4q": -0.6099999999999999,
            "gross_profit": 100060,
            "gross_margin": 35.91,
            "gross_margin_4q_avg": 38.42,
            "net_income": -50724,
            "revenue": 278625,
            "common_shares": 3290407,
            "book_valuer_per_share": 15.48,
            "book_valuer_per_share_4q_avg": 15.47,
            "equity": 6483773,
            "current_ratio": 464.09,
            "debt_ratio": 12.72,
            "inventory_turnover_ratio": 0.95,
            "account_receivable_turnover_ratio": 4.11,
            "reinvestment_rate": 451.84,
            "research_to_sale_ratio": 20.51,
            "price_fair": 77.7,
            "eps_avg_yearly": 2.22,
            "eps_latest_yearly": 0.08,
            "eps_growth_yearly": 386.66
        },
        "20133": {
            "year_quarter": 20133,
            "year": 2013,
            "quarter": 3,
            "eps": -0.08,
            "eps_growth_year": null,
            "eps_4q": -0.19,
            "eps_4q_growth_year": null,
            "roe": -0.8,
            "roe_4q": -0.5900000000000001,
            "gross_profit": 106043,
            "gross_margin": 38.89,
            "gross_margin_4q_avg": 37.27,
            "net_income": -61169,
            "revenue": 272647,
            "common_shares": 4253427,
            "book_valuer_per_share": 17.5,
            "book_valuer_per_share_4q_avg": 15.99,
            "equity": 8802309,
            "current_ratio": 697.87,
            "debt_ratio": 9.61,
            "inventory_turnover_ratio": 0.92,
            "account_receivable_turnover_ratio": 5.3,
            "reinvestment_rate": 485.88,
            "research_to_sale_ratio": 28.71,
            "price_fair": 77.7,
            "eps_avg_yearly": 2.22,
            "eps_latest_yearly": 0.08,
            "eps_growth_yearly": 386.66
        },
        "20134": {
            "year_quarter": 20134,
            "year": 2013,
            "quarter": 4,
            "eps": -0.14,
            "eps_growth_year": null,
            "eps_4q": -0.3,
            "eps_4q_growth_year": null,
            "roe": -1.03,
            "roe_4q": -1.9300000000000002,
            "gross_profit": 144283,
            "gross_margin": 42.83,
            "gross_margin_4q_avg": 39.32,
            "net_income": -90258,
            "revenue": 336835,
            "common_shares": 4253427,
            "book_valuer_per_share": 17.34,
            "book_valuer_per_share_4q_avg": 16.52,
            "equity": 8704769,
            "current_ratio": 772.32,
            "debt_ratio": 8.74,
            "inventory_turnover_ratio": 1.01,
            "account_receivable_turnover_ratio": 7.23,
            "reinvestment_rate": 386.92,
            "research_to_sale_ratio": 17.45,
            "price_fair": 77.7,
            "eps_avg_yearly": 2.22,
            "eps_latest_yearly": 0.08,
            "eps_growth_yearly": 386.66
        },
        "20141": {
            "year_quarter": 20141,
            "year": 2014,
            "quarter": 1,
            "eps": -0.15,
            "eps_growth_year": -1600,
            "eps_4q": -0.46,
            "eps_4q_growth_year": null,
            "roe": -1.12,
            "roe_4q": -3.7300000000000004,
            "gross_profit": 125378,
            "gross_margin": 40.48,
            "gross_margin_4q_avg": 39.53,
            "net_income": -97078,
            "revenue": 309708,
            "common_shares": 4253427,
            "book_valuer_per_share": 17.27,
            "book_valuer_per_share_4q_avg": 16.9,
            "equity": 8670050,
            "current_ratio": 1846.26,
            "debt_ratio": 3.89,
            "inventory_turnover_ratio": 0.93,
            "account_receivable_turnover_ratio": 6.56,
            "reinvestment_rate": 543.49,
            "research_to_sale_ratio": 20.49,
            "price_fair": 7.36,
            "eps_avg_yearly": 2.45,
            "eps_latest_yearly": 0.08,
            "eps_growth_yearly": -195.57
        },
        "20142": {
            "year_quarter": 20142,
            "year": 2014,
            "quarter": 2,
            "eps": -0.1,
            "eps_growth_year": null,
            "eps_4q": -0.46,
            "eps_4q_growth_year": null,
            "roe": -0.79,
            "roe_4q": -3.74,
            "gross_profit": 149212,
            "gross_margin": 41.62,
            "gross_margin_4q_avg": 40.96,
            "net_income": -70020,
            "revenue": 358532,
            "common_shares": 4253427,
            "book_valuer_per_share": 18.33,
            "book_valuer_per_share_4q_avg": 17.61,
            "equity": 9152277,
            "current_ratio": 878.05,
            "debt_ratio": 7.79,
            "inventory_turnover_ratio": 1.12,
            "account_receivable_turnover_ratio": 6.1,
            "reinvestment_rate": 837.46,
            "research_to_sale_ratio": 17.51,
            "price_fair": 10.32,
            "eps_avg_yearly": 3.44,
            "eps_latest_yearly": 0.08,
            "eps_growth_yearly": -156.51
        },
        "20143": {
            "year_quarter": 20143,
            "year": 2014,
            "quarter": 3,
            "eps": -0.05,
            "eps_growth_year": null,
            "eps_4q": -0.45,
            "eps_4q_growth_year": null,
            "roe": -0.47,
            "roe_4q": -3.41,
            "gross_profit": 130969,
            "gross_margin": 39.48,
            "gross_margin_4q_avg": 41.1,
            "net_income": -42497,
            "revenue": 331730,
            "common_shares": 4253427,
            "book_valuer_per_share": 18.3,
            "book_valuer_per_share_4q_avg": 17.81,
            "equity": 9102557,
            "current_ratio": 757.45,
            "debt_ratio": 6.92,
            "inventory_turnover_ratio": 1.07,
            "account_receivable_turnover_ratio": 5.1,
            "reinvestment_rate": 1293.35,
            "research_to_sale_ratio": 15.73,
            "price_fair": 10.32,
            "eps_avg_yearly": 3.44,
            "eps_latest_yearly": 0.08,
            "eps_growth_yearly": -156.51
        },
        "20144": {
            "year_quarter": 20144,
            "year": 2014,
            "quarter": 4,
            "eps": -0.03,
            "eps_growth_year": null,
            "eps_4q": -0.33,
            "eps_4q_growth_year": null,
            "roe": -0.06,
            "roe_4q": -2.4400000000000004,
            "gross_profit": 164494,
            "gross_margin": 41.19,
            "gross_margin_4q_avg": 40.69,
            "net_income": -5438,
            "revenue": 399386,
            "common_shares": 4253427,
            "book_valuer_per_share": 18.26,
            "book_valuer_per_share_4q_avg": 18.04,
            "equity": 9099343,
            "current_ratio": 841.98,
            "debt_ratio": 6.63,
            "inventory_turnover_ratio": 1.06,
            "account_receivable_turnover_ratio": 6.97,
            "reinvestment_rate": null,
            "research_to_sale_ratio": 13.32,
            "price_fair": 10.32,
            "eps_avg_yearly": 3.44,
            "eps_latest_yearly": 0.08,
            "eps_growth_yearly": -156.51
        },
        "20151": {
            "year_quarter": 20151,
            "year": 2015,
            "quarter": 1,
            "eps": -0.18,
            "eps_growth_year": null,
            "eps_4q": -0.36,
            "eps_4q_growth_year": null,
            "roe": -1.14,
            "roe_4q": -2.46,
            "gross_profit": 129752,
            "gross_margin": 37.45,
            "gross_margin_4q_avg": 39.94,
            "net_income": -102183,
            "revenue": 346457,
            "common_shares": 4253427,
            "book_valuer_per_share": 17.85,
            "book_valuer_per_share_4q_avg": 18.19,
            "equity": 8901437,
            "current_ratio": 673.07,
            "debt_ratio": 7.88,
            "inventory_turnover_ratio": 0.87,
            "account_receivable_turnover_ratio": 5.87,
            "reinvestment_rate": null,
            "research_to_sale_ratio": 11.72,
            "price_fair": 0.24,
            "eps_avg_yearly": 0.08,
            "eps_latest_yearly": 0.08,
            "eps_growth_yearly": -395.29
        },
        "20152": {
            "year_quarter": 20152,
            "year": 2015,
            "quarter": 2,
            "eps": -0.17,
            "eps_growth_year": null,
            "eps_4q": -0.44,
            "eps_4q_growth_year": null,
            "roe": -1.03,
            "roe_4q": -2.7,
            "gross_profit": 151723,
            "gross_margin": 38.56,
            "gross_margin_4q_avg": 39.17,
            "net_income": -90900,
            "revenue": 393506,
            "common_shares": 4253427,
            "book_valuer_per_share": 17.57,
            "book_valuer_per_share_4q_avg": 18,
            "equity": 8758330,
            "current_ratio": 562.24,
            "debt_ratio": 9.44,
            "inventory_turnover_ratio": 1,
            "account_receivable_turnover_ratio": 5.88,
            "reinvestment_rate": null,
            "research_to_sale_ratio": 11.45,
            "price_fair": 0,
            "eps_avg_yearly": 0,
            "eps_latest_yearly": 0,
            "eps_growth_yearly": 0
        },
        "20153": {
            "year_quarter": 20153,
            "year": 2015,
            "quarter": 3,
            "eps": -0.15,
            "eps_growth_year": null,
            "eps_4q": -0.53,
            "eps_4q_growth_year": null,
            "roe": -0.99,
            "roe_4q": -3.22,
            "gross_profit": 140079,
            "gross_margin": 37.4,
            "gross_margin_4q_avg": 38.65,
            "net_income": -86569,
            "revenue": 374553,
            "common_shares": 4253427,
            "book_valuer_per_share": 17.52,
            "book_valuer_per_share_4q_avg": 17.8,
            "equity": 8730568,
            "current_ratio": 572.64,
            "debt_ratio": 9.19,
            "inventory_turnover_ratio": 0.99,
            "account_receivable_turnover_ratio": 6.84,
            "reinvestment_rate": null,
            "research_to_sale_ratio": 12.28,
            "price_fair": 0,
            "eps_avg_yearly": 0,
            "eps_latest_yearly": 0,
            "eps_growth_yearly": 0
        },
        "20154": {
            "year_quarter": 20154,
            "year": 2015,
            "quarter": 4,
            "eps": 0.05,
            "eps_growth_year": null,
            "eps_4q": -0.46,
            "eps_4q_growth_year": null,
            "roe": 0.04,
            "roe_4q": -3.12,
            "gross_profit": 153691,
            "gross_margin": 38.01,
            "gross_margin_4q_avg": 37.86,
            "net_income": 3898,
            "revenue": 404337,
            "common_shares": 4253427,
            "book_valuer_per_share": 17.98,
            "book_valuer_per_share_4q_avg": 17.73,
            "equity": 8943518,
            "current_ratio": 564.6,
            "debt_ratio": 9.05,
            "inventory_turnover_ratio": 1.06,
            "account_receivable_turnover_ratio": 10.03,
            "reinvestment_rate": null,
            "research_to_sale_ratio": 11.5,
            "price_fair": 0,
            "eps_avg_yearly": 0,
            "eps_latest_yearly": 0,
            "eps_growth_yearly": 0
        },
        "20161": {
            "year_quarter": 20161,
            "year": 2016,
            "quarter": 1,
            "eps": -0.23,
            "eps_growth_year": null,
            "eps_4q": -0.51,
            "eps_4q_growth_year": null,
            "roe": -1.45,
            "roe_4q": -3.4299999999999997,
            "gross_profit": 140379,
            "gross_margin": 37.93,
            "gross_margin_4q_avg": 37.98,
            "net_income": -128697,
            "revenue": 370140,
            "common_shares": 4253427,
            "book_valuer_per_share": 17.67,
            "book_valuer_per_share_4q_avg": 17.69,
            "equity": 8786033,
            "current_ratio": 584.05,
            "debt_ratio": 8.81,
            "inventory_turnover_ratio": 0.98,
            "account_receivable_turnover_ratio": 9.76,
            "reinvestment_rate": null,
            "research_to_sale_ratio": 8.74,
            "price_fair": 0,
            "eps_avg_yearly": 0,
            "eps_latest_yearly": 0,
            "eps_growth_yearly": 0
        },
        "20162": {
            "year_quarter": 20162,
            "year": 2016,
            "quarter": 2,
            "eps": -0.15,
            "eps_growth_year": null,
            "eps_4q": -0.48,
            "eps_4q_growth_year": null,
            "roe": -0.99,
            "roe_4q": -3.3899999999999997,
            "gross_profit": 151840,
            "gross_margin": 38.43,
            "gross_margin_4q_avg": 37.94,
            "net_income": -86281,
            "revenue": 395116,
            "common_shares": 4253427,
            "book_valuer_per_share": 17.34,
            "book_valuer_per_share_4q_avg": 17.63,
            "equity": 8606406,
            "current_ratio": 551.26,
            "debt_ratio": 9.28,
            "inventory_turnover_ratio": 1.05,
            "account_receivable_turnover_ratio": 11.73,
            "reinvestment_rate": null,
            "research_to_sale_ratio": 14.05,
            "price_fair": 0,
            "eps_avg_yearly": 0,
            "eps_latest_yearly": 0,
            "eps_growth_yearly": 0
        },
        "20163": {
            "year_quarter": 20163,
            "year": 2016,
            "quarter": 3,
            "eps": -0.08,
            "eps_growth_year": null,
            "eps_4q": -0.41,
            "eps_4q_growth_year": null,
            "roe": -0.66,
            "roe_4q": -3.0599999999999996,
            "gross_profit": 136107,
            "gross_margin": 37.97,
            "gross_margin_4q_avg": 38.09,
            "net_income": -56483,
            "revenue": 358506,
            "common_shares": 4253427,
            "book_valuer_per_share": 16.97,
            "book_valuer_per_share_4q_avg": 17.49,
            "equity": 8409350,
            "current_ratio": 537,
            "debt_ratio": 9.47,
            "inventory_turnover_ratio": 0.94,
            "account_receivable_turnover_ratio": 13.83,
            "reinvestment_rate": null,
            "research_to_sale_ratio": 11.56,
            "price_fair": 0,
            "eps_avg_yearly": 0,
            "eps_latest_yearly": 0,
            "eps_growth_yearly": 0
        },
        "20164": {
            "year_quarter": 20164,
            "year": 2016,
            "quarter": 4,
            "eps": -0.17,
            "eps_growth_year": -468.76,
            "eps_4q": -0.63,
            "eps_4q_growth_year": null,
            "roe": -0.84,
            "roe_4q": -3.9400000000000004,
            "gross_profit": 152494,
            "gross_margin": 38.25,
            "gross_margin_4q_avg": 38.15,
            "net_income": -70489,
            "revenue": 398674,
            "common_shares": 4253427,
            "book_valuer_per_share": 17,
            "book_valuer_per_share_4q_avg": 17.25,
            "equity": 8412487,
            "current_ratio": 559.27,
            "debt_ratio": 9.12,
            "inventory_turnover_ratio": 1,
            "account_receivable_turnover_ratio": 11.65,
            "reinvestment_rate": null,
            "research_to_sale_ratio": 13.19,
            "price_fair": 0,
            "eps_avg_yearly": 0,
            "eps_latest_yearly": 0,
            "eps_growth_yearly": 0
        },
        "20171": {
            "year_quarter": 20171,
            "year": 2017,
            "quarter": 1,
            "eps": 1.68,
            "eps_growth_year": null,
            "eps_4q": 1.29,
            "eps_4q_growth_year": null,
            "roe": 7.96,
            "roe_4q": 5.47,
            "gross_profit": 118517,
            "gross_margin": 35.22,
            "gross_margin_4q_avg": 37.47,
            "net_income": 668134,
            "revenue": 336510,
            "common_shares": 4253427,
            "book_valuer_per_share": 18.55,
            "book_valuer_per_share_4q_avg": 17.47,
            "equity": 8374158,
            "current_ratio": 549.56,
            "debt_ratio": 8.75,
            "inventory_turnover_ratio": 0.89,
            "account_receivable_turnover_ratio": 10.01,
            "reinvestment_rate": null,
            "research_to_sale_ratio": 16.99,
            "price_fair": 0,
            "eps_avg_yearly": 0,
            "eps_latest_yearly": 0,
            "eps_growth_yearly": 0
        },
        "20172": {
            "year_quarter": 20172,
            "year": 2017,
            "quarter": 2,
            "eps": -0.26,
            "eps_growth_year": null,
            "eps_4q": 1.17,
            "eps_4q_growth_year": null,
            "roe": -1.36,
            "roe_4q": 5.1,
            "gross_profit": 130589,
            "gross_margin": 38.41,
            "gross_margin_4q_avg": 37.46,
            "net_income": -113659,
            "revenue": 339989,
            "common_shares": 4253427,
            "book_valuer_per_share": 18.34,
            "book_valuer_per_share_4q_avg": 17.72,
            "equity": 8286497,
            "current_ratio": 537.76,
            "debt_ratio": 8.64,
            "inventory_turnover_ratio": 0.92,
            "account_receivable_turnover_ratio": 15.29,
            "reinvestment_rate": null,
            "research_to_sale_ratio": 2.56,
            "price_fair": 0,
            "eps_avg_yearly": 0,
            "eps_latest_yearly": 0,
            "eps_growth_yearly": 0
        },
        "20173": {
            "year_quarter": 20173,
            "year": 2017,
            "quarter": 3,
            "eps": 0.58,
            "eps_growth_year": null,
            "eps_4q": 1.83,
            "eps_4q_growth_year": null,
            "roe": 2.94,
            "roe_4q": 8.7,
            "gross_profit": 129544,
            "gross_margin": 37.47,
            "gross_margin_4q_avg": 37.34,
            "net_income": 246423,
            "revenue": 345687,
            "common_shares": 4253427,
            "book_valuer_per_share": 18.86,
            "book_valuer_per_share_4q_avg": 18.19,
            "equity": 8475770,
            "current_ratio": 518.51,
            "debt_ratio": 8.58,
            "inventory_turnover_ratio": 1.09,
            "account_receivable_turnover_ratio": 15.67,
            "reinvestment_rate": 1026.28,
            "research_to_sale_ratio": 3.26,
            "price_fair": 0,
            "eps_avg_yearly": 0,
            "eps_latest_yearly": 0,
            "eps_growth_yearly": 0
        },
        "20174": {
            "year_quarter": 20174,
            "year": 2017,
            "quarter": 4,
            "eps": -0.73,
            "eps_growth_year": null,
            "eps_4q": 1.28,
            "eps_4q_growth_year": null,
            "roe": -3.8,
            "roe_4q": 5.74,
            "gross_profit": 142267,
            "gross_margin": 36.42,
            "gross_margin_4q_avg": 36.88,
            "net_income": -319012,
            "revenue": 390605,
            "common_shares": 4253427,
            "book_valuer_per_share": 18.16,
            "book_valuer_per_share_4q_avg": 18.48,
            "equity": 8300954,
            "current_ratio": 504.61,
            "debt_ratio": 9.38,
            "inventory_turnover_ratio": 1.35,
            "account_receivable_turnover_ratio": 15.92,
            "reinvestment_rate": null,
            "research_to_sale_ratio": 2.68,
            "price_fair": 0,
            "eps_avg_yearly": 0,
            "eps_latest_yearly": 0,
            "eps_growth_yearly": 0
        },
        "20181": {
            "year_quarter": 20181,
            "year": 2018,
            "quarter": 1,
            "eps": -0.35,
            "eps_growth_year": -120.83,
            "eps_4q": -0.75,
            "eps_4q_growth_year": -158.57,
            "roe": -1.85,
            "roe_4q": -4.07,
            "gross_profit": 121840,
            "gross_margin": 35.35,
            "gross_margin_4q_avg": 36.91,
            "net_income": -152015,
            "revenue": 344658,
            "common_shares": 4253427,
            "book_valuer_per_share": 17.82,
            "book_valuer_per_share_4q_avg": 18.3,
            "equity": 8158700,
            "current_ratio": 843.44,
            "debt_ratio": 5.63,
            "inventory_turnover_ratio": 1.22,
            "account_receivable_turnover_ratio": 14.71,
            "reinvestment_rate": null,
            "research_to_sale_ratio": 2.93,
            "price_fair": 0,
            "eps_avg_yearly": 0,
            "eps_latest_yearly": 0,
            "eps_growth_yearly": 0
        },
        "20182": {
            "year_quarter": 20182,
            "year": 2018,
            "quarter": 2,
            "eps": -0.23,
            "eps_growth_year": null,
            "eps_4q": -0.72,
            "eps_4q_growth_year": -161.7,
            "roe": -1.22,
            "roe_4q": -3.93,
            "gross_profit": 128949,
            "gross_margin": 36.25,
            "gross_margin_4q_avg": 36.37,
            "net_income": -98929,
            "revenue": 355704,
            "common_shares": 4253427,
            "book_valuer_per_share": 17.59,
            "book_valuer_per_share_4q_avg": 18.11,
            "equity": 8055337,
            "current_ratio": 883.04,
            "debt_ratio": 5.39,
            "inventory_turnover_ratio": 1.38,
            "account_receivable_turnover_ratio": 14.74,
            "reinvestment_rate": null,
            "research_to_sale_ratio": 2.8,
            "price_fair": 0,
            "eps_avg_yearly": 0,
            "eps_latest_yearly": 0,
            "eps_growth_yearly": 0
        },
        "20183": {
            "year_quarter": 20183,
            "year": 2018,
            "quarter": 3,
            "eps": -0.52,
            "eps_growth_year": -189.66,
            "eps_4q": -1.83,
            "eps_4q_growth_year": -199.6,
            "roe": -2.89,
            "roe_4q": -9.760000000000002,
            "gross_profit": 137445,
            "gross_margin": 39.61,
            "gross_margin_4q_avg": 36.91,
            "net_income": -228400,
            "revenue": 346973,
            "common_shares": 4253427,
            "book_valuer_per_share": 16.93,
            "book_valuer_per_share_4q_avg": 17.63,
            "equity": 7755776,
            "current_ratio": 842.22,
            "debt_ratio": 5.72,
            "inventory_turnover_ratio": 1.46,
            "account_receivable_turnover_ratio": 11.15,
            "reinvestment_rate": null,
            "research_to_sale_ratio": 2.78,
            "price_fair": 0,
            "eps_avg_yearly": 0,
            "eps_latest_yearly": 0,
            "eps_growth_yearly": 0
        },
        "20184": {
            "year_quarter": 20184,
            "year": 2018,
            "quarter": 4,
            "eps": -0.53,
            "eps_growth_year": null,
            "eps_4q": -1.63,
            "eps_4q_growth_year": -227.4,
            "roe": -2.96,
            "roe_4q": -8.92,
            "gross_profit": 182316,
            "gross_margin": 45.44,
            "gross_margin_4q_avg": 39.16,
            "net_income": -258104,
            "revenue": 401198,
            "common_shares": 4253427,
            "book_valuer_per_share": 17.26,
            "book_valuer_per_share_4q_avg": 17.4,
            "equity": 9678137,
            "current_ratio": 1086.47,
            "debt_ratio": 5.42,
            "inventory_turnover_ratio": 1.38,
            "account_receivable_turnover_ratio": 11.15,
            "reinvestment_rate": null,
            "research_to_sale_ratio": 2.58,
            "price_fair": 0,
            "eps_avg_yearly": 0,
            "eps_latest_yearly": 0,
            "eps_growth_yearly": 0
        },
        "20191": {
            "year_quarter": 20191,
            "year": 2019,
            "quarter": 1,
            "eps": -0.02,
            "eps_growth_year": null,
            "eps_4q": -1.3,
            "eps_4q_growth_year": null,
            "roe": -0.36,
            "roe_4q": -7.43,
            "gross_profit": 131933,
            "gross_margin": 38,
            "gross_margin_4q_avg": 39.83,
            "net_income": -35151,
            "revenue": 347237,
            "common_shares": 4253427,
            "book_valuer_per_share": 17.11,
            "book_valuer_per_share_4q_avg": 17.22,
            "equity": 9651280,
            "current_ratio": 861.65,
            "debt_ratio": 9.5,
            "inventory_turnover_ratio": 1.27,
            "account_receivable_turnover_ratio": 8.76,
            "reinvestment_rate": null,
            "research_to_sale_ratio": 4.84,
            "price_fair": 0,
            "eps_avg_yearly": 0,
            "eps_latest_yearly": 0,
            "eps_growth_yearly": 0
        },
        "20192": {
            "year_quarter": 20192,
            "year": 2019,
            "quarter": 2,
            "eps": -0.34,
            "eps_growth_year": null,
            "eps_4q": -1.44,
            "eps_4q_growth_year": null,
            "roe": -1.35,
            "roe_4q": -7.5600000000000005,
            "gross_profit": 139192,
            "gross_margin": 39.91,
            "gross_margin_4q_avg": 40.74,
            "net_income": -129743,
            "revenue": 348750,
            "common_shares": 4253427,
            "book_valuer_per_share": 17.06,
            "book_valuer_per_share_4q_avg": 17.09,
            "equity": 9564095,
            "current_ratio": 1007.03,
            "debt_ratio": 9.4,
            "inventory_turnover_ratio": 1.31,
            "account_receivable_turnover_ratio": 9.14,
            "reinvestment_rate": null,
            "research_to_sale_ratio": 6.96,
            "price_fair": 0,
            "eps_avg_yearly": 0,
            "eps_latest_yearly": 0,
            "eps_growth_yearly": 0
        },
        "20193": {
            "year_quarter": 20193,
            "year": 2019,
            "quarter": 3,
            "eps": 0.09,
            "eps_growth_year": null,
            "eps_4q": -0.82,
            "eps_4q_growth_year": null,
            "roe": 0.65,
            "roe_4q": -4.02,
            "gross_profit": 144588,
            "gross_margin": 39.74,
            "gross_margin_4q_avg": 40.77,
            "net_income": 61547,
            "revenue": 363794,
            "common_shares": 4253427,
            "book_valuer_per_share": 16.93,
            "book_valuer_per_share_4q_avg": 17.09,
            "equity": 9371174,
            "current_ratio": 921.9,
            "debt_ratio": 9.63,
            "inventory_turnover_ratio": 1.42,
            "account_receivable_turnover_ratio": 9.25,
            "reinvestment_rate": null,
            "research_to_sale_ratio": 7.09,
            "price_fair": 0,
            "eps_avg_yearly": 0,
            "eps_latest_yearly": 0,
            "eps_growth_yearly": 0
        },
        "20194": {
            "year_quarter": 20194,
            "year": 2019,
            "quarter": 4,
            "eps": -0.3,
            "eps_growth_year": null,
            "eps_4q": -0.58,
            "eps_4q_growth_year": null,
            "roe": -1.75,
            "roe_4q": -2.81,
            "gross_profit": 164347,
            "gross_margin": 40.43,
            "gross_margin_4q_avg": 39.52,
            "net_income": -161249,
            "revenue": 406527,
            "common_shares": 4253427,
            "book_valuer_per_share": 16.62,
            "book_valuer_per_share_4q_avg": 16.93,
            "equity": 9042466,
            "current_ratio": 881.2,
            "debt_ratio": 10.04,
            "inventory_turnover_ratio": 1.48,
            "account_receivable_turnover_ratio": 9.55,
            "reinvestment_rate": null,
            "research_to_sale_ratio": 7.69,
            "price_fair": 0,
            "eps_avg_yearly": 0,
            "eps_latest_yearly": 0,
            "eps_growth_yearly": 0
        },
        "20201": {
            "year_quarter": 20201,
            "year": 2020,
            "quarter": 1,
            "eps": -0.45,
            "eps_growth_year": null,
            "eps_4q": -1.02,
            "eps_4q_growth_year": null,
            "roe": -1.94,
            "roe_4q": -4.390000000000001,
            "gross_profit": 164286,
            "gross_margin": 39.43,
            "gross_margin_4q_avg": 39.88,
            "net_income": -172048,
            "revenue": 416634,
            "common_shares": 4253427,
            "book_valuer_per_share": 16.13,
            "book_valuer_per_share_4q_avg": 16.69,
            "equity": 8676857,
            "current_ratio": 872.54,
            "debt_ratio": 10.21,
            "inventory_turnover_ratio": 1.43,
            "account_receivable_turnover_ratio": 10.41,
            "reinvestment_rate": null,
            "research_to_sale_ratio": 7.38,
            "price_fair": 0,
            "eps_avg_yearly": 0,
            "eps_latest_yearly": 0,
            "eps_growth_yearly": 0
        },
        "20202": {
            "year_quarter": 20202,
            "year": 2020,
            "quarter": 2,
            "eps": 5.32,
            "eps_growth_year": null,
            "eps_4q": 4.65,
            "eps_4q_growth_year": null,
            "roe": 20.83,
            "roe_4q": 17.789999999999996,
            "gross_profit": 152715,
            "gross_margin": 38.99,
            "gross_margin_4q_avg": 39.65,
            "net_income": 2166261,
            "revenue": 391693,
            "common_shares": 4253427,
            "book_valuer_per_share": 24.87,
            "book_valuer_per_share_4q_avg": 18.64,
            "equity": 12121803,
            "current_ratio": 1082.28,
            "debt_ratio": 7.97,
            "inventory_turnover_ratio": 1.36,
            "account_receivable_turnover_ratio": 4.27,
            "reinvestment_rate": 203.14,
            "research_to_sale_ratio": 9.58,
            "price_fair": 0,
            "eps_avg_yearly": 0,
            "eps_latest_yearly": 0,
            "eps_growth_yearly": 0
        },
        "20203": {
            "year_quarter": 20203,
            "year": 2020,
            "quarter": 3,
            "eps": 1.41,
            "eps_growth_year": 1466.67,
            "eps_4q": 5.97,
            "eps_4q_growth_year": null,
            "roe": 4.04,
            "roe_4q": 21.179999999999996,
            "gross_profit": 159730,
            "gross_margin": 41.22,
            "gross_margin_4q_avg": 40.02,
            "net_income": 505776,
            "revenue": 387512,
            "common_shares": 4253427,
            "book_valuer_per_share": 26.89,
            "book_valuer_per_share_4q_avg": 21.13,
            "equity": 12919393,
            "current_ratio": 1000.69,
            "debt_ratio": 7.68,
            "inventory_turnover_ratio": 1.28,
            "account_receivable_turnover_ratio": 2.65,
            "reinvestment_rate": 189.52,
            "research_to_sale_ratio": 11.52,
            "price_fair": 16.92,
            "eps_avg_yearly": 5.64,
            "eps_latest_yearly": 5.64,
            "eps_growth_yearly": -293.98
        },
        "20204": {
            "year_quarter": 20204,
            "year": 2020,
            "quarter": 4,
            "eps": -4.4,
            "eps_growth_year": null,
            "eps_4q": 1.62,
            "eps_4q_growth_year": null,
            "roe": -15.37,
            "roe_4q": 7.5600000000000005,
            "gross_profit": 157000,
            "gross_margin": 38.71,
            "gross_margin_4q_avg": 39.59,
            "net_income": -1980150,
            "revenue": 405560,
            "common_shares": 4253427,
            "book_valuer_per_share": 25.93,
            "book_valuer_per_share_4q_avg": 23.46,
            "equity": 12852095,
            "current_ratio": 1095.05,
            "debt_ratio": 7.71,
            "inventory_turnover_ratio": 1.37,
            "account_receivable_turnover_ratio": 2.87,
            "reinvestment_rate": 1268.25,
            "research_to_sale_ratio": 59.19,
            "price_fair": 16.92,
            "eps_avg_yearly": 5.64,
            "eps_latest_yearly": 5.64,
            "eps_growth_yearly": -293.98
        },
        "20211": {
            "year_quarter": 20211,
            "year": 2021,
            "quarter": 1,
            "eps": 1.13,
            "eps_growth_year": null,
            "eps_4q": 3.19,
            "eps_4q_growth_year": null,
            "roe": 3.32,
            "roe_4q": 12.82,
            "gross_profit": 152159,
            "gross_margin": 38.75,
            "gross_margin_4q_avg": 39.42,
            "net_income": 433600,
            "revenue": 392631,
            "common_shares": 4253427,
            "book_valuer_per_share": 27.12,
            "book_valuer_per_share_4q_avg": 26.2,
            "equity": 13281506,
            "current_ratio": 1059.08,
            "debt_ratio": 7.22,
            "inventory_turnover_ratio": 1.32,
            "account_receivable_turnover_ratio": 4.31,
            "reinvestment_rate": 12865.1,
            "research_to_sale_ratio": 19.02,
            "price_fair": 16.92,
            "eps_avg_yearly": 5.64,
            "eps_latest_yearly": 5.64,
            "eps_growth_yearly": -293.98
        },
        "20212": {
            "year_quarter": 20212,
            "year": 2021,
            "quarter": 2,
            "eps": -1.98,
            "eps_growth_year": -137.22,
            "eps_4q": -3.82,
            "eps_4q_growth_year": -182.28,
            "roe": -6.85,
            "roe_4q": -14.86,
            "gross_profit": 197806,
            "gross_margin": 40.61,
            "gross_margin_4q_avg": 39.82,
            "net_income": -891695,
            "revenue": 487120,
            "common_shares": 4253427,
            "book_valuer_per_share": 25.53,
            "book_valuer_per_share_4q_avg": 26.37,
            "equity": 12762233,
            "current_ratio": 985.46,
            "debt_ratio": 7.83,
            "inventory_turnover_ratio": 1.6,
            "account_receivable_turnover_ratio": 9.78,
            "reinvestment_rate": null,
            "research_to_sale_ratio": 68.87,
            "price_fair": 16.92,
            "eps_avg_yearly": 5.64,
            "eps_latest_yearly": 5.64,
            "eps_growth_yearly": -293.98
        },
        "20213": {
            "year_quarter": 20213,
            "year": 2021,
            "quarter": 3,
            "eps": 0.04,
            "eps_growth_year": -97.16,
            "eps_4q": -4.65,
            "eps_4q_growth_year": -177.94,
            "roe": -0.33,
            "roe_4q": -19.23,
            "gross_profit": 187170,
            "gross_margin": 40.75,
            "gross_margin_4q_avg": 39.71,
            "net_income": -41261,
            "revenue": 459290,
            "common_shares": 4253427,
            "book_valuer_per_share": 25.18,
            "book_valuer_per_share_4q_avg": 25.94,
            "equity": 12553597,
            "current_ratio": 1062.16,
            "debt_ratio": 7.65,
            "inventory_turnover_ratio": 1.53,
            "account_receivable_turnover_ratio": 9,
            "reinvestment_rate": null,
            "research_to_sale_ratio": 20.1,
            "price_fair": 16.92,
            "eps_avg_yearly": 5.64,
            "eps_latest_yearly": 5.64,
            "eps_growth_yearly": -293.98
        },
        "20214": {
            "year_quarter": 20214,
            "year": 2021,
            "quarter": 4,
            "eps": 0.83,
            "eps_growth_year": null,
            "eps_4q": 0.11,
            "eps_4q_growth_year": -93.35,
            "roe": 2.02,
            "roe_4q": -1.8400000000000003,
            "gross_profit": 202233,
            "gross_margin": 45.65,
            "gross_margin_4q_avg": 41.44,
            "net_income": 266196,
            "revenue": 442997,
            "common_shares": 4663296,
            "book_valuer_per_share": 25.95,
            "book_valuer_per_share_4q_avg": 25.95,
            "equity": 13843555,
            "current_ratio": 894.66,
            "debt_ratio": 7.81,
            "inventory_turnover_ratio": 1.23,
            "account_receivable_turnover_ratio": 7.47,
            "reinvestment_rate": null,
            "research_to_sale_ratio": 81.06,
            "price_fair": 156.8,
            "eps_avg_yearly": 4.48,
            "eps_latest_yearly": 3.32,
            "eps_growth_yearly": 3803.01
        },
        "20221": {
            "year_quarter": 20221,
            "year": 2022,
            "quarter": 1,
            "eps": 1.74,
            "eps_growth_year": 53.98,
            "eps_4q": 0.84,
            "eps_4q_growth_year": -73.62,
            "roe": 5.27,
            "roe_4q": 0.10999999999999943,
            "gross_profit": 155804,
            "gross_margin": 38.76,
            "gross_margin_4q_avg": 41.44,
            "net_income": 748035,
            "revenue": 402016,
            "common_shares": 4663296,
            "book_valuer_per_share": 26.96,
            "book_valuer_per_share_4q_avg": 25.91,
            "equity": 14526746,
            "current_ratio": 1056.05,
            "debt_ratio": 7.1,
            "inventory_turnover_ratio": 1.15,
            "account_receivable_turnover_ratio": 6.68,
            "reinvestment_rate": 682.38,
            "research_to_sale_ratio": 17.31,
            "price_fair": 185.73,
            "eps_avg_yearly": 5.31,
            "eps_latest_yearly": 6.96,
            "eps_growth_yearly": 2681.52
        },
        "20222": {
            "year_quarter": 20222,
            "year": 2022,
            "quarter": 2,
            "eps": -1.1,
            "eps_growth_year": null,
            "eps_4q": 1.26,
            "eps_4q_growth_year": null,
            "roe": -3.77,
            "roe_4q": 3.1899999999999995,
            "gross_profit": 206641,
            "gross_margin": 42.76,
            "gross_margin_4q_avg": 41.98,
            "net_income": -533882,
            "revenue": 483280,
            "common_shares": 4663296,
            "book_valuer_per_share": 25.33,
            "book_valuer_per_share_4q_avg": 25.86,
            "equity": 13765274,
            "current_ratio": 1077.18,
            "debt_ratio": 7.36,
            "inventory_turnover_ratio": 1.37,
            "account_receivable_turnover_ratio": 9.11,
            "reinvestment_rate": 1535.16,
            "research_to_sale_ratio": 8.44,
            "price_fair": 185.73,
            "eps_avg_yearly": 5.31,
            "eps_latest_yearly": 6.96,
            "eps_growth_yearly": 2681.52
        },
        "20223": {
            "year_quarter": 20223,
            "year": 2022,
            "quarter": 3,
            "eps": 0.83,
            "eps_growth_year": 1975,
            "eps_4q": 2.05,
            "eps_4q_growth_year": null,
            "roe": 3.14,
            "roe_4q": 6.66,
            "gross_profit": 151387,
            "gross_margin": 39.15,
            "gross_margin_4q_avg": 41.58,
            "net_income": 446373,
            "revenue": 386663,
            "common_shares": 5110972,
            "book_valuer_per_share": 24.87,
            "book_valuer_per_share_4q_avg": 25.78,
            "equity": 14698156,
            "current_ratio": 1103.4,
            "debt_ratio": 6.75,
            "inventory_turnover_ratio": 1.17,
            "account_receivable_turnover_ratio": 7.84,
            "reinvestment_rate": 587.35,
            "research_to_sale_ratio": 20.59,
            "price_fair": 185.73,
            "eps_avg_yearly": 5.31,
            "eps_latest_yearly": 6.96,
            "eps_growth_yearly": 2681.52
        },
        "20224": {
            "year_quarter": 20224,
            "year": 2022,
            "quarter": 4,
            "eps": -0.9,
            "eps_growth_year": -208.9,
            "eps_4q": 0.41,
            "eps_4q_growth_year": 283.23,
            "roe": -3.54,
            "roe_4q": 1.0999999999999996,
            "gross_profit": 177463,
            "gross_margin": 39.45,
            "gross_margin_4q_avg": 40.03,
            "net_income": -508102,
            "revenue": 449889,
            "common_shares": 5110972,
            "book_valuer_per_share": 23.66,
            "book_valuer_per_share_4q_avg": 25.21,
            "equity": 14008358,
            "current_ratio": 1003.93,
            "debt_ratio": 7.17,
            "inventory_turnover_ratio": 1.26,
            "account_receivable_turnover_ratio": 8.1,
            "reinvestment_rate": 730.19,
            "research_to_sale_ratio": 16.65,
            "price_fair": 185.73,
            "eps_avg_yearly": 5.31,
            "eps_latest_yearly": 6.96,
            "eps_growth_yearly": 2681.52
        },
        "20231": {
            "year_quarter": 20231,
            "year": 2023,
            "quarter": 1,
            "eps": -0.21,
            "eps_growth_year": -112.07,
            "eps_4q": -1.37,
            "eps_4q_growth_year": -263.27,
            "roe": -1.01,
            "roe_4q": -5.18,
            "gross_profit": 148885,
            "gross_margin": 38.41,
            "gross_margin_4q_avg": 39.94,
            "net_income": -142067,
            "revenue": 387590,
            "common_shares": 5110972,
            "book_valuer_per_share": 23.7,
            "book_valuer_per_share_4q_avg": 24.39,
            "equity": 14000949,
            "current_ratio": 1048.64,
            "debt_ratio": 6.98,
            "inventory_turnover_ratio": 1.09,
            "account_receivable_turnover_ratio": 6.69,
            "reinvestment_rate": 853.5,
            "research_to_sale_ratio": 15.79,
            "price_fair": 185.73,
            "eps_avg_yearly": 5.31,
            "eps_latest_yearly": 6.96,
            "eps_growth_yearly": 2681.52
        }
    },
    "months": {
        "2003-09": {
            "month": "2003-09",
            "price": "13.50",
            "revenue": 2029
        },
        "2003-11": {
            "month": "2003-11",
            "price": "13.00",
            "revenue": 2183
        },
        "2003-12": {
            "month": "2003-12",
            "price": "13.15",
            "revenue": 2285
        },
        "2004-01": {
            "month": "2004-01",
            "price": "13.35",
            "revenue": 2502
        },
        "2004-02": {
            "month": "2004-02",
            "price": "13.27",
            "revenue": 4087
        },
        "2004-03": {
            "month": "2004-03",
            "price": "13.63",
            "revenue": 5557
        },
        "2004-07": {
            "month": "2004-07",
            "price": "14.75",
            "revenue": 6099
        },
        "2004-09": {
            "month": "2004-09",
            "price": "12.25",
            "revenue": -715
        },
        "2004-10": {
            "month": "2004-10",
            "price": "11.00",
            "revenue": 4012
        },
        "2004-11": {
            "month": "2004-11",
            "price": "10.28",
            "revenue": 4904
        },
        "2004-12": {
            "month": "2004-12",
            "price": "10.22",
            "revenue": 12185
        },
        "2005-01": {
            "month": "2005-01",
            "price": "10.58",
            "revenue": 11249
        },
        "2005-02": {
            "month": "2005-02",
            "price": "10.58",
            "revenue": 8940
        },
        "2005-03": {
            "month": "2005-03",
            "price": "10.75",
            "revenue": 12494
        },
        "2005-04": {
            "month": "2005-04",
            "price": "10.79",
            "revenue": 14454
        },
        "2005-05": {
            "month": "2005-05",
            "price": "14.85",
            "revenue": 16346
        },
        "2005-06": {
            "month": "2005-06",
            "price": "14.98",
            "revenue": 16698
        },
        "2005-07": {
            "month": "2005-07",
            "price": "15.59",
            "revenue": 14019
        },
        "2005-08": {
            "month": "2005-08",
            "price": "15.86",
            "revenue": 19937
        },
        "2005-09": {
            "month": "2005-09",
            "price": "15.69",
            "revenue": 20622
        },
        "2005-10": {
            "month": "2005-10",
            "price": "16.25",
            "revenue": 24516
        },
        "2005-11": {
            "month": "2005-11",
            "price": "16.12",
            "revenue": 20538
        },
        "2005-12": {
            "month": "2005-12",
            "price": "15.04",
            "revenue": 20575
        },
        "2006-01": {
            "month": "2006-01",
            "price": "15.52",
            "revenue": 26745
        },
        "2006-02": {
            "month": "2006-02",
            "price": "16.61",
            "revenue": 22650
        },
        "2006-03": {
            "month": "2006-03",
            "price": "18.45",
            "revenue": 23119
        },
        "2006-04": {
            "month": "2006-04",
            "price": "19.37",
            "revenue": 25919
        },
        "2006-05": {
            "month": "2006-05",
            "price": "20.90",
            "revenue": 25521
        },
        "2006-06": {
            "month": "2006-06",
            "price": "15.76",
            "revenue": 26311
        },
        "2006-07": {
            "month": "2006-07",
            "price": "12.42",
            "revenue": 21814
        },
        "2006-08": {
            "month": "2006-08",
            "price": "11.92",
            "revenue": 23059
        },
        "2006-09": {
            "month": "2006-09",
            "price": "10.50",
            "revenue": 20162
        },
        "2006-10": {
            "month": "2006-10",
            "price": "10.07",
            "revenue": 13801
        },
        "2006-11": {
            "month": "2006-11",
            "price": "10.06",
            "revenue": 12598
        },
        "2006-12": {
            "month": "2006-12",
            "price": "11.81",
            "revenue": 11812
        },
        "2007-01": {
            "month": "2007-01",
            "price": "15.91",
            "revenue": 6215
        },
        "2007-02": {
            "month": "2007-02",
            "price": "14.30",
            "revenue": 7869
        },
        "2007-03": {
            "month": "2007-03",
            "price": "14.50",
            "revenue": 8631
        },
        "2007-04": {
            "month": "2007-04",
            "price": "16.66",
            "revenue": 11178
        },
        "2007-05": {
            "month": "2007-05",
            "price": "16.49",
            "revenue": 12000
        },
        "2007-06": {
            "month": "2007-06",
            "price": "21.16",
            "revenue": 11029
        },
        "2007-07": {
            "month": "2007-07",
            "price": "48.53",
            "revenue": 14471
        },
        "2007-08": {
            "month": "2007-08",
            "price": "39.73",
            "revenue": 12833
        },
        "2007-09": {
            "month": "2007-09",
            "price": "39.89",
            "revenue": 14638
        },
        "2007-10": {
            "month": "2007-10",
            "price": "39.10",
            "revenue": 18467
        },
        "2007-11": {
            "month": "2007-11",
            "price": "32.60",
            "revenue": 16022
        },
        "2007-12": {
            "month": "2007-12",
            "price": "29.58",
            "revenue": 13641
        },
        "2008-01": {
            "month": "2008-01",
            "price": "24.77",
            "revenue": 18375
        },
        "2008-02": {
            "month": "2008-02",
            "price": "27.25",
            "revenue": 11877
        },
        "2008-03": {
            "month": "2008-03",
            "price": "30.55",
            "revenue": 43174
        },
        "2008-04": {
            "month": "2008-04",
            "price": "35.09",
            "revenue": 63040
        },
        "2008-05": {
            "month": "2008-05",
            "price": "40.27",
            "revenue": 52167
        },
        "2008-06": {
            "month": "2008-06",
            "price": "31.76",
            "revenue": 54527
        },
        "2008-07": {
            "month": "2008-07",
            "price": "28.38",
            "revenue": 50712
        },
        "2008-08": {
            "month": "2008-08",
            "price": "28.88",
            "revenue": 46665
        },
        "2008-09": {
            "month": "2008-09",
            "price": "21.07",
            "revenue": 46304
        },
        "2008-10": {
            "month": "2008-10",
            "price": "20.42",
            "revenue": 51158
        },
        "2008-11": {
            "month": "2008-11",
            "price": "21.61",
            "revenue": 43712
        },
        "2008-12": {
            "month": "2008-12",
            "price": "20.24",
            "revenue": 46124
        },
        "2009-01": {
            "month": "2009-01",
            "price": "20.45",
            "revenue": 49150
        },
        "2009-02": {
            "month": "2009-02",
            "price": "20.60",
            "revenue": 38963
        },
        "2009-03": {
            "month": "2009-03",
            "price": "24.20",
            "revenue": 62188
        },
        "2009-04": {
            "month": "2009-04",
            "price": "35.28",
            "revenue": 65217
        },
        "2009-05": {
            "month": "2009-05",
            "price": "31.67",
            "revenue": 56231
        },
        "2009-06": {
            "month": "2009-06",
            "price": "30.34",
            "revenue": 46351
        },
        "2009-07": {
            "month": "2009-07",
            "price": "36.33",
            "revenue": 54633
        },
        "2009-08": {
            "month": "2009-08",
            "price": "35.70",
            "revenue": 47784
        },
        "2009-09": {
            "month": "2009-09",
            "price": "34.08",
            "revenue": 66386
        },
        "2009-10": {
            "month": "2009-10",
            "price": "34.30",
            "revenue": 72438
        },
        "2009-11": {
            "month": "2009-11",
            "price": "32.60",
            "revenue": 79437
        },
        "2009-12": {
            "month": "2009-12",
            "price": "44.55",
            "revenue": 98850
        },
        "2010-01": {
            "month": "2010-01",
            "price": "41.59",
            "revenue": 83550
        },
        "2010-02": {
            "month": "2010-02",
            "price": "36.62",
            "revenue": 70938
        },
        "2010-03": {
            "month": "2010-03",
            "price": "42.13",
            "revenue": 86925
        },
        "2010-04": {
            "month": "2010-04",
            "price": "48.19",
            "revenue": 94917
        },
        "2010-05": {
            "month": "2010-05",
            "price": "45.05",
            "revenue": 94179
        },
        "2010-06": {
            "month": "2010-06",
            "price": "47.74",
            "revenue": 77368
        },
        "2010-07": {
            "month": "2010-07",
            "price": "52.36",
            "revenue": 80224
        },
        "2010-08": {
            "month": "2010-08",
            "price": "54.68",
            "revenue": 95651
        },
        "2010-09": {
            "month": "2010-09",
            "price": "53.61",
            "revenue": 93917
        },
        "2010-10": {
            "month": "2010-10",
            "price": "50.90",
            "revenue": 118864
        },
        "2010-11": {
            "month": "2010-11",
            "price": "46.45",
            "revenue": 114342
        },
        "2010-12": {
            "month": "2010-12",
            "price": "49.64",
            "revenue": 69265
        },
        "2011-01": {
            "month": "2011-01",
            "price": "49.34",
            "revenue": 109331
        },
        "2011-02": {
            "month": "2011-02",
            "price": "48.07",
            "revenue": 74959
        },
        "2011-03": {
            "month": "2011-03",
            "price": "44.78",
            "revenue": 134421
        },
        "2011-04": {
            "month": "2011-04",
            "price": "48.33",
            "revenue": 134537
        },
        "2011-05": {
            "month": "2011-05",
            "price": "47.61",
            "revenue": 83101
        },
        "2011-06": {
            "month": "2011-06",
            "price": "40.94",
            "revenue": 96161
        },
        "2011-07": {
            "month": "2011-07",
            "price": "40.94",
            "revenue": 89400
        },
        "2011-08": {
            "month": "2011-08",
            "price": "34.57",
            "revenue": 84417
        },
        "2011-09": {
            "month": "2011-09",
            "price": "31.00",
            "revenue": 90005
        },
        "2011-10": {
            "month": "2011-10",
            "price": "29.22",
            "revenue": 92806
        },
        "2011-11": {
            "month": "2011-11",
            "price": "26.78",
            "revenue": 92642
        },
        "2011-12": {
            "month": "2011-12",
            "price": "27.75",
            "revenue": 112912
        },
        "2012-01": {
            "month": "2012-01",
            "price": "38.23",
            "revenue": 105694
        },
        "2012-02": {
            "month": "2012-02",
            "price": "40.54",
            "revenue": 93439
        },
        "2012-03": {
            "month": "2012-03",
            "price": "38.76",
            "revenue": 102187
        },
        "2012-04": {
            "month": "2012-04",
            "price": "35.51",
            "revenue": 111423
        },
        "2012-05": {
            "month": "2012-05",
            "price": "35.33",
            "revenue": 119818
        },
        "2012-06": {
            "month": "2012-06",
            "price": "35.81",
            "revenue": 100497
        },
        "2012-07": {
            "month": "2012-07",
            "price": "35.87",
            "revenue": 88066
        },
        "2012-08": {
            "month": "2012-08",
            "price": "35.30",
            "revenue": 91481
        },
        "2012-09": {
            "month": "2012-09",
            "price": "34.57",
            "revenue": 98300
        },
        "2012-10": {
            "month": "2012-10",
            "price": "33.64",
            "revenue": 94309
        },
        "2012-11": {
            "month": "2012-11",
            "price": "28.84",
            "revenue": 97234
        },
        "2012-12": {
            "month": "2012-12",
            "price": "33.77",
            "revenue": 70565
        },
        "2013-01": {
            "month": "2013-01",
            "price": "35.08",
            "revenue": 105007
        },
        "2013-02": {
            "month": "2013-02",
            "price": "36.39",
            "revenue": 72977
        },
        "2013-03": {
            "month": "2013-03",
            "price": "35.87",
            "revenue": 101591
        },
        "2013-04": {
            "month": "2013-04",
            "price": "34.13",
            "revenue": 112444
        },
        "2013-05": {
            "month": "2013-05",
            "price": "35.81",
            "revenue": 83801
        },
        "2013-06": {
            "month": "2013-06",
            "price": "34.73",
            "revenue": 81943
        },
        "2013-07": {
            "month": "2013-07",
            "price": "32.58",
            "revenue": 86412
        },
        "2013-08": {
            "month": "2013-08",
            "price": "32.14",
            "revenue": 93222
        },
        "2013-09": {
            "month": "2013-09",
            "price": "32.82",
            "revenue": 93055
        },
        "2013-10": {
            "month": "2013-10",
            "price": "33.16",
            "revenue": 106466
        },
        "2013-11": {
            "month": "2013-11",
            "price": "31.95",
            "revenue": 133107
        },
        "2013-12": {
            "month": "2013-12",
            "price": "30.89",
            "revenue": 98676
        },
        "2014-01": {
            "month": "2014-01",
            "price": "31.38",
            "revenue": 137031
        },
        "2014-02": {
            "month": "2014-02",
            "price": "31.76",
            "revenue": 74869
        },
        "2014-03": {
            "month": "2014-03",
            "price": "32.47",
            "revenue": 97691
        },
        "2014-04": {
            "month": "2014-04",
            "price": "31.10",
            "revenue": 140646
        },
        "2014-05": {
            "month": "2014-05",
            "price": "32.41",
            "revenue": 117663
        },
        "2014-06": {
            "month": "2014-06",
            "price": "32.76",
            "revenue": 100078
        },
        "2014-07": {
            "month": "2014-07",
            "price": "33.60",
            "revenue": 106190
        },
        "2014-08": {
            "month": "2014-08",
            "price": "29.94",
            "revenue": 111937
        },
        "2014-09": {
            "month": "2014-09",
            "price": "28.68",
            "revenue": 113785
        },
        "2014-10": {
            "month": "2014-10",
            "price": "26.88",
            "revenue": 131278
        },
        "2014-11": {
            "month": "2014-11",
            "price": "26.21",
            "revenue": 149046
        },
        "2014-12": {
            "month": "2014-12",
            "price": "28.30",
            "revenue": 121703
        },
        "2015-01": {
            "month": "2015-01",
            "price": "27.42",
            "revenue": 115894
        },
        "2015-02": {
            "month": "2015-02",
            "price": "26.38",
            "revenue": 115766
        },
        "2015-03": {
            "month": "2015-03",
            "price": "26.97",
            "revenue": 114787
        },
        "2015-04": {
            "month": "2015-04",
            "price": "26.18",
            "revenue": 129339
        },
        "2015-05": {
            "month": "2015-05",
            "price": "24.68",
            "revenue": 137864
        },
        "2015-06": {
            "month": "2015-06",
            "price": "23.52",
            "revenue": 126014
        },
        "2015-07": {
            "month": "2015-07",
            "price": "24.85",
            "revenue": 123179
        },
        "2015-08": {
            "month": "2015-08",
            "price": "25.02",
            "revenue": 128070
        },
        "2015-09": {
            "month": "2015-09",
            "price": "26.02",
            "revenue": 123672
        },
        "2015-10": {
            "month": "2015-10",
            "price": "26.85",
            "revenue": 155997
        },
        "2015-11": {
            "month": "2015-11",
            "price": "27.28",
            "revenue": 128749
        },
        "2015-12": {
            "month": "2015-12",
            "price": "27.58",
            "revenue": 121846
        },
        "2016-01": {
            "month": "2016-01",
            "price": "25.38",
            "revenue": 131287
        },
        "2016-02": {
            "month": "2016-02",
            "price": "25.78",
            "revenue": 111790
        },
        "2016-03": {
            "month": "2016-03",
            "price": "26.39",
            "revenue": 127059
        },
        "2016-04": {
            "month": "2016-04",
            "price": "25.40",
            "revenue": 138137
        },
        "2016-05": {
            "month": "2016-05",
            "price": "24.28",
            "revenue": 137003
        },
        "2016-06": {
            "month": "2016-06",
            "price": "24.32",
            "revenue": 119972
        },
        "2016-07": {
            "month": "2016-07",
            "price": "25.71",
            "revenue": 113515
        },
        "2016-08": {
            "month": "2016-08",
            "price": "24.70",
            "revenue": 125433
        },
        "2016-09": {
            "month": "2016-09",
            "price": "24.02",
            "revenue": 119541
        },
        "2016-10": {
            "month": "2016-10",
            "price": "23.58",
            "revenue": 143680
        },
        "2016-11": {
            "month": "2016-11",
            "price": "22.37",
            "revenue": 131002
        },
        "2016-12": {
            "month": "2016-12",
            "price": "22.35",
            "revenue": 123293
        },
        "2017-01": {
            "month": "2017-01",
            "price": "22.63",
            "revenue": 122316
        },
        "2017-02": {
            "month": "2017-02",
            "price": "22.68",
            "revenue": 101123
        },
        "2017-03": {
            "month": "2017-03",
            "price": "22.91",
            "revenue": 112890
        },
        "2017-04": {
            "month": "2017-04",
            "price": "21.43",
            "revenue": 122002
        },
        "2017-05": {
            "month": "2017-05",
            "price": "23.02",
            "revenue": 116517
        },
        "2017-06": {
            "month": "2017-06",
            "price": "23.83",
            "revenue": 101603
        },
        "2017-07": {
            "month": "2017-07",
            "price": "23.25",
            "revenue": 107266
        },
        "2017-08": {
            "month": "2017-08",
            "price": "22.06",
            "revenue": 117948
        },
        "2017-09": {
            "month": "2017-09",
            "price": "21.51",
            "revenue": 120425
        },
        "2017-10": {
            "month": "2017-10",
            "price": "21.11",
            "revenue": 129112
        },
        "2017-11": {
            "month": "2017-11",
            "price": "21.45",
            "revenue": 147452
        },
        "2017-12": {
            "month": "2017-12",
            "price": "21.98",
            "revenue": 114152
        },
        "2018-01": {
            "month": "2018-01",
            "price": "22.39",
            "revenue": 117273
        },
        "2018-02": {
            "month": "2018-02",
            "price": "20.66",
            "revenue": 110863
        },
        "2018-03": {
            "month": "2018-03",
            "price": "21.24",
            "revenue": 116645
        },
        "2018-04": {
            "month": "2018-04",
            "price": "20.85",
            "revenue": 123232
        },
        "2018-05": {
            "month": "2018-05",
            "price": "20.42",
            "revenue": 122761
        },
        "2018-06": {
            "month": "2018-06",
            "price": "20.88",
            "revenue": 109596
        },
        "2018-07": {
            "month": "2018-07",
            "price": "20.25",
            "revenue": 109790
        },
        "2018-08": {
            "month": "2018-08",
            "price": "18.59",
            "revenue": 118839
        },
        "2018-09": {
            "month": "2018-09",
            "price": "17.76",
            "revenue": 116414
        },
        "2018-10": {
            "month": "2018-10",
            "price": "17.45",
            "revenue": 137001
        },
        "2018-11": {
            "month": "2018-11",
            "price": "16.28",
            "revenue": 142217
        },
        "2018-12": {
            "month": "2018-12",
            "price": "13.02",
            "revenue": 123546
        },
        "2019-01": {
            "month": "2019-01",
            "price": "14.11",
            "revenue": 126149
        },
        "2019-02": {
            "month": "2019-02",
            "price": "14.66",
            "revenue": 100562
        },
        "2019-03": {
            "month": "2019-03",
            "price": "15.68",
            "revenue": 120540
        },
        "2019-04": {
            "month": "2019-04",
            "price": "14.99",
            "revenue": 120568
        },
        "2019-05": {
            "month": "2019-05",
            "price": "13.98",
            "revenue": 116997
        },
        "2019-06": {
            "month": "2019-06",
            "price": "13.59",
            "revenue": 111171
        },
        "2019-07": {
            "month": "2019-07",
            "price": "13.88",
            "revenue": 115651
        },
        "2019-08": {
            "month": "2019-08",
            "price": "13.48",
            "revenue": 128171
        },
        "2019-09": {
            "month": "2019-09",
            "price": "14.06",
            "revenue": 119971
        },
        "2019-10": {
            "month": "2019-10",
            "price": "13.40",
            "revenue": 140701
        },
        "2019-11": {
            "month": "2019-11",
            "price": "13.71",
            "revenue": 144200
        },
        "2019-12": {
            "month": "2019-12",
            "price": "14.61",
            "revenue": 121622
        },
        "2020-01": {
            "month": "2020-01",
            "price": "14.22",
            "revenue": 130711
        },
        "2020-02": {
            "month": "2020-02",
            "price": "14.23",
            "revenue": 132948
        },
        "2020-03": {
            "month": "2020-03",
            "price": "13.43",
            "revenue": 152975
        },
        "2020-04": {
            "month": "2020-04",
            "price": "16.35",
            "revenue": 150372
        },
        "2020-05": {
            "month": "2020-05",
            "price": "26.38",
            "revenue": 122116
        },
        "2020-06": {
            "month": "2020-06",
            "price": "47.69",
            "revenue": 119129
        },
        "2020-07": {
            "month": "2020-07",
            "price": "94.62",
            "revenue": 116238
        },
        "2020-08": {
            "month": "2020-08",
            "price": "87.76",
            "revenue": 135405
        },
        "2020-09": {
            "month": "2020-09",
            "price": "80.61",
            "revenue": 138067
        },
        "2020-10": {
            "month": "2020-10",
            "price": "78.93",
            "revenue": 128972
        },
        "2020-11": {
            "month": "2020-11",
            "price": "70.45",
            "revenue": 142513
        },
        "2020-12": {
            "month": "2020-12",
            "price": "66.25",
            "revenue": 134134
        },
        "2021-01": {
            "month": "2021-01",
            "price": "59.36",
            "revenue": 132218
        },
        "2021-02": {
            "month": "2021-02",
            "price": "62.96",
            "revenue": 118906
        },
        "2021-03": {
            "month": "2021-03",
            "price": "69.01",
            "revenue": 141507
        },
        "2021-04": {
            "month": "2021-04",
            "price": "64.79",
            "revenue": 122641
        },
        "2021-05": {
            "month": "2021-05",
            "price": "59.18",
            "revenue": 183613
        },
        "2021-06": {
            "month": "2021-06",
            "price": "60.08",
            "revenue": 180419
        },
        "2021-07": {
            "month": "2021-07",
            "price": "58.03",
            "revenue": 158157
        },
        "2021-08": {
            "month": "2021-08",
            "price": "55.19",
            "revenue": 152871
        },
        "2021-09": {
            "month": "2021-09",
            "price": "56.54",
            "revenue": 148292
        },
        "2021-10": {
            "month": "2021-10",
            "price": "56.91",
            "revenue": 149371
        },
        "2021-11": {
            "month": "2021-11",
            "price": "61.90",
            "revenue": 153615
        },
        "2021-12": {
            "month": "2021-12",
            "price": "67.92",
            "revenue": 140016
        },
        "2022-01": {
            "month": "2022-01",
            "price": "63.13",
            "revenue": 159592
        },
        "2022-02": {
            "month": "2022-02",
            "price": "64.38",
            "revenue": 109685
        },
        "2022-03": {
            "month": "2022-03",
            "price": "61.28",
            "revenue": 132714
        },
        "2022-04": {
            "month": "2022-04",
            "price": "59.75",
            "revenue": 197972
        },
        "2022-05": {
            "month": "2022-05",
            "price": "57.20",
            "revenue": 150306
        },
        "2022-06": {
            "month": "2022-06",
            "price": "59.15",
            "revenue": 135027
        },
        "2022-07": {
            "month": "2022-07",
            "price": "55.15",
            "revenue": 129957
        },
        "2022-08": {
            "month": "2022-08",
            "price": "60.25",
            "revenue": 128625
        },
        "2022-09": {
            "month": "2022-09",
            "price": "73.20",
            "revenue": 128004
        },
        "2022-10": {
            "month": "2022-10",
            "price": "58.68",
            "revenue": 154498
        },
        "2022-11": {
            "month": "2022-11",
            "price": "62.12",
            "revenue": 153294
        },
        "2022-12": {
            "month": "2022-12",
            "price": "65.42",
            "revenue": 142174
        },
        "2023-01": {
            "month": "2023-01",
            "price": "62.21",
            "revenue": 139371
        },
        "2023-02": {
            "month": "2023-02",
            "price": "66.43",
            "revenue": 105519
        },
        "2023-03": {
            "month": "2023-03",
            "price": "64.75",
            "revenue": 142696
        },
        "2023-04": {
            "month": "2023-04",
            "price": "65.16",
            "revenue": 134222
        },
        "2023-05": {
            "month": "2023-05",
            "price": "60.35",
            "revenue": 118371
        }
    }
}
