{
    "summary": {
        "stock_name": "聯合",
        "stock_id": "4129",
        "category": "生技醫療",
        "main_business": "骨科用人工植入物：包括人工關節、人工骨板、骨釘、骨針等。",
        "website_url": "https://tw.unitedorthopedic.com/",
        "ceo": "林延生",
        "pe_ratio": 25,
        "report_year_from": 2001,
        "report_year_to": 2023,
        "age": 23,
        "eps_negative_percentage": 10,
        "eps_growth_avg": {
            "last_all": -7.28,
            "last_2y": 15.5,
            "last_4y": 1.37,
            "last_8y": 2.72,
            "last_12y": 8.38,
            "last_16y": -1.51,
            "last_20y": null,
            "at_2006_last_3y": null,
            "at_2007_last_3y": -52.1,
            "at_2008_last_3y": -85.26,
            "at_2009_last_3y": -98.25,
            "at_2010_last_3y": -65.77,
            "at_2011_last_3y": 16.47,
            "at_2012_last_3y": -2.09,
            "at_2013_last_3y": -11.76,
            "at_2014_last_3y": 21.12,
            "at_2015_last_3y": 17.75,
            "at_2016_last_3y": 25.03,
            "at_2017_last_3y": 32.18,
            "at_2018_last_3y": 4.4,
            "at_2019_last_3y": -16,
            "at_2020_last_3y": -15.74,
            "at_2021_last_3y": -28.53,
            "at_2022_last_3y": -0.75,
            "at_2023_last_3y": 9.37,
            "at_2024_last_3y": 9.37,
            "at_2006_last_all": -36.14,
            "at_2007_last_all": -52.1,
            "at_2008_last_all": -52.1,
            "at_2009_last_all": -52.1,
            "at_2010_last_all": -47.99,
            "at_2011_last_all": -29.24,
            "at_2012_last_all": -30.67,
            "at_2013_last_all": -31.93,
            "at_2014_last_all": -17.27,
            "at_2015_last_all": -10.45,
            "at_2016_last_all": -10.41,
            "at_2017_last_all": -10.56,
            "at_2018_last_all": -10.6,
            "at_2019_last_all": -12.03,
            "at_2020_last_all": -11.83,
            "at_2021_last_all": -15.05,
            "at_2022_last_all": -8.29,
            "at_2023_last_all": -7.28,
            "at_2024_last_all": -7.28
        },
        "latest_eps": 3.96,
        "latest_price": 98.3,
        "latest_roe": 11.19,
        "latest_gross_margin": 78,
        "latest_equity": 3243599,
        "latest_revenue": 934365,
        "latest_gross_profit": 728804,
        "latest_net_income": 113007,
        "latest_debt_ratio": 47.5,
        "latest_current_ratio": 188.03,
        "latest_account_receivable_turnover_ratio": 1,
        "latest_inventory_turnover_ratio": 0.13,
        "latest_reinvestment_rate": -4.96,
        "latest_research_to_sale_ratio": 3.63
    },
    "eps_dividends": {
        "2001": {
            "cash": 0,
            "stock": 0,
            "eps": 0
        },
        "2002": {
            "cash": 0,
            "stock": 0,
            "eps": 0
        },
        "2003": {
            "cash": 0,
            "stock": 0,
            "eps": 0.95
        },
        "2004": {
            "cash": 0.5,
            "stock": 0,
            "eps": 1.4
        },
        "2005": {
            "cash": 0.75,
            "stock": 0,
            "eps": 0.57
        },
        "2006": {
            "cash": 0.45,
            "stock": 0,
            "eps": 0.02
        },
        "2007": {
            "cash": 0.25,
            "stock": 0,
            "eps": -0.9
        },
        "2008": {
            "cash": 0,
            "stock": 0,
            "eps": -2.4
        },
        "2009": {
            "cash": 0,
            "stock": 0,
            "eps": 1.11
        },
        "2010": {
            "cash": 0.92,
            "stock": 0,
            "eps": 0.76
        },
        "2011": {
            "cash": 0.68,
            "stock": 0,
            "eps": 1.25
        },
        "2012": {
            "cash": 1,
            "stock": 0,
            "eps": 0.76
        },
        "2013": {
            "cash": 0.4,
            "stock": 0,
            "eps": 0.45
        },
        "2014": {
            "cash": 0.47,
            "stock": 0,
            "eps": 1.51
        },
        "2015": {
            "cash": 1.21,
            "stock": 0,
            "eps": 2.28
        },
        "2016": {
            "cash": 1.6,
            "stock": 0,
            "eps": 2.05
        },
        "2017": {
            "cash": 1.39,
            "stock": 0,
            "eps": 1.8
        },
        "2018": {
            "cash": 1.26,
            "stock": 0,
            "eps": 1.6
        },
        "2019": {
            "cash": 2,
            "stock": 0,
            "eps": 1.11
        },
        "2020": {
            "cash": 0.8,
            "stock": 0,
            "eps": 1.01
        },
        "2021": {
            "cash": 0.83,
            "stock": 0,
            "eps": 0.37
        },
        "2022": {
            "cash": 0,
            "stock": 0,
            "eps": 2.84
        },
        "2023": {
            "cash": 2.5,
            "stock": 0,
            "eps": 3.12
        }
    },
    "dividends": {
        "2004-03-25": {
            "cash": 0.5,
            "stock": 0
        },
        "2005-04-26": {
            "cash": 0.75,
            "stock": 0
        },
        "2006-03-17": {
            "cash": 0.45,
            "stock": 0
        },
        "2007-04-24": {
            "cash": 0.25,
            "stock": 0
        },
        "2010-04-26": {
            "cash": 0.92,
            "stock": 0
        },
        "2011-03-31": {
            "cash": 0.68,
            "stock": 0
        },
        "2012-06-12": {
            "cash": 1,
            "stock": 0
        },
        "2013-06-24": {
            "cash": 0.4,
            "stock": 0
        },
        "2014-08-27": {
            "cash": 0.47,
            "stock": 0
        },
        "2015-08-20": {
            "cash": 1.21,
            "stock": 0
        },
        "2016-08-12": {
            "cash": 1.6,
            "stock": 0
        },
        "2017-08-18": {
            "cash": 1.39,
            "stock": 0
        },
        "2018-08-10": {
            "cash": 1.26,
            "stock": 0
        },
        "2019-08-16": {
            "cash": 2,
            "stock": 0
        },
        "2020-08-26": {
            "cash": 0.8,
            "stock": 0
        },
        "2021-10-08": {
            "cash": 0.83,
            "stock": 0
        },
        "2023-08-18": {
            "cash": 2.5,
            "stock": 0
        }
    },
    "prices": {
        "200101": "無",
        "200102": "無",
        "200103": "無",
        "200104": "無",
        "200105": "無",
        "200106": "無",
        "200107": "無",
        "200108": "無",
        "200109": "無",
        "200110": "無",
        "200111": "無",
        "200112": "無",
        "200201": "無",
        "200202": "無",
        "200203": "無",
        "200204": "無",
        "200205": "無",
        "200206": "無",
        "200207": "無",
        "200208": "無",
        "200209": "無",
        "200210": "無",
        "200211": "無",
        "200212": "無",
        "200301": "無",
        "200302": "無",
        "200303": "無",
        "200304": "無",
        "200305": "無",
        "200306": "無",
        "200307": "無",
        "200308": "無",
        "200309": "無",
        "200310": "9.00",
        "200311": "9.00",
        "200312": "9.71",
        "200401": "無",
        "200402": "10.51",
        "200403": "11.21",
        "200404": "12.17",
        "200405": "10.03",
        "200406": "12.21",
        "200407": "12.90",
        "200408": "13.90",
        "200409": "14.38",
        "200410": "13.97",
        "200411": "13.27",
        "200412": "14.02",
        "200501": "15.15",
        "200502": "17.82",
        "200503": "17.76",
        "200504": "17.42",
        "200505": "15.97",
        "200506": "15.22",
        "200507": "14.37",
        "200508": "13.82",
        "200509": "13.71",
        "200510": "13.83",
        "200511": "13.09",
        "200512": "13.10",
        "200601": "13.01",
        "200602": "12.68",
        "200603": "12.28",
        "200604": "12.21",
        "200605": "12.02",
        "200606": "11.61",
        "200607": "11.35",
        "200608": "10.97",
        "200609": "10.21",
        "200610": "10.60",
        "200611": "11.02",
        "200612": "12.55",
        "200701": "16.77",
        "200702": "17.45",
        "200703": "19.37",
        "200704": "28.16",
        "200705": "34.00",
        "200706": "49.88",
        "200707": "73.15",
        "200708": "66.09",
        "200709": "53.88",
        "200710": "49.66",
        "200711": "41.32",
        "200712": "36.31",
        "200801": "34.12",
        "200802": "30.77",
        "200803": "33.83",
        "200804": "40.74",
        "200805": "39.05",
        "200806": "27.47",
        "200807": "24.35",
        "200808": "24.52",
        "200809": "16.76",
        "200810": "14.36",
        "200811": "14.99",
        "200812": "13.16",
        "200901": "12.61",
        "200902": "13.04",
        "200903": "16.46",
        "200904": "29.14",
        "200905": "29.02",
        "200906": "31.10",
        "200907": "42.42",
        "200908": "39.06",
        "200909": "40.17",
        "200910": "39.60",
        "200911": "38.08",
        "200912": "40.43",
        "201001": "38.52",
        "201002": "34.48",
        "201003": "37.37",
        "201004": "39.57",
        "201005": "36.45",
        "201006": "34.72",
        "201007": "45.38",
        "201008": "56.72",
        "201009": "58.55",
        "201010": "56.07",
        "201011": "49.60",
        "201012": "52.16",
        "201101": "49.14",
        "201102": "48.10",
        "201103": "48.84",
        "201104": "53.11",
        "201105": "52.47",
        "201106": "49.04",
        "201107": "48.02",
        "201108": "37.96",
        "201109": "35.03",
        "201110": "33.94",
        "201111": "34.10",
        "201112": "28.95",
        "201201": "30.84",
        "201202": "36.90",
        "201203": "36.82",
        "201204": "35.40",
        "201205": "33.12",
        "201206": "32.49",
        "201207": "38.22",
        "201208": "41.81",
        "201209": "41.98",
        "201210": "39.94",
        "201211": "34.51",
        "201212": "38.10",
        "201301": "40.32",
        "201302": "39.44",
        "201303": "38.66",
        "201304": "37.70",
        "201305": "38.62",
        "201306": "40.39",
        "201307": "39.75",
        "201308": "42.12",
        "201309": "43.86",
        "201310": "43.48",
        "201311": "41.03",
        "201312": "40.50",
        "201401": "43.53",
        "201402": "46.29",
        "201403": "50.33",
        "201404": "52.58",
        "201405": "51.29",
        "201406": "51.14",
        "201407": "55.42",
        "201408": "50.94",
        "201409": "49.57",
        "201410": "45.93",
        "201411": "42.99",
        "201412": "44.20",
        "201501": "47.32",
        "201502": "49.70",
        "201503": "52.81",
        "201504": "52.52",
        "201505": "49.36",
        "201506": "48.42",
        "201507": "56.34",
        "201508": "52.74",
        "201509": "60.42",
        "201510": "64.37",
        "201511": "80.37",
        "201512": "72.01",
        "201601": "67.40",
        "201602": "70.91",
        "201603": "70.33",
        "201604": "71.29",
        "201605": "76.31",
        "201606": "83.68",
        "201607": "85.98",
        "201608": "74.99",
        "201609": "72.58",
        "201610": "69.86",
        "201611": "61.99",
        "201612": "61.25",
        "201701": "61.57",
        "201702": "65.25",
        "201703": "65.79",
        "201704": "66.94",
        "201705": "66.80",
        "201706": "70.60",
        "201707": "68.88",
        "201708": "68.74",
        "201709": "71.93",
        "201710": "68.89",
        "201711": "68.52",
        "201712": "64.88",
        "201801": "63.46",
        "201802": "62.06",
        "201803": "64.86",
        "201804": "68.02",
        "201805": "62.56",
        "201806": "60.70",
        "201807": "56.82",
        "201808": "51.87",
        "201809": "42.61",
        "201810": "38.95",
        "201811": "39.82",
        "201812": "43.71",
        "201901": "46.46",
        "201902": "44.68",
        "201903": "47.76",
        "201904": "49.39",
        "201905": "46.57",
        "201906": "46.17",
        "201907": "47.37",
        "201908": "45.82",
        "201909": "47.34",
        "201910": "45.56",
        "201911": "46.07",
        "201912": "44.46",
        "202001": "42.37",
        "202002": "39.83",
        "202003": "32.24",
        "202004": "31.06",
        "202005": "34.80",
        "202006": "35.76",
        "202007": "36.02",
        "202008": "34.34",
        "202009": "34.10",
        "202010": "33.77",
        "202011": "34.38",
        "202012": "36.40",
        "202101": "34.52",
        "202102": "32.72",
        "202103": "32.96",
        "202104": "36.03",
        "202105": "32.83",
        "202106": "33.74",
        "202107": "33.22",
        "202108": "31.93",
        "202109": "30.12",
        "202110": "30.00",
        "202111": "30.01",
        "202112": "29.94",
        "202201": "31.04",
        "202202": "29.93",
        "202203": "29.47",
        "202204": "29.25",
        "202205": "28.48",
        "202206": "28.32",
        "202207": "28.77",
        "202208": "30.62",
        "202209": "32.12",
        "202210": "30.67",
        "202211": "34.69",
        "202212": "45.04",
        "202301": "45.93",
        "202302": "48.42",
        "202303": "51.97",
        "202304": "60.98",
        "202305": "61.70",
        "202306": "75.16",
        "202307": "73.47",
        "202308": "67.39",
        "202309": "67.75",
        "202310": "64.84",
        "202311": "81.59",
        "202312": "86.86"
    },
    "quarters": {
        "20011": {
            "year_quarter": 20011,
            "year": 2001,
            "quarter": 1,
            "eps": null,
            "eps_growth_year": null,
            "eps_4q": null,
            "eps_4q_growth_year": null,
            "roe": null,
            "roe_4q": 0,
            "gross_profit": null,
            "gross_margin": null,
            "gross_margin_4q_avg": 0,
            "net_income": null,
            "net_income_4q": null,
            "revenue": null,
            "revenue_4q": null,
            "common_shares": null,
            "book_valuer_per_share": null,
            "book_valuer_per_share_4q_avg": 0,
            "equity": null,
            "current_ratio": null,
            "debt_ratio": null,
            "inventory_turnover_ratio": null,
            "account_receivable_turnover_ratio": null,
            "reinvestment_rate": null,
            "research_to_sale_ratio": null,
            "price_fair": 0,
            "eps_avg_yearly": 0,
            "eps_latest_yearly": 0,
            "eps_growth_yearly": 0
        },
        "20012": {
            "year_quarter": 20012,
            "year": 2001,
            "quarter": 2,
            "eps": null,
            "eps_growth_year": null,
            "eps_4q": null,
            "eps_4q_growth_year": null,
            "roe": null,
            "roe_4q": 0,
            "gross_profit": null,
            "gross_margin": null,
            "gross_margin_4q_avg": 0,
            "net_income": null,
            "net_income_4q": null,
            "revenue": null,
            "revenue_4q": null,
            "common_shares": null,
            "book_valuer_per_share": null,
            "book_valuer_per_share_4q_avg": 0,
            "equity": null,
            "current_ratio": null,
            "debt_ratio": null,
            "inventory_turnover_ratio": null,
            "account_receivable_turnover_ratio": null,
            "reinvestment_rate": null,
            "research_to_sale_ratio": null,
            "price_fair": 0,
            "eps_avg_yearly": 0,
            "eps_latest_yearly": 0,
            "eps_growth_yearly": 0
        },
        "20013": {
            "year_quarter": 20013,
            "year": 2001,
            "quarter": 3,
            "eps": null,
            "eps_growth_year": null,
            "eps_4q": null,
            "eps_4q_growth_year": null,
            "roe": null,
            "roe_4q": 0,
            "gross_profit": null,
            "gross_margin": null,
            "gross_margin_4q_avg": 0,
            "net_income": null,
            "net_income_4q": null,
            "revenue": null,
            "revenue_4q": null,
            "common_shares": null,
            "book_valuer_per_share": null,
            "book_valuer_per_share_4q_avg": 0,
            "equity": null,
            "current_ratio": null,
            "debt_ratio": null,
            "inventory_turnover_ratio": null,
            "account_receivable_turnover_ratio": null,
            "reinvestment_rate": null,
            "research_to_sale_ratio": null,
            "price_fair": 0,
            "eps_avg_yearly": 0,
            "eps_latest_yearly": 0,
            "eps_growth_yearly": 0
        },
        "20014": {
            "year_quarter": 20014,
            "year": 2001,
            "quarter": 4,
            "eps": null,
            "eps_growth_year": null,
            "eps_4q": null,
            "eps_4q_growth_year": null,
            "roe": null,
            "roe_4q": 0,
            "gross_profit": null,
            "gross_margin": null,
            "gross_margin_4q_avg": 0,
            "net_income": null,
            "net_income_4q": null,
            "revenue": null,
            "revenue_4q": null,
            "common_shares": 226125,
            "book_valuer_per_share": 10.24,
            "book_valuer_per_share_4q_avg": 2.56,
            "equity": 231566,
            "current_ratio": 238.59,
            "debt_ratio": 35.39,
            "inventory_turnover_ratio": null,
            "account_receivable_turnover_ratio": null,
            "reinvestment_rate": null,
            "research_to_sale_ratio": null,
            "price_fair": 0,
            "eps_avg_yearly": 0,
            "eps_latest_yearly": 0,
            "eps_growth_yearly": 0
        },
        "20021": {
            "year_quarter": 20021,
            "year": 2002,
            "quarter": 1,
            "eps": null,
            "eps_growth_year": null,
            "eps_4q": null,
            "eps_4q_growth_year": null,
            "roe": null,
            "roe_4q": 0,
            "gross_profit": null,
            "gross_margin": null,
            "gross_margin_4q_avg": 0,
            "net_income": null,
            "net_income_4q": null,
            "revenue": null,
            "revenue_4q": null,
            "common_shares": null,
            "book_valuer_per_share": null,
            "book_valuer_per_share_4q_avg": 2.56,
            "equity": null,
            "current_ratio": null,
            "debt_ratio": null,
            "inventory_turnover_ratio": null,
            "account_receivable_turnover_ratio": null,
            "reinvestment_rate": null,
            "research_to_sale_ratio": null,
            "price_fair": 0,
            "eps_avg_yearly": 0,
            "eps_latest_yearly": 0,
            "eps_growth_yearly": 0
        },
        "20022": {
            "year_quarter": 20022,
            "year": 2002,
            "quarter": 2,
            "eps": null,
            "eps_growth_year": null,
            "eps_4q": null,
            "eps_4q_growth_year": null,
            "roe": null,
            "roe_4q": 0,
            "gross_profit": null,
            "gross_margin": null,
            "gross_margin_4q_avg": 0,
            "net_income": null,
            "net_income_4q": null,
            "revenue": null,
            "revenue_4q": null,
            "common_shares": null,
            "book_valuer_per_share": null,
            "book_valuer_per_share_4q_avg": 2.56,
            "equity": null,
            "current_ratio": null,
            "debt_ratio": null,
            "inventory_turnover_ratio": null,
            "account_receivable_turnover_ratio": null,
            "reinvestment_rate": null,
            "research_to_sale_ratio": null,
            "price_fair": 0,
            "eps_avg_yearly": 0,
            "eps_latest_yearly": 0,
            "eps_growth_yearly": 0
        },
        "20023": {
            "year_quarter": 20023,
            "year": 2002,
            "quarter": 3,
            "eps": null,
            "eps_growth_year": null,
            "eps_4q": null,
            "eps_4q_growth_year": null,
            "roe": null,
            "roe_4q": 0,
            "gross_profit": null,
            "gross_margin": null,
            "gross_margin_4q_avg": 0,
            "net_income": null,
            "net_income_4q": null,
            "revenue": null,
            "revenue_4q": null,
            "common_shares": null,
            "book_valuer_per_share": null,
            "book_valuer_per_share_4q_avg": 2.56,
            "equity": null,
            "current_ratio": null,
            "debt_ratio": null,
            "inventory_turnover_ratio": null,
            "account_receivable_turnover_ratio": null,
            "reinvestment_rate": null,
            "research_to_sale_ratio": null,
            "price_fair": 0,
            "eps_avg_yearly": 0,
            "eps_latest_yearly": 0,
            "eps_growth_yearly": 0
        },
        "20024": {
            "year_quarter": 20024,
            "year": 2002,
            "quarter": 4,
            "eps": null,
            "eps_growth_year": null,
            "eps_4q": null,
            "eps_4q_growth_year": null,
            "roe": null,
            "roe_4q": 0,
            "gross_profit": null,
            "gross_margin": null,
            "gross_margin_4q_avg": 0,
            "net_income": null,
            "net_income_4q": null,
            "revenue": null,
            "revenue_4q": null,
            "common_shares": 226125,
            "book_valuer_per_share": 10.63,
            "book_valuer_per_share_4q_avg": 2.66,
            "equity": 240419,
            "current_ratio": 206,
            "debt_ratio": 41.61,
            "inventory_turnover_ratio": null,
            "account_receivable_turnover_ratio": null,
            "reinvestment_rate": null,
            "research_to_sale_ratio": null,
            "price_fair": 0,
            "eps_avg_yearly": 0,
            "eps_latest_yearly": 0,
            "eps_growth_yearly": 0
        },
        "20031": {
            "year_quarter": 20031,
            "year": 2003,
            "quarter": 1,
            "eps": 0.05,
            "eps_growth_year": null,
            "eps_4q": null,
            "eps_4q_growth_year": null,
            "roe": 0.48,
            "roe_4q": 0.48,
            "gross_profit": 39614,
            "gross_margin": 40.28,
            "gross_margin_4q_avg": 10.07,
            "net_income": 1155,
            "net_income_4q": null,
            "revenue": 98349,
            "revenue_4q": null,
            "common_shares": 226125,
            "book_valuer_per_share": 10.68,
            "book_valuer_per_share_4q_avg": 5.33,
            "equity": 241573,
            "current_ratio": 218.49,
            "debt_ratio": 39.58,
            "inventory_turnover_ratio": 0.45,
            "account_receivable_turnover_ratio": null,
            "reinvestment_rate": null,
            "research_to_sale_ratio": null,
            "price_fair": 0,
            "eps_avg_yearly": 0,
            "eps_latest_yearly": 0,
            "eps_growth_yearly": 0
        },
        "20032": {
            "year_quarter": 20032,
            "year": 2003,
            "quarter": 2,
            "eps": 0.18,
            "eps_growth_year": null,
            "eps_4q": null,
            "eps_4q_growth_year": null,
            "roe": 1.63,
            "roe_4q": 2.11,
            "gross_profit": 39602,
            "gross_margin": 42.69,
            "gross_margin_4q_avg": 20.74,
            "net_income": 3958,
            "net_income_4q": null,
            "revenue": 92771,
            "revenue_4q": null,
            "common_shares": 226125,
            "book_valuer_per_share": 10.86,
            "book_valuer_per_share_4q_avg": 8.04,
            "equity": 245532,
            "current_ratio": 243.17,
            "debt_ratio": 36.27,
            "inventory_turnover_ratio": 0.42,
            "account_receivable_turnover_ratio": null,
            "reinvestment_rate": null,
            "research_to_sale_ratio": null,
            "price_fair": 25.2,
            "eps_avg_yearly": 0.72,
            "eps_latest_yearly": 0.72,
            "eps_growth_yearly": 1040
        },
        "20033": {
            "year_quarter": 20033,
            "year": 2003,
            "quarter": 3,
            "eps": 0.36,
            "eps_growth_year": null,
            "eps_4q": null,
            "eps_4q_growth_year": null,
            "roe": 3.3,
            "roe_4q": 5.41,
            "gross_profit": 52540,
            "gross_margin": 44.18,
            "gross_margin_4q_avg": 31.79,
            "net_income": 8233,
            "net_income_4q": null,
            "revenue": 118921,
            "revenue_4q": null,
            "common_shares": 226125,
            "book_valuer_per_share": 11.22,
            "book_valuer_per_share_4q_avg": 10.85,
            "equity": 253764,
            "current_ratio": 228.69,
            "debt_ratio": 38.53,
            "inventory_turnover_ratio": 0.53,
            "account_receivable_turnover_ratio": null,
            "reinvestment_rate": null,
            "research_to_sale_ratio": null,
            "price_fair": 37.8,
            "eps_avg_yearly": 1.08,
            "eps_latest_yearly": 1.44,
            "eps_growth_yearly": 720
        },
        "20034": {
            "year_quarter": 20034,
            "year": 2003,
            "quarter": 4,
            "eps": 0.36,
            "eps_growth_year": null,
            "eps_4q": 0.94,
            "eps_4q_growth_year": null,
            "roe": 3.2,
            "roe_4q": 8.61,
            "gross_profit": 53220,
            "gross_margin": 48.24,
            "gross_margin_4q_avg": 43.85,
            "net_income": 8245,
            "net_income_4q": null,
            "revenue": 110314,
            "revenue_4q": null,
            "common_shares": 226125,
            "book_valuer_per_share": 11.59,
            "book_valuer_per_share_4q_avg": 11.09,
            "equity": 262010,
            "current_ratio": 232.33,
            "debt_ratio": 36.74,
            "inventory_turnover_ratio": 0.47,
            "account_receivable_turnover_ratio": null,
            "reinvestment_rate": null,
            "research_to_sale_ratio": null,
            "price_fair": 42,
            "eps_avg_yearly": 1.2,
            "eps_latest_yearly": 1.44,
            "eps_growth_yearly": 480
        },
        "20041": {
            "year_quarter": 20041,
            "year": 2004,
            "quarter": 1,
            "eps": 0.26,
            "eps_growth_year": 420,
            "eps_4q": 1.17,
            "eps_4q_growth_year": null,
            "roe": 2.2,
            "roe_4q": 10.329999999999998,
            "gross_profit": 51077,
            "gross_margin": 42.76,
            "gross_margin_4q_avg": 44.47,
            "net_income": 5815,
            "net_income_4q": null,
            "revenue": 119459,
            "revenue_4q": null,
            "common_shares": 226125,
            "book_valuer_per_share": 11.84,
            "book_valuer_per_share_4q_avg": 11.38,
            "equity": 267824,
            "current_ratio": 247.49,
            "debt_ratio": 35.57,
            "inventory_turnover_ratio": 0.57,
            "account_receivable_turnover_ratio": null,
            "reinvestment_rate": null,
            "research_to_sale_ratio": null,
            "price_fair": 40.6,
            "eps_avg_yearly": 1.16,
            "eps_latest_yearly": 1.04,
            "eps_growth_yearly": 332.22
        },
        "20042": {
            "year_quarter": 20042,
            "year": 2004,
            "quarter": 2,
            "eps": 0.37,
            "eps_growth_year": 105.56,
            "eps_4q": 1.36,
            "eps_4q_growth_year": null,
            "roe": 3.15,
            "roe_4q": 11.850000000000001,
            "gross_profit": 54659,
            "gross_margin": 44.34,
            "gross_margin_4q_avg": 44.88,
            "net_income": 8331,
            "net_income_4q": null,
            "revenue": 123268,
            "revenue_4q": null,
            "common_shares": 226125,
            "book_valuer_per_share": 11.54,
            "book_valuer_per_share_4q_avg": 11.55,
            "equity": 260880,
            "current_ratio": 281.29,
            "debt_ratio": 39.03,
            "inventory_turnover_ratio": 0.57,
            "account_receivable_turnover_ratio": null,
            "reinvestment_rate": null,
            "research_to_sale_ratio": null,
            "price_fair": 42.84,
            "eps_avg_yearly": 1.22,
            "eps_latest_yearly": 1.48,
            "eps_growth_yearly": 299.62
        },
        "20043": {
            "year_quarter": 20043,
            "year": 2004,
            "quarter": 3,
            "eps": 0.46,
            "eps_growth_year": 27.78,
            "eps_4q": 1.44,
            "eps_4q_growth_year": null,
            "roe": 3.68,
            "roe_4q": 12.23,
            "gross_profit": 54755,
            "gross_margin": 45.17,
            "gross_margin_4q_avg": 45.13,
            "net_income": 10477,
            "net_income_4q": null,
            "revenue": 121224,
            "revenue_4q": null,
            "common_shares": 254625,
            "book_valuer_per_share": 12.11,
            "book_valuer_per_share_4q_avg": 11.77,
            "equity": 308407,
            "current_ratio": 307.54,
            "debt_ratio": 35.86,
            "inventory_turnover_ratio": 0.51,
            "account_receivable_turnover_ratio": null,
            "reinvestment_rate": null,
            "research_to_sale_ratio": null,
            "price_fair": 46.43,
            "eps_avg_yearly": 1.33,
            "eps_latest_yearly": 1.84,
            "eps_growth_yearly": 265.9
        },
        "20044": {
            "year_quarter": 20044,
            "year": 2004,
            "quarter": 4,
            "eps": 0.31,
            "eps_growth_year": -13.89,
            "eps_4q": 1.38,
            "eps_4q_growth_year": 46.6,
            "roe": 2.28,
            "roe_4q": 11.309999999999999,
            "gross_profit": 57285,
            "gross_margin": 44.54,
            "gross_margin_4q_avg": 44.2,
            "net_income": 7120,
            "net_income_4q": null,
            "revenue": 128607,
            "revenue_4q": null,
            "common_shares": 254625,
            "book_valuer_per_share": 12.39,
            "book_valuer_per_share_4q_avg": 11.97,
            "equity": 315526,
            "current_ratio": 274.95,
            "debt_ratio": 40.21,
            "inventory_turnover_ratio": 0.49,
            "account_receivable_turnover_ratio": null,
            "reinvestment_rate": null,
            "research_to_sale_ratio": null,
            "price_fair": 46,
            "eps_avg_yearly": 1.31,
            "eps_latest_yearly": 1.24,
            "eps_growth_yearly": 209.28
        },
        "20051": {
            "year_quarter": 20051,
            "year": 2005,
            "quarter": 1,
            "eps": 0.12,
            "eps_growth_year": -53.85,
            "eps_4q": 1.14,
            "eps_4q_growth_year": -2.49,
            "roe": 0.96,
            "roe_4q": 10.07,
            "gross_profit": 44970,
            "gross_margin": 41.49,
            "gross_margin_4q_avg": 43.89,
            "net_income": 3037,
            "net_income_4q": null,
            "revenue": 108395,
            "revenue_4q": null,
            "common_shares": 254625,
            "book_valuer_per_share": 12.49,
            "book_valuer_per_share_4q_avg": 12.13,
            "equity": 318027,
            "current_ratio": 204.78,
            "debt_ratio": 44.51,
            "inventory_turnover_ratio": 0.41,
            "account_receivable_turnover_ratio": null,
            "reinvestment_rate": null,
            "research_to_sale_ratio": null,
            "price_fair": 42.35,
            "eps_avg_yearly": 1.21,
            "eps_latest_yearly": 0.48,
            "eps_growth_yearly": 152.48
        },
        "20052": {
            "year_quarter": 20052,
            "year": 2005,
            "quarter": 2,
            "eps": 0.35,
            "eps_growth_year": -5.41,
            "eps_4q": 1.17,
            "eps_4q_growth_year": -14.17,
            "roe": 2.84,
            "roe_4q": 9.76,
            "gross_profit": 52617,
            "gross_margin": 43.31,
            "gross_margin_4q_avg": 43.63,
            "net_income": 8835,
            "net_income_4q": null,
            "revenue": 121476,
            "revenue_4q": null,
            "common_shares": 254625,
            "book_valuer_per_share": 11.94,
            "book_valuer_per_share_4q_avg": 12.23,
            "equity": 304030,
            "current_ratio": 150.39,
            "debt_ratio": 52.14,
            "inventory_turnover_ratio": 0.44,
            "account_receivable_turnover_ratio": null,
            "reinvestment_rate": null,
            "research_to_sale_ratio": null,
            "price_fair": 43.09,
            "eps_avg_yearly": 1.23,
            "eps_latest_yearly": 1.4,
            "eps_growth_yearly": 220.72
        },
        "20053": {
            "year_quarter": 20053,
            "year": 2005,
            "quarter": 3,
            "eps": 0.15,
            "eps_growth_year": -67.39,
            "eps_4q": 0.92,
            "eps_4q_growth_year": -36.32,
            "roe": 1.2,
            "roe_4q": 7.279999999999999,
            "gross_profit": 48448,
            "gross_margin": 42.39,
            "gross_margin_4q_avg": 42.93,
            "net_income": 3705,
            "net_income_4q": null,
            "revenue": 114279,
            "revenue_4q": null,
            "common_shares": 254625,
            "book_valuer_per_share": 12.3,
            "book_valuer_per_share_4q_avg": 12.28,
            "equity": 313302,
            "current_ratio": 157.19,
            "debt_ratio": 52.34,
            "inventory_turnover_ratio": 0.42,
            "account_receivable_turnover_ratio": null,
            "reinvestment_rate": null,
            "research_to_sale_ratio": null,
            "price_fair": 40.88,
            "eps_avg_yearly": 1.17,
            "eps_latest_yearly": 0.6,
            "eps_growth_yearly": 175.79
        },
        "20054": {
            "year_quarter": 20054,
            "year": 2005,
            "quarter": 4,
            "eps": -0.05,
            "eps_growth_year": -116.13,
            "eps_4q": 0.57,
            "eps_4q_growth_year": -58.76,
            "roe": -0.37,
            "roe_4q": 4.63,
            "gross_profit": 65909,
            "gross_margin": 44.47,
            "gross_margin_4q_avg": 42.92,
            "net_income": -1164,
            "net_income_4q": null,
            "revenue": 148224,
            "revenue_4q": null,
            "common_shares": 254625,
            "book_valuer_per_share": 12.21,
            "book_valuer_per_share_4q_avg": 12.24,
            "equity": 310977,
            "current_ratio": 203.34,
            "debt_ratio": 51.64,
            "inventory_turnover_ratio": 0.48,
            "account_receivable_turnover_ratio": null,
            "reinvestment_rate": null,
            "research_to_sale_ratio": null,
            "price_fair": 40.88,
            "eps_avg_yearly": 1.17,
            "eps_latest_yearly": 0.6,
            "eps_growth_yearly": 175.79
        },
        "20061": {
            "year_quarter": 20061,
            "year": 2006,
            "quarter": 1,
            "eps": -0.05,
            "eps_growth_year": -141.67,
            "eps_4q": 0.38,
            "eps_4q_growth_year": -66.66,
            "roe": -0.43,
            "roe_4q": 3.2399999999999998,
            "gross_profit": 56300,
            "gross_margin": 44.31,
            "gross_margin_4q_avg": 43.62,
            "net_income": -1318,
            "net_income_4q": null,
            "revenue": 127072,
            "revenue_4q": null,
            "common_shares": 254625,
            "book_valuer_per_share": 12.14,
            "book_valuer_per_share_4q_avg": 12.15,
            "equity": 309154,
            "current_ratio": 183.33,
            "debt_ratio": 52.7,
            "inventory_turnover_ratio": 0.42,
            "account_receivable_turnover_ratio": null,
            "reinvestment_rate": null,
            "research_to_sale_ratio": null,
            "price_fair": 40.88,
            "eps_avg_yearly": 1.17,
            "eps_latest_yearly": 0.6,
            "eps_growth_yearly": 175.79
        },
        "20062": {
            "year_quarter": 20062,
            "year": 2006,
            "quarter": 2,
            "eps": -0.14,
            "eps_growth_year": -140,
            "eps_4q": -0.09,
            "eps_4q_growth_year": -107.86,
            "roe": -1.18,
            "roe_4q": -0.78,
            "gross_profit": 47414,
            "gross_margin": 41.08,
            "gross_margin_4q_avg": 43.06,
            "net_income": -3559,
            "net_income_4q": null,
            "revenue": 115419,
            "revenue_4q": null,
            "common_shares": 254625,
            "book_valuer_per_share": 11.49,
            "book_valuer_per_share_4q_avg": 12.04,
            "equity": 292630,
            "current_ratio": 144.9,
            "debt_ratio": 55.32,
            "inventory_turnover_ratio": 0.44,
            "account_receivable_turnover_ratio": null,
            "reinvestment_rate": null,
            "research_to_sale_ratio": null,
            "price_fair": 40.88,
            "eps_avg_yearly": 1.17,
            "eps_latest_yearly": 0.6,
            "eps_growth_yearly": 175.79
        },
        "20063": {
            "year_quarter": 20063,
            "year": 2006,
            "quarter": 3,
            "eps": 0.13,
            "eps_growth_year": -13.33,
            "eps_4q": -0.09,
            "eps_4q_growth_year": -109.78,
            "roe": 1.04,
            "roe_4q": -0.9399999999999998,
            "gross_profit": 57825,
            "gross_margin": 44.49,
            "gross_margin_4q_avg": 43.59,
            "net_income": 3572,
            "net_income_4q": null,
            "revenue": 129976,
            "revenue_4q": null,
            "common_shares": 339625,
            "book_valuer_per_share": 11.55,
            "book_valuer_per_share_4q_avg": 11.85,
            "equity": 392393,
            "current_ratio": 186.32,
            "debt_ratio": 46.24,
            "inventory_turnover_ratio": 0.49,
            "account_receivable_turnover_ratio": null,
            "reinvestment_rate": null,
            "research_to_sale_ratio": null,
            "price_fair": 40.88,
            "eps_avg_yearly": 1.17,
            "eps_latest_yearly": 0.6,
            "eps_growth_yearly": 175.79
        },
        "20064": {
            "year_quarter": 20064,
            "year": 2006,
            "quarter": 4,
            "eps": 0.08,
            "eps_growth_year": null,
            "eps_4q": 0.03,
            "eps_4q_growth_year": -94.13,
            "roe": 0.57,
            "roe_4q": -5.551115123125783e-17,
            "gross_profit": 70137,
            "gross_margin": 47.7,
            "gross_margin_4q_avg": 44.4,
            "net_income": 2243,
            "net_income_4q": null,
            "revenue": 147047,
            "revenue_4q": null,
            "common_shares": 339625,
            "book_valuer_per_share": 11.6,
            "book_valuer_per_share_4q_avg": 11.7,
            "equity": 394080,
            "current_ratio": 195.46,
            "debt_ratio": 45.76,
            "inventory_turnover_ratio": 0.46,
            "account_receivable_turnover_ratio": null,
            "reinvestment_rate": 135,
            "research_to_sale_ratio": null,
            "price_fair": 38.18,
            "eps_avg_yearly": 1.09,
            "eps_latest_yearly": 0.32,
            "eps_growth_yearly": 145.82
        },
        "20071": {
            "year_quarter": 20071,
            "year": 2007,
            "quarter": 1,
            "eps": 0.06,
            "eps_growth_year": null,
            "eps_4q": 0.13,
            "eps_4q_growth_year": -65.42,
            "roe": 0.47,
            "roe_4q": 0.9000000000000001,
            "gross_profit": 64793,
            "gross_margin": 46.34,
            "gross_margin_4q_avg": 44.9,
            "net_income": 1881,
            "net_income_4q": null,
            "revenue": 139808,
            "revenue_4q": null,
            "common_shares": 339625,
            "book_valuer_per_share": 11.75,
            "book_valuer_per_share_4q_avg": 11.6,
            "equity": 399193,
            "current_ratio": 179.34,
            "debt_ratio": 43.62,
            "inventory_turnover_ratio": 0.45,
            "account_receivable_turnover_ratio": null,
            "reinvestment_rate": 43.47,
            "research_to_sale_ratio": null,
            "price_fair": 35.7,
            "eps_avg_yearly": 1.02,
            "eps_latest_yearly": 0.24,
            "eps_growth_yearly": 125.34
        },
        "20072": {
            "year_quarter": 20072,
            "year": 2007,
            "quarter": 2,
            "eps": -0.02,
            "eps_growth_year": null,
            "eps_4q": 0.2,
            "eps_4q_growth_year": null,
            "roe": -0.19,
            "roe_4q": 1.89,
            "gross_profit": 77289,
            "gross_margin": 46.49,
            "gross_margin_4q_avg": 46.26,
            "net_income": -737,
            "net_income_4q": null,
            "revenue": 166252,
            "revenue_4q": null,
            "common_shares": 339625,
            "book_valuer_per_share": 11.42,
            "book_valuer_per_share_4q_avg": 11.58,
            "equity": 387969,
            "current_ratio": 172.96,
            "debt_ratio": 47.82,
            "inventory_turnover_ratio": 0.6,
            "account_receivable_turnover_ratio": null,
            "reinvestment_rate": 57.8,
            "research_to_sale_ratio": null,
            "price_fair": 36.65,
            "eps_avg_yearly": 1.05,
            "eps_latest_yearly": 0.24,
            "eps_growth_yearly": 42.19
        },
        "20073": {
            "year_quarter": 20073,
            "year": 2007,
            "quarter": 3,
            "eps": 0,
            "eps_growth_year": -100,
            "eps_4q": 0.1,
            "eps_4q_growth_year": null,
            "roe": 0.03,
            "roe_4q": 0.8799999999999999,
            "gross_profit": 77637,
            "gross_margin": 49.15,
            "gross_margin_4q_avg": 47.42,
            "net_income": 134,
            "net_income_4q": null,
            "revenue": 157971,
            "revenue_4q": null,
            "common_shares": 339625,
            "book_valuer_per_share": 11.51,
            "book_valuer_per_share_4q_avg": 11.57,
            "equity": 390792,
            "current_ratio": 154.08,
            "debt_ratio": 50.38,
            "inventory_turnover_ratio": 0.51,
            "account_receivable_turnover_ratio": null,
            "reinvestment_rate": 72.05,
            "research_to_sale_ratio": null,
            "price_fair": 16.54,
            "eps_avg_yearly": 1.01,
            "eps_latest_yearly": 0.24,
            "eps_growth_yearly": 6.41
        },
        "20074": {
            "year_quarter": 20074,
            "year": 2007,
            "quarter": 4,
            "eps": -0.94,
            "eps_growth_year": -1275,
            "eps_4q": -0.91,
            "eps_4q_growth_year": -2820.07,
            "roe": -6.87,
            "roe_4q": -6.5600000000000005,
            "gross_profit": 77040,
            "gross_margin": 46.19,
            "gross_margin_4q_avg": 47.04,
            "net_income": -32729,
            "net_income_4q": null,
            "revenue": 166772,
            "revenue_4q": null,
            "common_shares": 385625,
            "book_valuer_per_share": 14.59,
            "book_valuer_per_share_4q_avg": 12.32,
            "equity": 562521,
            "current_ratio": 257.34,
            "debt_ratio": 35.96,
            "inventory_turnover_ratio": 0.44,
            "account_receivable_turnover_ratio": null,
            "reinvestment_rate": 706.35,
            "research_to_sale_ratio": null,
            "price_fair": 16.43,
            "eps_avg_yearly": 0.96,
            "eps_latest_yearly": 0.24,
            "eps_growth_yearly": 7.12
        },
        "20081": {
            "year_quarter": 20081,
            "year": 2008,
            "quarter": 1,
            "eps": -0.69,
            "eps_growth_year": -1250,
            "eps_4q": -1.56,
            "eps_4q_growth_year": -1280.26,
            "roe": -4.85,
            "roe_4q": -11.879999999999999,
            "gross_profit": 79724,
            "gross_margin": 54.05,
            "gross_margin_4q_avg": 48.97,
            "net_income": -26512,
            "net_income_4q": null,
            "revenue": 147510,
            "revenue_4q": null,
            "common_shares": 385625,
            "book_valuer_per_share": 13.74,
            "book_valuer_per_share_4q_avg": 12.82,
            "equity": 529734,
            "current_ratio": 195.89,
            "debt_ratio": 43.83,
            "inventory_turnover_ratio": 0.27,
            "account_receivable_turnover_ratio": null,
            "reinvestment_rate": null,
            "research_to_sale_ratio": null,
            "price_fair": 30.3,
            "eps_avg_yearly": 0.95,
            "eps_latest_yearly": 0.24,
            "eps_growth_yearly": 21.9
        },
        "20082": {
            "year_quarter": 20082,
            "year": 2008,
            "quarter": 2,
            "eps": -0.62,
            "eps_growth_year": null,
            "eps_4q": -2.15,
            "eps_4q_growth_year": -1150.06,
            "roe": -4.61,
            "roe_4q": -16.3,
            "gross_profit": 82341,
            "gross_margin": 55.14,
            "gross_margin_4q_avg": 51.13,
            "net_income": -23864,
            "net_income_4q": null,
            "revenue": 149340,
            "revenue_4q": null,
            "common_shares": 385625,
            "book_valuer_per_share": 13.13,
            "book_valuer_per_share_4q_avg": 13.24,
            "equity": 506336,
            "current_ratio": 177.72,
            "debt_ratio": 46.29,
            "inventory_turnover_ratio": 0.25,
            "account_receivable_turnover_ratio": null,
            "reinvestment_rate": null,
            "research_to_sale_ratio": null,
            "price_fair": 8.74,
            "eps_avg_yearly": 0.87,
            "eps_latest_yearly": 0.24,
            "eps_growth_yearly": 0.85
        },
        "20083": {
            "year_quarter": 20083,
            "year": 2008,
            "quarter": 3,
            "eps": -0.49,
            "eps_growth_year": null,
            "eps_4q": -2.64,
            "eps_4q_growth_year": -2647.14,
            "roe": -3.74,
            "roe_4q": -20.07,
            "gross_profit": 89411,
            "gross_margin": 52.13,
            "gross_margin_4q_avg": 51.88,
            "net_income": -18727,
            "net_income_4q": null,
            "revenue": 171505,
            "revenue_4q": null,
            "common_shares": 385625,
            "book_valuer_per_share": 12.86,
            "book_valuer_per_share_4q_avg": 13.58,
            "equity": 495942,
            "current_ratio": 170.64,
            "debt_ratio": 46.14,
            "inventory_turnover_ratio": 0.29,
            "account_receivable_turnover_ratio": null,
            "reinvestment_rate": null,
            "research_to_sale_ratio": null,
            "price_fair": 2.14,
            "eps_avg_yearly": 0.71,
            "eps_latest_yearly": 0.24,
            "eps_growth_yearly": -15.22
        },
        "20084": {
            "year_quarter": 20084,
            "year": 2008,
            "quarter": 4,
            "eps": -0.6,
            "eps_growth_year": null,
            "eps_4q": -2.39,
            "eps_4q_growth_year": null,
            "roe": -4.63,
            "roe_4q": -17.83,
            "gross_profit": 94155,
            "gross_margin": 48.71,
            "gross_margin_4q_avg": 52.51,
            "net_income": -23346,
            "net_income_4q": null,
            "revenue": 193302,
            "revenue_4q": null,
            "common_shares": 423625,
            "book_valuer_per_share": 12.08,
            "book_valuer_per_share_4q_avg": 12.95,
            "equity": 511881,
            "current_ratio": 204.6,
            "debt_ratio": 37.97,
            "inventory_turnover_ratio": 0.36,
            "account_receivable_turnover_ratio": 3.45,
            "reinvestment_rate": null,
            "research_to_sale_ratio": null,
            "price_fair": 10.83,
            "eps_avg_yearly": 0.61,
            "eps_latest_yearly": 0.24,
            "eps_growth_yearly": 7.82
        },
        "20091": {
            "year_quarter": 20091,
            "year": 2009,
            "quarter": 1,
            "eps": 0.36,
            "eps_growth_year": null,
            "eps_4q": -1.2,
            "eps_4q_growth_year": null,
            "roe": 2.9,
            "roe_4q": -10.080000000000002,
            "gross_profit": 103232,
            "gross_margin": 52.64,
            "gross_margin_4q_avg": 52.16,
            "net_income": 15215,
            "net_income_4q": null,
            "revenue": 196109,
            "revenue_4q": null,
            "common_shares": 423625,
            "book_valuer_per_share": 12.7,
            "book_valuer_per_share_4q_avg": 12.69,
            "equity": 537803,
            "current_ratio": 255.62,
            "debt_ratio": 31.66,
            "inventory_turnover_ratio": 0.37,
            "account_receivable_turnover_ratio": 1.51,
            "reinvestment_rate": null,
            "research_to_sale_ratio": null,
            "price_fair": 22.4,
            "eps_avg_yearly": 0.64,
            "eps_latest_yearly": 0.24,
            "eps_growth_yearly": 71.06
        },
        "20092": {
            "year_quarter": 20092,
            "year": 2009,
            "quarter": 2,
            "eps": 0.39,
            "eps_growth_year": null,
            "eps_4q": -0.24,
            "eps_4q_growth_year": null,
            "roe": 2.86,
            "roe_4q": -2.6100000000000003,
            "gross_profit": 101918,
            "gross_margin": 56.62,
            "gross_margin_4q_avg": 52.53,
            "net_income": 16616,
            "net_income_4q": null,
            "revenue": 180015,
            "revenue_4q": null,
            "common_shares": 463625,
            "book_valuer_per_share": 13.51,
            "book_valuer_per_share_4q_avg": 12.79,
            "equity": 626150,
            "current_ratio": 292.12,
            "debt_ratio": 31.4,
            "inventory_turnover_ratio": 0.31,
            "account_receivable_turnover_ratio": 1.3,
            "reinvestment_rate": null,
            "research_to_sale_ratio": null,
            "price_fair": 2.04,
            "eps_avg_yearly": 0.68,
            "eps_latest_yearly": 1.56,
            "eps_growth_yearly": -112.27
        },
        "20093": {
            "year_quarter": 20093,
            "year": 2009,
            "quarter": 3,
            "eps": 0.31,
            "eps_growth_year": null,
            "eps_4q": 0.51,
            "eps_4q_growth_year": null,
            "roe": 2.11,
            "roe_4q": 3.2399999999999993,
            "gross_profit": 98189,
            "gross_margin": 61.22,
            "gross_margin_4q_avg": 54.8,
            "net_income": 13362,
            "net_income_4q": null,
            "revenue": 160393,
            "revenue_4q": null,
            "common_shares": 463625,
            "book_valuer_per_share": 13.76,
            "book_valuer_per_share_4q_avg": 13.01,
            "equity": 637852,
            "current_ratio": 303.13,
            "debt_ratio": 29.07,
            "inventory_turnover_ratio": 0.23,
            "account_receivable_turnover_ratio": 1.49,
            "reinvestment_rate": null,
            "research_to_sale_ratio": null,
            "price_fair": 2.52,
            "eps_avg_yearly": 0.84,
            "eps_latest_yearly": 1.24,
            "eps_growth_yearly": -75.64
        },
        "20094": {
            "year_quarter": 20094,
            "year": 2009,
            "quarter": 4,
            "eps": 0.05,
            "eps_growth_year": null,
            "eps_4q": 1.02,
            "eps_4q_growth_year": null,
            "roe": 0.35,
            "roe_4q": 8.22,
            "gross_profit": 99632,
            "gross_margin": 70.33,
            "gross_margin_4q_avg": 60.2,
            "net_income": 2216,
            "net_income_4q": null,
            "revenue": 141665,
            "revenue_4q": null,
            "common_shares": 463625,
            "book_valuer_per_share": 13.8,
            "book_valuer_per_share_4q_avg": 13.44,
            "equity": 639609,
            "current_ratio": 324.41,
            "debt_ratio": 30.35,
            "inventory_turnover_ratio": 0.16,
            "account_receivable_turnover_ratio": 1.37,
            "reinvestment_rate": null,
            "research_to_sale_ratio": null,
            "price_fair": 2.14,
            "eps_avg_yearly": 0.71,
            "eps_latest_yearly": 0.2,
            "eps_growth_yearly": -127.61
        },
        "20101": {
            "year_quarter": 20101,
            "year": 2010,
            "quarter": 1,
            "eps": 0.27,
            "eps_growth_year": -25,
            "eps_4q": 0.97,
            "eps_4q_growth_year": null,
            "roe": 1.95,
            "roe_4q": 7.27,
            "gross_profit": 100420,
            "gross_margin": 59.24,
            "gross_margin_4q_avg": 61.85,
            "net_income": 12619,
            "net_income_4q": null,
            "revenue": 169525,
            "revenue_4q": null,
            "common_shares": 463625,
            "book_valuer_per_share": 14.06,
            "book_valuer_per_share_4q_avg": 13.78,
            "equity": 651652,
            "current_ratio": 274.71,
            "debt_ratio": 34.54,
            "inventory_turnover_ratio": 0.27,
            "account_receivable_turnover_ratio": 0.84,
            "reinvestment_rate": null,
            "research_to_sale_ratio": 9.6,
            "price_fair": 27.07,
            "eps_avg_yearly": 0.77,
            "eps_latest_yearly": 1.08,
            "eps_growth_yearly": 186.99
        },
        "20102": {
            "year_quarter": 20102,
            "year": 2010,
            "quarter": 2,
            "eps": 0.14,
            "eps_growth_year": -64.15,
            "eps_4q": 0.75,
            "eps_4q_growth_year": null,
            "roe": 1.02,
            "roe_4q": 5.43,
            "gross_profit": 101937,
            "gross_margin": 55.43,
            "gross_margin_4q_avg": 61.56,
            "net_income": 6482,
            "net_income_4q": null,
            "revenue": 183906,
            "revenue_4q": null,
            "common_shares": 463625,
            "book_valuer_per_share": 13.3,
            "book_valuer_per_share_4q_avg": 13.73,
            "equity": 616849,
            "current_ratio": 257.74,
            "debt_ratio": 37.74,
            "inventory_turnover_ratio": 0.32,
            "account_receivable_turnover_ratio": 0.93,
            "reinvestment_rate": null,
            "research_to_sale_ratio": 8.31,
            "price_fair": 26,
            "eps_avg_yearly": 0.74,
            "eps_latest_yearly": 0.56,
            "eps_growth_yearly": 132.77
        },
        "20103": {
            "year_quarter": 20103,
            "year": 2010,
            "quarter": 3,
            "eps": 0.28,
            "eps_growth_year": -10.55,
            "eps_4q": 0.74,
            "eps_4q_growth_year": 45.42,
            "roe": 2.07,
            "roe_4q": 5.39,
            "gross_profit": 94004,
            "gross_margin": 55.13,
            "gross_margin_4q_avg": 60.03,
            "net_income": 12856,
            "net_income_4q": null,
            "revenue": 170518,
            "revenue_4q": null,
            "common_shares": 463625,
            "book_valuer_per_share": 13.53,
            "book_valuer_per_share_4q_avg": 13.67,
            "equity": 627330,
            "current_ratio": 307.05,
            "debt_ratio": 33.5,
            "inventory_turnover_ratio": 0.28,
            "account_receivable_turnover_ratio": 0.97,
            "reinvestment_rate": null,
            "research_to_sale_ratio": 9.79,
            "price_fair": 27.65,
            "eps_avg_yearly": 0.79,
            "eps_latest_yearly": 1.12,
            "eps_growth_yearly": 166.17
        },
        "20104": {
            "year_quarter": 20104,
            "year": 2010,
            "quarter": 4,
            "eps": 0.07,
            "eps_growth_year": 33.6,
            "eps_4q": 0.76,
            "eps_4q_growth_year": -26.06,
            "roe": 0.5,
            "roe_4q": 5.54,
            "gross_profit": 109364,
            "gross_margin": 53.51,
            "gross_margin_4q_avg": 55.83,
            "net_income": 3097,
            "net_income_4q": null,
            "revenue": 204380,
            "revenue_4q": null,
            "common_shares": 463625,
            "book_valuer_per_share": 13.43,
            "book_valuer_per_share_4q_avg": 13.58,
            "equity": 622775,
            "current_ratio": 265.76,
            "debt_ratio": 36.48,
            "inventory_turnover_ratio": 0.35,
            "account_receivable_turnover_ratio": 1.23,
            "reinvestment_rate": null,
            "research_to_sale_ratio": 10.15,
            "price_fair": 27.48,
            "eps_avg_yearly": 0.79,
            "eps_latest_yearly": 0.28,
            "eps_growth_yearly": 147.9
        },
        "20111": {
            "year_quarter": 20111,
            "year": 2011,
            "quarter": 1,
            "eps": 0.5,
            "eps_growth_year": 85.19,
            "eps_4q": 0.99,
            "eps_4q_growth_year": 2.23,
            "roe": 3.68,
            "roe_4q": 7.27,
            "gross_profit": 102135,
            "gross_margin": 53.88,
            "gross_margin_4q_avg": 54.49,
            "net_income": 23377,
            "net_income_4q": null,
            "revenue": 189562,
            "revenue_4q": null,
            "common_shares": 463625,
            "book_valuer_per_share": 13.98,
            "book_valuer_per_share_4q_avg": 13.56,
            "equity": 648146,
            "current_ratio": 266.32,
            "debt_ratio": 39.27,
            "inventory_turnover_ratio": 0.33,
            "account_receivable_turnover_ratio": 1.04,
            "reinvestment_rate": null,
            "research_to_sale_ratio": 10.61,
            "price_fair": 35.18,
            "eps_avg_yearly": 1.01,
            "eps_latest_yearly": 2,
            "eps_growth_yearly": 467.54
        },
        "20112": {
            "year_quarter": 20112,
            "year": 2011,
            "quarter": 2,
            "eps": 0.13,
            "eps_growth_year": -8.33,
            "eps_4q": 0.98,
            "eps_4q_growth_year": 30.55,
            "roe": 0.94,
            "roe_4q": 7.1899999999999995,
            "gross_profit": 103122,
            "gross_margin": 56.43,
            "gross_margin_4q_avg": 54.74,
            "net_income": 5942,
            "net_income_4q": null,
            "revenue": 182749,
            "revenue_4q": null,
            "common_shares": 463625,
            "book_valuer_per_share": 13.4,
            "book_valuer_per_share_4q_avg": 13.59,
            "equity": 621190,
            "current_ratio": 225.05,
            "debt_ratio": 41.43,
            "inventory_turnover_ratio": 0.28,
            "account_receivable_turnover_ratio": 0.95,
            "reinvestment_rate": null,
            "research_to_sale_ratio": 15.88,
            "price_fair": 33.29,
            "eps_avg_yearly": 0.95,
            "eps_latest_yearly": 0.52,
            "eps_growth_yearly": 382.71
        },
        "20113": {
            "year_quarter": 20113,
            "year": 2011,
            "quarter": 3,
            "eps": 0.43,
            "eps_growth_year": 55.17,
            "eps_4q": 1.13,
            "eps_4q_growth_year": 53.23,
            "roe": 3.14,
            "roe_4q": 8.26,
            "gross_profit": 114013,
            "gross_margin": 60.2,
            "gross_margin_4q_avg": 56.01,
            "net_income": 19948,
            "net_income_4q": null,
            "revenue": 189393,
            "revenue_4q": null,
            "common_shares": 463625,
            "book_valuer_per_share": 14.04,
            "book_valuer_per_share_4q_avg": 13.71,
            "equity": 650860,
            "current_ratio": 232.69,
            "debt_ratio": 40.04,
            "inventory_turnover_ratio": 0.25,
            "account_receivable_turnover_ratio": 0.92,
            "reinvestment_rate": 5817.02,
            "research_to_sale_ratio": 12.88,
            "price_fair": 35.98,
            "eps_avg_yearly": 1.03,
            "eps_latest_yearly": 1.72,
            "eps_growth_yearly": 436.74
        },
        "20114": {
            "year_quarter": 20114,
            "year": 2011,
            "quarter": 4,
            "eps": 0.19,
            "eps_growth_year": 180.69,
            "eps_4q": 1.25,
            "eps_4q_growth_year": 65.34,
            "roe": 1.33,
            "roe_4q": 9.09,
            "gross_profit": 116736,
            "gross_margin": 58.83,
            "gross_margin_4q_avg": 57.34,
            "net_income": 8693,
            "net_income_4q": null,
            "revenue": 198443,
            "revenue_4q": null,
            "common_shares": 463625,
            "book_valuer_per_share": 14.15,
            "book_valuer_per_share_4q_avg": 13.89,
            "equity": 656251,
            "current_ratio": 218.86,
            "debt_ratio": 40.69,
            "inventory_turnover_ratio": 0.26,
            "account_receivable_turnover_ratio": 0.88,
            "reinvestment_rate": 669.57,
            "research_to_sale_ratio": 15.46,
            "price_fair": 35.13,
            "eps_avg_yearly": 1,
            "eps_latest_yearly": 0.76,
            "eps_growth_yearly": 376.74
        },
        "20121": {
            "year_quarter": 20121,
            "year": 2012,
            "quarter": 1,
            "eps": 0.43,
            "eps_growth_year": -14,
            "eps_4q": 1.17,
            "eps_4q_growth_year": 18.88,
            "roe": 2.99,
            "roe_4q": 8.4,
            "gross_profit": 126937,
            "gross_margin": 57.1,
            "gross_margin_4q_avg": 58.14,
            "net_income": 19877,
            "net_income_4q": null,
            "revenue": 222314,
            "revenue_4q": null,
            "common_shares": 463625,
            "book_valuer_per_share": 14.51,
            "book_valuer_per_share_4q_avg": 14.03,
            "equity": 672733,
            "current_ratio": 212.47,
            "debt_ratio": 40.28,
            "inventory_turnover_ratio": 0.3,
            "account_receivable_turnover_ratio": 0.94,
            "reinvestment_rate": 369.08,
            "research_to_sale_ratio": 12.88,
            "price_fair": 37.22,
            "eps_avg_yearly": 1.06,
            "eps_latest_yearly": 1.72,
            "eps_growth_yearly": 387.45
        },
        "20122": {
            "year_quarter": 20122,
            "year": 2012,
            "quarter": 2,
            "eps": 0.25,
            "eps_growth_year": 95.79,
            "eps_4q": 1.3,
            "eps_4q_growth_year": 32.87,
            "roe": 1.77,
            "roe_4q": 9.23,
            "gross_profit": 129575,
            "gross_margin": 63.19,
            "gross_margin_4q_avg": 59.83,
            "net_income": 11634,
            "net_income_4q": null,
            "revenue": 205052,
            "revenue_4q": null,
            "common_shares": 463625,
            "book_valuer_per_share": 13.79,
            "book_valuer_per_share_4q_avg": 14.12,
            "equity": 639154,
            "current_ratio": 174.67,
            "debt_ratio": 44.4,
            "inventory_turnover_ratio": 0.23,
            "account_receivable_turnover_ratio": 0.81,
            "reinvestment_rate": 281.8,
            "research_to_sale_ratio": 14.97,
            "price_fair": 37.05,
            "eps_avg_yearly": 1.06,
            "eps_latest_yearly": 1,
            "eps_growth_yearly": 344.77
        },
        "20123": {
            "year_quarter": 20123,
            "year": 2012,
            "quarter": 3,
            "eps": -0.04,
            "eps_growth_year": -108.52,
            "eps_4q": 0.83,
            "eps_4q_growth_year": -26.47,
            "roe": -0.27,
            "roe_4q": 5.82,
            "gross_profit": 123072,
            "gross_margin": 61.45,
            "gross_margin_4q_avg": 60.14,
            "net_income": -1700,
            "net_income_4q": null,
            "revenue": 200273,
            "revenue_4q": null,
            "common_shares": 463625,
            "book_valuer_per_share": 13.68,
            "book_valuer_per_share_4q_avg": 14.03,
            "equity": 634048,
            "current_ratio": 148.35,
            "debt_ratio": 49.09,
            "inventory_turnover_ratio": 0.22,
            "account_receivable_turnover_ratio": 0.71,
            "reinvestment_rate": 274.26,
            "research_to_sale_ratio": 14.04,
            "price_fair": 37.05,
            "eps_avg_yearly": 1.06,
            "eps_latest_yearly": 1,
            "eps_growth_yearly": 344.77
        },
        "20124": {
            "year_quarter": 20124,
            "year": 2012,
            "quarter": 4,
            "eps": 0.12,
            "eps_growth_year": -38.57,
            "eps_4q": 0.76,
            "eps_4q_growth_year": -39.35,
            "roe": 0.84,
            "roe_4q": 5.33,
            "gross_profit": 140723,
            "gross_margin": 60.67,
            "gross_margin_4q_avg": 60.6,
            "net_income": 5340,
            "net_income_4q": null,
            "revenue": 231942,
            "revenue_4q": null,
            "common_shares": 463625,
            "book_valuer_per_share": 13.69,
            "book_valuer_per_share_4q_avg": 13.92,
            "equity": 634639,
            "current_ratio": 130.66,
            "debt_ratio": 51.14,
            "inventory_turnover_ratio": 0.26,
            "account_receivable_turnover_ratio": 0.73,
            "reinvestment_rate": 244.59,
            "research_to_sale_ratio": 15.78,
            "price_fair": 37.05,
            "eps_avg_yearly": 1.06,
            "eps_latest_yearly": 1,
            "eps_growth_yearly": 344.77
        },
        "20131": {
            "year_quarter": 20131,
            "year": 2013,
            "quarter": 1,
            "eps": 0.37,
            "eps_growth_year": -13.95,
            "eps_4q": 0.5,
            "eps_4q_growth_year": -57.46,
            "roe": 2.35,
            "roe_4q": 4.6899999999999995,
            "gross_profit": 138743,
            "gross_margin": 58.79,
            "gross_margin_4q_avg": 61.03,
            "net_income": 17335,
            "net_income_4q": null,
            "revenue": 235983,
            "revenue_4q": null,
            "common_shares": 463625,
            "book_valuer_per_share": 16.01,
            "book_valuer_per_share_4q_avg": 14.29,
            "equity": 843138,
            "current_ratio": 269.06,
            "debt_ratio": 44.11,
            "inventory_turnover_ratio": 0.27,
            "account_receivable_turnover_ratio": 0.99,
            "reinvestment_rate": 240.09,
            "research_to_sale_ratio": 11.95,
            "price_fair": 38.1,
            "eps_avg_yearly": 1.09,
            "eps_latest_yearly": 1.48,
            "eps_growth_yearly": 379.67
        },
        "20132": {
            "year_quarter": 20132,
            "year": 2013,
            "quarter": 2,
            "eps": 0.3,
            "eps_growth_year": 19.55,
            "eps_4q": 0.69,
            "eps_4q_growth_year": -46.92,
            "roe": 1.85,
            "roe_4q": 4.77,
            "gross_profit": 164305,
            "gross_margin": 65.79,
            "gross_margin_4q_avg": 61.68,
            "net_income": 15773,
            "net_income_4q": null,
            "revenue": 249743,
            "revenue_4q": null,
            "common_shares": 533625,
            "book_valuer_per_share": 16.09,
            "book_valuer_per_share_4q_avg": 14.87,
            "equity": 858802,
            "current_ratio": 234.02,
            "debt_ratio": 47.21,
            "inventory_turnover_ratio": 0.22,
            "account_receivable_turnover_ratio": 1.73,
            "reinvestment_rate": 275.95,
            "research_to_sale_ratio": 12.19,
            "price_fair": 37.2,
            "eps_avg_yearly": 1.06,
            "eps_latest_yearly": 1.2,
            "eps_growth_yearly": 371.88
        },
        "20133": {
            "year_quarter": 20133,
            "year": 2013,
            "quarter": 3,
            "eps": -0.16,
            "eps_growth_year": null,
            "eps_4q": 0.56,
            "eps_4q_growth_year": -32.72,
            "roe": -1.01,
            "roe_4q": 4.03,
            "gross_profit": 140582,
            "gross_margin": 64.66,
            "gross_margin_4q_avg": 62.48,
            "net_income": -8625,
            "net_income_4q": null,
            "revenue": 217406,
            "revenue_4q": null,
            "common_shares": 533650,
            "book_valuer_per_share": 15.9,
            "book_valuer_per_share_4q_avg": 15.42,
            "equity": 848486,
            "current_ratio": 242.25,
            "debt_ratio": 47.93,
            "inventory_turnover_ratio": 0.18,
            "account_receivable_turnover_ratio": 1.54,
            "reinvestment_rate": 328.37,
            "research_to_sale_ratio": 14.64,
            "price_fair": 36.72,
            "eps_avg_yearly": 1.05,
            "eps_latest_yearly": 1.2,
            "eps_growth_yearly": 406.8
        },
        "20134": {
            "year_quarter": 20134,
            "year": 2013,
            "quarter": 4,
            "eps": -0.06,
            "eps_growth_year": -151.06,
            "eps_4q": 0.4,
            "eps_4q_growth_year": -47.25,
            "roe": -0.37,
            "roe_4q": 2.8200000000000003,
            "gross_profit": 158201,
            "gross_margin": 62.51,
            "gross_margin_4q_avg": 62.94,
            "net_income": -3139,
            "net_income_4q": null,
            "revenue": 253080,
            "revenue_4q": null,
            "common_shares": 533700,
            "book_valuer_per_share": 15.95,
            "book_valuer_per_share_4q_avg": 15.99,
            "equity": 851205,
            "current_ratio": 217.92,
            "debt_ratio": 50.97,
            "inventory_turnover_ratio": 0.2,
            "account_receivable_turnover_ratio": 1.89,
            "reinvestment_rate": 262,
            "research_to_sale_ratio": 13.32,
            "price_fair": 39.2,
            "eps_avg_yearly": 1.12,
            "eps_latest_yearly": 1.2,
            "eps_growth_yearly": 468.65
        },
        "20141": {
            "year_quarter": 20141,
            "year": 2014,
            "quarter": 1,
            "eps": 0.51,
            "eps_growth_year": 37.84,
            "eps_4q": 0.58,
            "eps_4q_growth_year": 16.61,
            "roe": 3.13,
            "roe_4q": 3.5999999999999996,
            "gross_profit": 182205,
            "gross_margin": 68.89,
            "gross_margin_4q_avg": 65.46,
            "net_income": 27279,
            "net_income_4q": null,
            "revenue": 264494,
            "revenue_4q": null,
            "common_shares": 533700,
            "book_valuer_per_share": 16.71,
            "book_valuer_per_share_4q_avg": 16.16,
            "equity": 891814,
            "current_ratio": 155.4,
            "debt_ratio": 49.85,
            "inventory_turnover_ratio": 0.17,
            "account_receivable_turnover_ratio": 1.78,
            "reinvestment_rate": 253.9,
            "research_to_sale_ratio": 11.55,
            "price_fair": 39.33,
            "eps_avg_yearly": 1.12,
            "eps_latest_yearly": 1.2,
            "eps_growth_yearly": 351.26
        },
        "20142": {
            "year_quarter": 20142,
            "year": 2014,
            "quarter": 2,
            "eps": 0.19,
            "eps_growth_year": -36.67,
            "eps_4q": 0.46,
            "eps_4q_growth_year": -32.53,
            "roe": 1.1,
            "roe_4q": 2.8500000000000005,
            "gross_profit": 183531,
            "gross_margin": 70.05,
            "gross_margin_4q_avg": 66.53,
            "net_income": 9914,
            "net_income_4q": null,
            "revenue": 262000,
            "revenue_4q": null,
            "common_shares": 536979,
            "book_valuer_per_share": 17.01,
            "book_valuer_per_share_4q_avg": 16.39,
            "equity": 913593,
            "current_ratio": 154.54,
            "debt_ratio": 48.75,
            "inventory_turnover_ratio": 0.16,
            "account_receivable_turnover_ratio": 1.67,
            "reinvestment_rate": 252.04,
            "research_to_sale_ratio": 10.98,
            "price_fair": 39.96,
            "eps_avg_yearly": 1.14,
            "eps_latest_yearly": 0.76,
            "eps_growth_yearly": 345.95
        },
        "20143": {
            "year_quarter": 20143,
            "year": 2014,
            "quarter": 3,
            "eps": 0.34,
            "eps_growth_year": null,
            "eps_4q": 0.93,
            "eps_4q_growth_year": 66.77,
            "roe": 1.91,
            "roe_4q": 5.77,
            "gross_profit": 186780,
            "gross_margin": 70.76,
            "gross_margin_4q_avg": 68.05,
            "net_income": 18110,
            "net_income_4q": null,
            "revenue": 263978,
            "revenue_4q": null,
            "common_shares": 536979,
            "book_valuer_per_share": 18.33,
            "book_valuer_per_share_4q_avg": 17,
            "equity": 984330,
            "current_ratio": 158.81,
            "debt_ratio": 46.31,
            "inventory_turnover_ratio": 0.15,
            "account_receivable_turnover_ratio": 1.59,
            "reinvestment_rate": 229.15,
            "research_to_sale_ratio": 10.57,
            "price_fair": 40.73,
            "eps_avg_yearly": 1.16,
            "eps_latest_yearly": 1.36,
            "eps_growth_yearly": 338.3
        },
        "20144": {
            "year_quarter": 20144,
            "year": 2014,
            "quarter": 4,
            "eps": 0.47,
            "eps_growth_year": null,
            "eps_4q": 1.46,
            "eps_4q_growth_year": 265.09,
            "roe": 2.65,
            "roe_4q": 8.79,
            "gross_profit": 210748,
            "gross_margin": 67.91,
            "gross_margin_4q_avg": 69.4,
            "net_income": 26426,
            "net_income_4q": null,
            "revenue": 310316,
            "revenue_4q": null,
            "common_shares": 559761,
            "book_valuer_per_share": 18.06,
            "book_valuer_per_share_4q_avg": 17.53,
            "equity": 1010858,
            "current_ratio": 157.85,
            "debt_ratio": 47.88,
            "inventory_turnover_ratio": 0.18,
            "account_receivable_turnover_ratio": 1.68,
            "reinvestment_rate": 204.48,
            "research_to_sale_ratio": 12.82,
            "price_fair": 45.82,
            "eps_avg_yearly": 1.31,
            "eps_latest_yearly": 1.88,
            "eps_growth_yearly": 379.47
        },
        "20151": {
            "year_quarter": 20151,
            "year": 2015,
            "quarter": 1,
            "eps": 0.32,
            "eps_growth_year": -37.25,
            "eps_4q": 1.29,
            "eps_4q_growth_year": 120.98,
            "roe": 1.75,
            "roe_4q": 7.41,
            "gross_profit": 207877,
            "gross_margin": 67.67,
            "gross_margin_4q_avg": 69.1,
            "net_income": 17914,
            "net_income_4q": null,
            "revenue": 307204,
            "revenue_4q": null,
            "common_shares": 559761,
            "book_valuer_per_share": 18.44,
            "book_valuer_per_share_4q_avg": 17.96,
            "equity": 1036220,
            "current_ratio": 154.9,
            "debt_ratio": 46.67,
            "inventory_turnover_ratio": 0.18,
            "account_receivable_turnover_ratio": 1.58,
            "reinvestment_rate": 189.12,
            "research_to_sale_ratio": 10.57,
            "price_fair": 43.53,
            "eps_avg_yearly": 1.24,
            "eps_latest_yearly": 1.28,
            "eps_growth_yearly": 144.49
        },
        "20152": {
            "year_quarter": 20152,
            "year": 2015,
            "quarter": 2,
            "eps": 0.91,
            "eps_growth_year": 378.95,
            "eps_4q": 2.02,
            "eps_4q_growth_year": 334.53,
            "roe": 4.97,
            "roe_4q": 11.28,
            "gross_profit": 264210,
            "gross_margin": 67.82,
            "gross_margin_4q_avg": 68.54,
            "net_income": 51020,
            "net_income_4q": null,
            "revenue": 389557,
            "revenue_4q": null,
            "common_shares": 559761,
            "book_valuer_per_share": 18.09,
            "book_valuer_per_share_4q_avg": 18.23,
            "equity": 1016941,
            "current_ratio": 142.64,
            "debt_ratio": 49.7,
            "inventory_turnover_ratio": 0.24,
            "account_receivable_turnover_ratio": 1.84,
            "reinvestment_rate": 147.66,
            "research_to_sale_ratio": 8.39,
            "price_fair": 53.45,
            "eps_avg_yearly": 1.53,
            "eps_latest_yearly": 3.64,
            "eps_growth_yearly": 238.44
        },
        "20153": {
            "year_quarter": 20153,
            "year": 2015,
            "quarter": 3,
            "eps": 0.7,
            "eps_growth_year": 105.88,
            "eps_4q": 2.31,
            "eps_4q_growth_year": 148.02,
            "roe": 3.68,
            "roe_4q": 13.05,
            "gross_profit": 242368,
            "gross_margin": 75.1,
            "gross_margin_4q_avg": 69.63,
            "net_income": 39523,
            "net_income_4q": null,
            "revenue": 322715,
            "revenue_4q": null,
            "common_shares": 567742,
            "book_valuer_per_share": 19.36,
            "book_valuer_per_share_4q_avg": 18.49,
            "equity": 1129815,
            "current_ratio": 146,
            "debt_ratio": 47.79,
            "inventory_turnover_ratio": 0.14,
            "account_receivable_turnover_ratio": 1.48,
            "reinvestment_rate": 149.55,
            "research_to_sale_ratio": 11.43,
            "price_fair": 56.89,
            "eps_avg_yearly": 1.63,
            "eps_latest_yearly": 2.8,
            "eps_growth_yearly": 146.14
        },
        "20154": {
            "year_quarter": 20154,
            "year": 2015,
            "quarter": 4,
            "eps": 0.35,
            "eps_growth_year": -25.16,
            "eps_4q": 1.86,
            "eps_4q_growth_year": 27.73,
            "roe": 1.75,
            "roe_4q": 12.149999999999999,
            "gross_profit": 271389,
            "gross_margin": 72.74,
            "gross_margin_4q_avg": 70.83,
            "net_income": 25350,
            "net_income_4q": null,
            "revenue": 373097,
            "revenue_4q": null,
            "common_shares": 712049,
            "book_valuer_per_share": 24.71,
            "book_valuer_per_share_4q_avg": 20.15,
            "equity": 1773049,
            "current_ratio": 291.17,
            "debt_ratio": 31.63,
            "inventory_turnover_ratio": 0.18,
            "account_receivable_turnover_ratio": 1.88,
            "reinvestment_rate": 63.67,
            "research_to_sale_ratio": 13.3,
            "price_fair": 58.93,
            "eps_avg_yearly": 1.68,
            "eps_latest_yearly": 1.4,
            "eps_growth_yearly": 148.25
        },
        "20161": {
            "year_quarter": 20161,
            "year": 2016,
            "quarter": 1,
            "eps": 1.16,
            "eps_growth_year": 262.5,
            "eps_4q": 2.77,
            "eps_4q_growth_year": 114.77,
            "roe": 4.56,
            "roe_4q": 14.96,
            "gross_profit": 251282,
            "gross_margin": 71.47,
            "gross_margin_4q_avg": 71.78,
            "net_income": 82507,
            "net_income_4q": null,
            "revenue": 351593,
            "revenue_4q": null,
            "common_shares": 717469,
            "book_valuer_per_share": 25.76,
            "book_valuer_per_share_4q_avg": 21.98,
            "equity": 1848524,
            "current_ratio": 338.5,
            "debt_ratio": 28.89,
            "inventory_turnover_ratio": 0.2,
            "account_receivable_turnover_ratio": 1.12,
            "reinvestment_rate": 149.28,
            "research_to_sale_ratio": 10.72,
            "price_fair": 68.22,
            "eps_avg_yearly": 1.95,
            "eps_latest_yearly": 4.64,
            "eps_growth_yearly": 186.47
        },
        "20162": {
            "year_quarter": 20162,
            "year": 2016,
            "quarter": 2,
            "eps": 0.55,
            "eps_growth_year": -39.56,
            "eps_4q": 2.6,
            "eps_4q_growth_year": 28.71,
            "roe": 2.16,
            "roe_4q": 12.149999999999999,
            "gross_profit": 244930,
            "gross_margin": 68.2,
            "gross_margin_4q_avg": 71.88,
            "net_income": 39065,
            "net_income_4q": null,
            "revenue": 359145,
            "revenue_4q": null,
            "common_shares": 717469,
            "book_valuer_per_share": 24.65,
            "book_valuer_per_share_4q_avg": 23.62,
            "equity": 1768777,
            "current_ratio": 223.44,
            "debt_ratio": 35.91,
            "inventory_turnover_ratio": 0.22,
            "account_receivable_turnover_ratio": 0.93,
            "reinvestment_rate": 147.54,
            "research_to_sale_ratio": 11.32,
            "price_fair": 72.04,
            "eps_avg_yearly": 2.06,
            "eps_latest_yearly": 2.2,
            "eps_growth_yearly": 182.57
        },
        "20163": {
            "year_quarter": 20163,
            "year": 2016,
            "quarter": 3,
            "eps": -0.13,
            "eps_growth_year": -118.57,
            "eps_4q": 1.92,
            "eps_4q_growth_year": -16.78,
            "roe": -0.59,
            "roe_4q": 7.88,
            "gross_profit": 209060,
            "gross_margin": 70.82,
            "gross_margin_4q_avg": 70.81,
            "net_income": -10447,
            "net_income_4q": null,
            "revenue": 295219,
            "revenue_4q": null,
            "common_shares": 717469,
            "book_valuer_per_share": 24.38,
            "book_valuer_per_share_4q_avg": 24.88,
            "equity": 1770849,
            "current_ratio": 209.52,
            "debt_ratio": 38.39,
            "inventory_turnover_ratio": 0.16,
            "account_receivable_turnover_ratio": 0.98,
            "reinvestment_rate": 153.81,
            "research_to_sale_ratio": 12.61,
            "price_fair": 72.04,
            "eps_avg_yearly": 2.06,
            "eps_latest_yearly": 2.2,
            "eps_growth_yearly": 182.57
        },
        "20164": {
            "year_quarter": 20164,
            "year": 2016,
            "quarter": 4,
            "eps": 0.47,
            "eps_growth_year": 33.93,
            "eps_4q": 2.04,
            "eps_4q_growth_year": 9.56,
            "roe": 1.66,
            "roe_4q": 7.789999999999999,
            "gross_profit": 274196,
            "gross_margin": 72.66,
            "gross_margin_4q_avg": 70.79,
            "net_income": 29724,
            "net_income_4q": null,
            "revenue": 377383,
            "revenue_4q": null,
            "common_shares": 717469,
            "book_valuer_per_share": 24.71,
            "book_valuer_per_share_4q_avg": 24.88,
            "equity": 1801546,
            "current_ratio": 178.35,
            "debt_ratio": 39.05,
            "inventory_turnover_ratio": 0.18,
            "account_receivable_turnover_ratio": 1.34,
            "reinvestment_rate": 194.53,
            "research_to_sale_ratio": 12.1,
            "price_fair": 72.04,
            "eps_avg_yearly": 2.06,
            "eps_latest_yearly": 2.2,
            "eps_growth_yearly": 182.57
        },
        "20171": {
            "year_quarter": 20171,
            "year": 2017,
            "quarter": 1,
            "eps": -0.05,
            "eps_growth_year": -104.31,
            "eps_4q": 0.84,
            "eps_4q_growth_year": -69.5,
            "roe": -0.44,
            "roe_4q": 2.79,
            "gross_profit": 259463,
            "gross_margin": 71.82,
            "gross_margin_4q_avg": 70.88,
            "net_income": -7835,
            "net_income_4q": null,
            "revenue": 361245,
            "revenue_4q": null,
            "common_shares": 717469,
            "book_valuer_per_share": 24.29,
            "book_valuer_per_share_4q_avg": 24.51,
            "equity": 1766179,
            "current_ratio": 96.44,
            "debt_ratio": 53.38,
            "inventory_turnover_ratio": 0.17,
            "account_receivable_turnover_ratio": 1.18,
            "reinvestment_rate": 271.39,
            "research_to_sale_ratio": 10.02,
            "price_fair": 74.06,
            "eps_avg_yearly": 2.12,
            "eps_latest_yearly": 2.2,
            "eps_growth_yearly": 117.5
        },
        "20172": {
            "year_quarter": 20172,
            "year": 2017,
            "quarter": 2,
            "eps": 1.19,
            "eps_growth_year": 116.36,
            "eps_4q": 1.48,
            "eps_4q_growth_year": -43.22,
            "roe": 4.56,
            "roe_4q": 5.1899999999999995,
            "gross_profit": 405205,
            "gross_margin": 74.58,
            "gross_margin_4q_avg": 72.47,
            "net_income": 80450,
            "net_income_4q": null,
            "revenue": 543325,
            "revenue_4q": null,
            "common_shares": 717469,
            "book_valuer_per_share": 24.25,
            "book_valuer_per_share_4q_avg": 24.41,
            "equity": 1759685,
            "current_ratio": 101.95,
            "debt_ratio": 54.1,
            "inventory_turnover_ratio": 0.2,
            "account_receivable_turnover_ratio": 1.34,
            "reinvestment_rate": 202.51,
            "research_to_sale_ratio": 8.17,
            "price_fair": 77.62,
            "eps_avg_yearly": 2.22,
            "eps_latest_yearly": 2.2,
            "eps_growth_yearly": 138.96
        },
        "20173": {
            "year_quarter": 20173,
            "year": 2017,
            "quarter": 3,
            "eps": 0.34,
            "eps_growth_year": null,
            "eps_4q": 1.43,
            "eps_4q_growth_year": -25.89,
            "roe": 0.95,
            "roe_4q": 6.7299999999999995,
            "gross_profit": 371403,
            "gross_margin": 71.27,
            "gross_margin_4q_avg": 72.58,
            "net_income": 18199,
            "net_income_4q": null,
            "revenue": 521097,
            "revenue_4q": null,
            "common_shares": 717249,
            "book_valuer_per_share": 21.11,
            "book_valuer_per_share_4q_avg": 23.59,
            "equity": 2073714,
            "current_ratio": 140.09,
            "debt_ratio": 52.77,
            "inventory_turnover_ratio": 0.19,
            "account_receivable_turnover_ratio": 1.06,
            "reinvestment_rate": 193.96,
            "research_to_sale_ratio": 10.48,
            "price_fair": 74.62,
            "eps_avg_yearly": 2.13,
            "eps_latest_yearly": 1.36,
            "eps_growth_yearly": 96.49
        },
        "20174": {
            "year_quarter": 20174,
            "year": 2017,
            "quarter": 4,
            "eps": 0.32,
            "eps_growth_year": -32.94,
            "eps_4q": 1.63,
            "eps_4q_growth_year": -20.02,
            "roe": 0.94,
            "roe_4q": 6.009999999999999,
            "gross_profit": 386360,
            "gross_margin": 70.64,
            "gross_margin_4q_avg": 72.08,
            "net_income": 20125,
            "net_income_4q": null,
            "revenue": 546925,
            "revenue_4q": null,
            "common_shares": 797129,
            "book_valuer_per_share": 27.66,
            "book_valuer_per_share_4q_avg": 24.33,
            "equity": 2218124,
            "current_ratio": 150.88,
            "debt_ratio": 48.36,
            "inventory_turnover_ratio": 0.18,
            "account_receivable_turnover_ratio": 1.12,
            "reinvestment_rate": 219.94,
            "research_to_sale_ratio": 11.62,
            "price_fair": 71.91,
            "eps_avg_yearly": 2.05,
            "eps_latest_yearly": 1.28,
            "eps_growth_yearly": 85.58
        },
        "20181": {
            "year_quarter": 20181,
            "year": 2018,
            "quarter": 1,
            "eps": 0.34,
            "eps_growth_year": null,
            "eps_4q": 2.01,
            "eps_4q_growth_year": 138.75,
            "roe": 1.01,
            "roe_4q": 7.459999999999999,
            "gross_profit": 415848,
            "gross_margin": 72.18,
            "gross_margin_4q_avg": 72.17,
            "net_income": 22709,
            "net_income_4q": null,
            "revenue": 576122,
            "revenue_4q": null,
            "common_shares": 797129,
            "book_valuer_per_share": 28.14,
            "book_valuer_per_share_4q_avg": 25.29,
            "equity": 2267943,
            "current_ratio": 141.53,
            "debt_ratio": 50.15,
            "inventory_turnover_ratio": 0.17,
            "account_receivable_turnover_ratio": 1.13,
            "reinvestment_rate": 219.89,
            "research_to_sale_ratio": 9.46,
            "price_fair": 69.88,
            "eps_avg_yearly": 2,
            "eps_latest_yearly": 1.36,
            "eps_growth_yearly": 80.53
        },
        "20182": {
            "year_quarter": 20182,
            "year": 2018,
            "quarter": 2,
            "eps": 0.39,
            "eps_growth_year": -67.23,
            "eps_4q": 1.34,
            "eps_4q_growth_year": -9.16,
            "roe": 0.81,
            "roe_4q": 3.71,
            "gross_profit": 410547,
            "gross_margin": 64.19,
            "gross_margin_4q_avg": 69.57,
            "net_income": 18068,
            "net_income_4q": null,
            "revenue": 639556,
            "revenue_4q": null,
            "common_shares": 797009,
            "book_valuer_per_share": 27.22,
            "book_valuer_per_share_4q_avg": 26.03,
            "equity": 2183147,
            "current_ratio": 140.5,
            "debt_ratio": 54.89,
            "inventory_turnover_ratio": 0.23,
            "account_receivable_turnover_ratio": 1.08,
            "reinvestment_rate": 221.38,
            "research_to_sale_ratio": 8.23,
            "price_fair": 72.22,
            "eps_avg_yearly": 2.06,
            "eps_latest_yearly": 1.56,
            "eps_growth_yearly": 106.35
        },
        "20183": {
            "year_quarter": 20183,
            "year": 2018,
            "quarter": 3,
            "eps": 0.22,
            "eps_growth_year": -35.29,
            "eps_4q": 1.25,
            "eps_4q_growth_year": -12.56,
            "roe": 0.71,
            "roe_4q": 3.47,
            "gross_profit": 368697,
            "gross_margin": 71.67,
            "gross_margin_4q_avg": 69.67,
            "net_income": 15467,
            "net_income_4q": null,
            "revenue": 514419,
            "revenue_4q": null,
            "common_shares": 804509,
            "book_valuer_per_share": 27.06,
            "book_valuer_per_share_4q_avg": 27.52,
            "equity": 2194920,
            "current_ratio": 138.49,
            "debt_ratio": 55,
            "inventory_turnover_ratio": 0.14,
            "account_receivable_turnover_ratio": 0.78,
            "reinvestment_rate": 214.56,
            "research_to_sale_ratio": 8.87,
            "price_fair": 70.82,
            "eps_avg_yearly": 2.02,
            "eps_latest_yearly": 0.88,
            "eps_growth_yearly": 65.51
        },
        "20184": {
            "year_quarter": 20184,
            "year": 2018,
            "quarter": 4,
            "eps": 0.65,
            "eps_growth_year": 105.91,
            "eps_4q": 1.59,
            "eps_4q_growth_year": -2.98,
            "roe": 2.08,
            "roe_4q": 4.61,
            "gross_profit": 420655,
            "gross_margin": 69.86,
            "gross_margin_4q_avg": 69.48,
            "net_income": 46248,
            "net_income_4q": null,
            "revenue": 602150,
            "revenue_4q": null,
            "common_shares": 804509,
            "book_valuer_per_share": 27.74,
            "book_valuer_per_share_4q_avg": 27.54,
            "equity": 2250358,
            "current_ratio": 148.78,
            "debt_ratio": 53.6,
            "inventory_turnover_ratio": 0.16,
            "account_receivable_turnover_ratio": 0.91,
            "reinvestment_rate": 201.8,
            "research_to_sale_ratio": 7.92,
            "price_fair": 72.92,
            "eps_avg_yearly": 2.08,
            "eps_latest_yearly": 2.6,
            "eps_growth_yearly": 117.91
        },
        "20191": {
            "year_quarter": 20191,
            "year": 2019,
            "quarter": 1,
            "eps": 0.19,
            "eps_growth_year": -44.12,
            "eps_4q": 1.44,
            "eps_4q_growth_year": -28.4,
            "roe": 0.39,
            "roe_4q": 3.99,
            "gross_profit": 405517,
            "gross_margin": 71.92,
            "gross_margin_4q_avg": 69.41,
            "net_income": 8855,
            "net_income_4q": null,
            "revenue": 563846,
            "revenue_4q": null,
            "common_shares": 804509,
            "book_valuer_per_share": 28.06,
            "book_valuer_per_share_4q_avg": 27.52,
            "equity": 2272413,
            "current_ratio": 127.52,
            "debt_ratio": 55.13,
            "inventory_turnover_ratio": 0.14,
            "account_receivable_turnover_ratio": 0.9,
            "reinvestment_rate": 232.72,
            "research_to_sale_ratio": 7.19,
            "price_fair": 71.4,
            "eps_avg_yearly": 2.04,
            "eps_latest_yearly": 0.76,
            "eps_growth_yearly": 104.96
        },
        "20192": {
            "year_quarter": 20192,
            "year": 2019,
            "quarter": 2,
            "eps": 0.59,
            "eps_growth_year": 51.28,
            "eps_4q": 1.65,
            "eps_4q_growth_year": 22.82,
            "roe": 1.73,
            "roe_4q": 4.91,
            "gross_profit": 461260,
            "gross_margin": 71.38,
            "gross_margin_4q_avg": 71.21,
            "net_income": 40580,
            "net_income_4q": null,
            "revenue": 646233,
            "revenue_4q": null,
            "common_shares": 804329,
            "book_valuer_per_share": 28.6,
            "book_valuer_per_share_4q_avg": 27.87,
            "equity": 2413488,
            "current_ratio": 135.6,
            "debt_ratio": 54.48,
            "inventory_turnover_ratio": 0.16,
            "account_receivable_turnover_ratio": 1.13,
            "reinvestment_rate": 231.48,
            "research_to_sale_ratio": 7.11,
            "price_fair": 67.67,
            "eps_avg_yearly": 1.93,
            "eps_latest_yearly": 2.36,
            "eps_growth_yearly": 113.68
        },
        "20193": {
            "year_quarter": 20193,
            "year": 2019,
            "quarter": 3,
            "eps": 0.2,
            "eps_growth_year": -9.09,
            "eps_4q": 1.62,
            "eps_4q_growth_year": 30.18,
            "roe": 0.52,
            "roe_4q": 4.720000000000001,
            "gross_profit": 419294,
            "gross_margin": 72.2,
            "gross_margin_4q_avg": 71.34,
            "net_income": 12558,
            "net_income_4q": null,
            "revenue": 580740,
            "revenue_4q": null,
            "common_shares": 804269,
            "book_valuer_per_share": 28.74,
            "book_valuer_per_share_4q_avg": 28.29,
            "equity": 2420132,
            "current_ratio": 137.02,
            "debt_ratio": 54.62,
            "inventory_turnover_ratio": 0.14,
            "account_receivable_turnover_ratio": 1.07,
            "reinvestment_rate": 218.73,
            "research_to_sale_ratio": 7.64,
            "price_fair": 61.83,
            "eps_avg_yearly": 1.77,
            "eps_latest_yearly": 0.8,
            "eps_growth_yearly": 99.34
        },
        "20194": {
            "year_quarter": 20194,
            "year": 2019,
            "quarter": 4,
            "eps": 0.13,
            "eps_growth_year": -79.74,
            "eps_4q": 1.1,
            "eps_4q_growth_year": -30.53,
            "roe": 0.37,
            "roe_4q": 3.0100000000000002,
            "gross_profit": 436428,
            "gross_margin": 67.57,
            "gross_margin_4q_avg": 70.77,
            "net_income": 9793,
            "net_income_4q": null,
            "revenue": 645881,
            "revenue_4q": null,
            "common_shares": 804209,
            "book_valuer_per_share": 31.26,
            "book_valuer_per_share_4q_avg": 29.17,
            "equity": 2933928,
            "current_ratio": 183.33,
            "debt_ratio": 44.06,
            "inventory_turnover_ratio": 0.18,
            "account_receivable_turnover_ratio": 1.19,
            "reinvestment_rate": 280.48,
            "research_to_sale_ratio": 8.89,
            "price_fair": 59.27,
            "eps_avg_yearly": 1.69,
            "eps_latest_yearly": 0.52,
            "eps_growth_yearly": 104.34
        },
        "20201": {
            "year_quarter": 20201,
            "year": 2020,
            "quarter": 1,
            "eps": -0.17,
            "eps_growth_year": -189.47,
            "eps_4q": 0.75,
            "eps_4q_growth_year": -47.75,
            "roe": -0.49,
            "roe_4q": 2.13,
            "gross_profit": 365543,
            "gross_margin": 69.87,
            "gross_margin_4q_avg": 70.26,
            "net_income": -14444,
            "net_income_4q": null,
            "revenue": 523189,
            "revenue_4q": null,
            "common_shares": 804209,
            "book_valuer_per_share": 31.07,
            "book_valuer_per_share_4q_avg": 29.92,
            "equity": 2914441,
            "current_ratio": 166.52,
            "debt_ratio": 51.89,
            "inventory_turnover_ratio": 0.14,
            "account_receivable_turnover_ratio": 0.99,
            "reinvestment_rate": 247.27,
            "research_to_sale_ratio": 7.91,
            "price_fair": 49.89,
            "eps_avg_yearly": 1.43,
            "eps_latest_yearly": 0.52,
            "eps_growth_yearly": 29.67
        },
        "20202": {
            "year_quarter": 20202,
            "year": 2020,
            "quarter": 2,
            "eps": 0,
            "eps_growth_year": -100,
            "eps_4q": 0.38,
            "eps_4q_growth_year": -76.94,
            "roe": 0.57,
            "roe_4q": 0.97,
            "gross_profit": 316312,
            "gross_margin": 64.47,
            "gross_margin_4q_avg": 68.53,
            "net_income": 16315,
            "net_income_4q": null,
            "revenue": 490607,
            "revenue_4q": null,
            "common_shares": 804209,
            "book_valuer_per_share": 31.03,
            "book_valuer_per_share_4q_avg": 30.53,
            "equity": 2785307,
            "current_ratio": 152.55,
            "debt_ratio": 53.09,
            "inventory_turnover_ratio": 0.15,
            "account_receivable_turnover_ratio": 0.94,
            "reinvestment_rate": 233.42,
            "research_to_sale_ratio": 6.94,
            "price_fair": 47.18,
            "eps_avg_yearly": 1.35,
            "eps_latest_yearly": 0.52,
            "eps_growth_yearly": 53.67
        },
        "20203": {
            "year_quarter": 20203,
            "year": 2020,
            "quarter": 3,
            "eps": 0.49,
            "eps_growth_year": 145,
            "eps_4q": 0.74,
            "eps_4q_growth_year": -54.35,
            "roe": 1.58,
            "roe_4q": 2.03,
            "gross_profit": 462147,
            "gross_margin": 71.11,
            "gross_margin_4q_avg": 68.26,
            "net_income": 44560,
            "net_income_4q": null,
            "revenue": 649868,
            "revenue_4q": null,
            "common_shares": 784079,
            "book_valuer_per_share": 31.03,
            "book_valuer_per_share_4q_avg": 31.1,
            "equity": 2848830,
            "current_ratio": 163.52,
            "debt_ratio": 48.73,
            "inventory_turnover_ratio": 0.17,
            "account_receivable_turnover_ratio": 1.16,
            "reinvestment_rate": 203.83,
            "research_to_sale_ratio": 6.66,
            "price_fair": 47.18,
            "eps_avg_yearly": 1.35,
            "eps_latest_yearly": 0.52,
            "eps_growth_yearly": 53.67
        },
        "20204": {
            "year_quarter": 20204,
            "year": 2020,
            "quarter": 4,
            "eps": 0.69,
            "eps_growth_year": 424.12,
            "eps_4q": 1.3,
            "eps_4q_growth_year": 17.93,
            "roe": 1.9,
            "roe_4q": 3.5599999999999996,
            "gross_profit": 498035,
            "gross_margin": 73.4,
            "gross_margin_4q_avg": 69.71,
            "net_income": 54881,
            "net_income_4q": null,
            "revenue": 678562,
            "revenue_4q": null,
            "common_shares": 783898,
            "book_valuer_per_share": 31.89,
            "book_valuer_per_share_4q_avg": 31.26,
            "equity": 2925030,
            "current_ratio": 156,
            "debt_ratio": 47.65,
            "inventory_turnover_ratio": 0.16,
            "account_receivable_turnover_ratio": 1.19,
            "reinvestment_rate": 144.48,
            "research_to_sale_ratio": 5.36,
            "price_fair": 51.67,
            "eps_avg_yearly": 1.48,
            "eps_latest_yearly": 2.76,
            "eps_growth_yearly": 63.63
        },
        "20211": {
            "year_quarter": 20211,
            "year": 2021,
            "quarter": 1,
            "eps": -0.07,
            "eps_growth_year": null,
            "eps_4q": 1.39,
            "eps_4q_growth_year": 85.05,
            "roe": -0.24,
            "roe_4q": 3.81,
            "gross_profit": 450987,
            "gross_margin": 71.99,
            "gross_margin_4q_avg": 70.24,
            "net_income": -7046,
            "net_income_4q": null,
            "revenue": 626474,
            "revenue_4q": null,
            "common_shares": 783898,
            "book_valuer_per_share": 31.62,
            "book_valuer_per_share_4q_avg": 31.39,
            "equity": 2898946,
            "current_ratio": 163.81,
            "debt_ratio": 45.97,
            "inventory_turnover_ratio": 0.15,
            "account_receivable_turnover_ratio": 1.11,
            "reinvestment_rate": 83.55,
            "research_to_sale_ratio": 6.31,
            "price_fair": 51.67,
            "eps_avg_yearly": 1.48,
            "eps_latest_yearly": 2.76,
            "eps_growth_yearly": 63.63
        },
        "20212": {
            "year_quarter": 20212,
            "year": 2021,
            "quarter": 2,
            "eps": -0.04,
            "eps_growth_year": null,
            "eps_4q": 1.15,
            "eps_4q_growth_year": 203.32,
            "roe": -0.12,
            "roe_4q": 3.12,
            "gross_profit": 419060,
            "gross_margin": 70.34,
            "gross_margin_4q_avg": 71.71,
            "net_income": -3419,
            "net_income_4q": null,
            "revenue": 595771,
            "revenue_4q": null,
            "common_shares": 781181,
            "book_valuer_per_share": 31.39,
            "book_valuer_per_share_4q_avg": 31.48,
            "equity": 2868869,
            "current_ratio": 169.11,
            "debt_ratio": 45.94,
            "inventory_turnover_ratio": 0.15,
            "account_receivable_turnover_ratio": 1.1,
            "reinvestment_rate": 104.21,
            "research_to_sale_ratio": 6.27,
            "price_fair": 51.67,
            "eps_avg_yearly": 1.48,
            "eps_latest_yearly": 2.76,
            "eps_growth_yearly": 63.63
        },
        "20213": {
            "year_quarter": 20213,
            "year": 2021,
            "quarter": 3,
            "eps": 0.05,
            "eps_growth_year": -89.8,
            "eps_4q": 0.94,
            "eps_4q_growth_year": 26.82,
            "roe": 1.02,
            "roe_4q": 2.56,
            "gross_profit": 449012,
            "gross_margin": 72.57,
            "gross_margin_4q_avg": 72.08,
            "net_income": 28940,
            "net_income_4q": null,
            "revenue": 618708,
            "revenue_4q": null,
            "common_shares": 781116,
            "book_valuer_per_share": 30.61,
            "book_valuer_per_share_4q_avg": 31.38,
            "equity": 2794482,
            "current_ratio": 122.78,
            "debt_ratio": 46.75,
            "inventory_turnover_ratio": 0.15,
            "account_receivable_turnover_ratio": 1.2,
            "reinvestment_rate": 92.39,
            "research_to_sale_ratio": 6.06,
            "price_fair": 52.08,
            "eps_avg_yearly": 1.49,
            "eps_latest_yearly": 2.76,
            "eps_growth_yearly": 98.56
        },
        "20214": {
            "year_quarter": 20214,
            "year": 2021,
            "quarter": 4,
            "eps": 0.43,
            "eps_growth_year": -38.59,
            "eps_4q": 0.67,
            "eps_4q_growth_year": -48.48,
            "roe": 1.23,
            "roe_4q": 1.89,
            "gross_profit": 522285,
            "gross_margin": 71.55,
            "gross_margin_4q_avg": 71.61,
            "net_income": 34402,
            "net_income_4q": null,
            "revenue": 729913,
            "revenue_4q": null,
            "common_shares": 781116,
            "book_valuer_per_share": 30.9,
            "book_valuer_per_share_4q_avg": 31.13,
            "equity": 2820641,
            "current_ratio": 125.41,
            "debt_ratio": 46.22,
            "inventory_turnover_ratio": 0.18,
            "account_receivable_turnover_ratio": 1.31,
            "reinvestment_rate": 30.3,
            "research_to_sale_ratio": 4.01,
            "price_fair": 53.62,
            "eps_avg_yearly": 1.53,
            "eps_latest_yearly": 1.72,
            "eps_growth_yearly": 404.92
        },
        "20221": {
            "year_quarter": 20221,
            "year": 2022,
            "quarter": 1,
            "eps": 0.46,
            "eps_growth_year": null,
            "eps_4q": 1.2,
            "eps_4q_growth_year": -13.82,
            "roe": 1.27,
            "roe_4q": 3.4,
            "gross_profit": 544734,
            "gross_margin": 73.64,
            "gross_margin_4q_avg": 72.03,
            "net_income": 36355,
            "net_income_4q": null,
            "revenue": 739751,
            "revenue_4q": null,
            "common_shares": 781116,
            "book_valuer_per_share": 31.68,
            "book_valuer_per_share_4q_avg": 31.15,
            "equity": 2890532,
            "current_ratio": 126.27,
            "debt_ratio": 46.26,
            "inventory_turnover_ratio": 0.17,
            "account_receivable_turnover_ratio": 1.2,
            "reinvestment_rate": 25.18,
            "research_to_sale_ratio": 5.03,
            "price_fair": 55.3,
            "eps_avg_yearly": 1.58,
            "eps_latest_yearly": 1.84,
            "eps_growth_yearly": 405.21
        },
        "20222": {
            "year_quarter": 20222,
            "year": 2022,
            "quarter": 2,
            "eps": 0.32,
            "eps_growth_year": null,
            "eps_4q": 1.55,
            "eps_4q_growth_year": 34.78,
            "roe": 0.88,
            "roe_4q": 4.4,
            "gross_profit": 561835,
            "gross_margin": 75.52,
            "gross_margin_4q_avg": 73.32,
            "net_income": 25494,
            "net_income_4q": null,
            "revenue": 743976,
            "revenue_4q": null,
            "common_shares": 781116,
            "book_valuer_per_share": 31.84,
            "book_valuer_per_share_4q_avg": 31.26,
            "equity": 2899384,
            "current_ratio": 126.71,
            "debt_ratio": 46.68,
            "inventory_turnover_ratio": 0.16,
            "account_receivable_turnover_ratio": 1.14,
            "reinvestment_rate": 0.56,
            "research_to_sale_ratio": 6.06,
            "price_fair": 54.32,
            "eps_avg_yearly": 1.55,
            "eps_latest_yearly": 1.28,
            "eps_growth_yearly": 387.15
        },
        "20223": {
            "year_quarter": 20223,
            "year": 2022,
            "quarter": 3,
            "eps": 1.01,
            "eps_growth_year": 1920,
            "eps_4q": 2.21,
            "eps_4q_growth_year": 135.37,
            "roe": 2.7,
            "roe_4q": 6.08,
            "gross_profit": 563742,
            "gross_margin": 74.21,
            "gross_margin_4q_avg": 73.73,
            "net_income": 79683,
            "net_income_4q": null,
            "revenue": 759664,
            "revenue_4q": null,
            "common_shares": 781116,
            "book_valuer_per_share": 32.95,
            "book_valuer_per_share_4q_avg": 31.84,
            "equity": 2997808,
            "current_ratio": 150.86,
            "debt_ratio": 46.2,
            "inventory_turnover_ratio": 0.16,
            "account_receivable_turnover_ratio": 1.08,
            "reinvestment_rate": 2.33,
            "research_to_sale_ratio": 5.73,
            "price_fair": 65.38,
            "eps_avg_yearly": 1.87,
            "eps_latest_yearly": 4.04,
            "eps_growth_yearly": 490.84
        },
        "20224": {
            "year_quarter": 20224,
            "year": 2022,
            "quarter": 4,
            "eps": 1.05,
            "eps_growth_year": 146.6,
            "eps_4q": 2.84,
            "eps_4q_growth_year": 323.71,
            "roe": 2.7,
            "roe_4q": 7.550000000000001,
            "gross_profit": 692672,
            "gross_margin": 74.86,
            "gross_margin_4q_avg": 74.56,
            "net_income": 82049,
            "net_income_4q": null,
            "revenue": 925289,
            "revenue_4q": null,
            "common_shares": 781316,
            "book_valuer_per_share": 33.99,
            "book_valuer_per_share_4q_avg": 32.62,
            "equity": 3089876,
            "current_ratio": 152.13,
            "debt_ratio": 44.98,
            "inventory_turnover_ratio": 0.18,
            "account_receivable_turnover_ratio": 1.16,
            "reinvestment_rate": 1.46,
            "research_to_sale_ratio": 4.48,
            "price_fair": 70.98,
            "eps_avg_yearly": 2.03,
            "eps_latest_yearly": 4.2,
            "eps_growth_yearly": 414.24
        },
        "20231": {
            "year_quarter": 20231,
            "year": 2023,
            "quarter": 1,
            "eps": 0.85,
            "eps_growth_year": 84.78,
            "eps_4q": 3.14,
            "eps_4q_growth_year": 161.67,
            "roe": 2.15,
            "roe_4q": 8.43,
            "gross_profit": 713136,
            "gross_margin": 76.84,
            "gross_margin_4q_avg": 75.36,
            "net_income": 67059,
            "net_income_4q": null,
            "revenue": 928095,
            "revenue_4q": null,
            "common_shares": 802831,
            "book_valuer_per_share": 34.79,
            "book_valuer_per_share_4q_avg": 33.39,
            "equity": 3161259,
            "current_ratio": 152.65,
            "debt_ratio": 45.25,
            "inventory_turnover_ratio": 0.16,
            "account_receivable_turnover_ratio": 1.05,
            "reinvestment_rate": -30.24,
            "research_to_sale_ratio": 5.41,
            "price_fair": 80.22,
            "eps_avg_yearly": 2.29,
            "eps_latest_yearly": 3.4,
            "eps_growth_yearly": 434.93
        },
        "20232": {
            "year_quarter": 20232,
            "year": 2023,
            "quarter": 2,
            "eps": 0.97,
            "eps_growth_year": 203.12,
            "eps_4q": 3.64,
            "eps_4q_growth_year": 134.39,
            "roe": 2.79,
            "roe_4q": 10.34,
            "gross_profit": 724913,
            "gross_margin": 77.67,
            "gross_margin_4q_avg": 75.9,
            "net_income": 86958,
            "net_income_4q": null,
            "revenue": 933310,
            "revenue_4q": null,
            "common_shares": 860015,
            "book_valuer_per_share": 33.91,
            "book_valuer_per_share_4q_avg": 33.91,
            "equity": 3082430,
            "current_ratio": 187.37,
            "debt_ratio": 47.76,
            "inventory_turnover_ratio": 0.15,
            "account_receivable_turnover_ratio": 1.01,
            "reinvestment_rate": -26.54,
            "research_to_sale_ratio": 5.61,
            "price_fair": 85.54,
            "eps_avg_yearly": 2.44,
            "eps_latest_yearly": 3.88,
            "eps_growth_yearly": 356.36
        },
        "20233": {
            "year_quarter": 20233,
            "year": 2023,
            "quarter": 3,
            "eps": 1.3,
            "eps_growth_year": 28.71,
            "eps_4q": 3.96,
            "eps_4q_growth_year": 79.14,
            "roe": 3.57,
            "roe_4q": 11.21,
            "gross_profit": 728804,
            "gross_margin": 78,
            "gross_margin_4q_avg": 76.84,
            "net_income": 113007,
            "net_income_4q": null,
            "revenue": 934365,
            "revenue_4q": null,
            "common_shares": 874812,
            "book_valuer_per_share": 35.74,
            "book_valuer_per_share_4q_avg": 34.61,
            "equity": 3243599,
            "current_ratio": 188.03,
            "debt_ratio": 47.5,
            "inventory_turnover_ratio": 0.13,
            "account_receivable_turnover_ratio": 1,
            "reinvestment_rate": -4.96,
            "research_to_sale_ratio": 3.63,
            "price_fair": 100.94,
            "eps_avg_yearly": 2.88,
            "eps_latest_yearly": 5.2,
            "eps_growth_yearly": 396.41
        }
    },
    "months": {
        "2003-10": {
            "month": "2003-10",
            "price": "9.00",
            "revenue": 39999
        },
        "2003-11": {
            "month": "2003-11",
            "price": "9.00",
            "revenue": 37747
        },
        "2003-12": {
            "month": "2003-12",
            "price": "9.71",
            "revenue": 32570
        },
        "2004-02": {
            "month": "2004-02",
            "price": "10.51",
            "revenue": 41484
        },
        "2004-03": {
            "month": "2004-03",
            "price": "11.21",
            "revenue": 43971
        },
        "2004-04": {
            "month": "2004-04",
            "price": "12.17",
            "revenue": 36030
        },
        "2004-05": {
            "month": "2004-05",
            "price": "10.03",
            "revenue": 41212
        },
        "2004-06": {
            "month": "2004-06",
            "price": "12.21",
            "revenue": 43510
        },
        "2004-07": {
            "month": "2004-07",
            "price": "12.90",
            "revenue": 42655
        },
        "2004-08": {
            "month": "2004-08",
            "price": "13.90",
            "revenue": 41835
        },
        "2004-09": {
            "month": "2004-09",
            "price": "14.38",
            "revenue": 38765
        },
        "2004-10": {
            "month": "2004-10",
            "price": "13.97",
            "revenue": 48148
        },
        "2004-11": {
            "month": "2004-11",
            "price": "13.27",
            "revenue": 40712
        },
        "2004-12": {
            "month": "2004-12",
            "price": "14.02",
            "revenue": 39746
        },
        "2005-01": {
            "month": "2005-01",
            "price": "15.15",
            "revenue": 40932
        },
        "2005-02": {
            "month": "2005-02",
            "price": "17.82",
            "revenue": 24186
        },
        "2005-03": {
            "month": "2005-03",
            "price": "17.76",
            "revenue": 43278
        },
        "2005-04": {
            "month": "2005-04",
            "price": "17.42",
            "revenue": 34930
        },
        "2005-05": {
            "month": "2005-05",
            "price": "15.97",
            "revenue": 44107
        },
        "2005-06": {
            "month": "2005-06",
            "price": "15.22",
            "revenue": 42440
        },
        "2005-07": {
            "month": "2005-07",
            "price": "14.37",
            "revenue": 40220
        },
        "2005-08": {
            "month": "2005-08",
            "price": "13.82",
            "revenue": 32697
        },
        "2005-09": {
            "month": "2005-09",
            "price": "13.71",
            "revenue": 41361
        },
        "2005-10": {
            "month": "2005-10",
            "price": "13.83",
            "revenue": 50275
        },
        "2005-11": {
            "month": "2005-11",
            "price": "13.09",
            "revenue": 51370
        },
        "2005-12": {
            "month": "2005-12",
            "price": "13.10",
            "revenue": 46578
        },
        "2006-01": {
            "month": "2006-01",
            "price": "13.01",
            "revenue": 44305
        },
        "2006-02": {
            "month": "2006-02",
            "price": "12.68",
            "revenue": 32811
        },
        "2006-03": {
            "month": "2006-03",
            "price": "12.28",
            "revenue": 49956
        },
        "2006-04": {
            "month": "2006-04",
            "price": "12.21",
            "revenue": 30195
        },
        "2006-05": {
            "month": "2006-05",
            "price": "12.02",
            "revenue": 38188
        },
        "2006-06": {
            "month": "2006-06",
            "price": "11.61",
            "revenue": 47036
        },
        "2006-07": {
            "month": "2006-07",
            "price": "11.35",
            "revenue": 48573
        },
        "2006-08": {
            "month": "2006-08",
            "price": "10.97",
            "revenue": 37784
        },
        "2006-09": {
            "month": "2006-09",
            "price": "10.21",
            "revenue": 43618
        },
        "2006-10": {
            "month": "2006-10",
            "price": "10.60",
            "revenue": 44146
        },
        "2006-11": {
            "month": "2006-11",
            "price": "11.02",
            "revenue": 52903
        },
        "2006-12": {
            "month": "2006-12",
            "price": "12.55",
            "revenue": 49998
        },
        "2007-01": {
            "month": "2007-01",
            "price": "16.77",
            "revenue": 48137
        },
        "2007-02": {
            "month": "2007-02",
            "price": "17.45",
            "revenue": 33126
        },
        "2007-03": {
            "month": "2007-03",
            "price": "19.37",
            "revenue": 58545
        },
        "2007-04": {
            "month": "2007-04",
            "price": "28.16",
            "revenue": 56733
        },
        "2007-05": {
            "month": "2007-05",
            "price": "34.00",
            "revenue": 61273
        },
        "2007-06": {
            "month": "2007-06",
            "price": "49.88",
            "revenue": 48248
        },
        "2007-07": {
            "month": "2007-07",
            "price": "73.15",
            "revenue": 58514
        },
        "2007-08": {
            "month": "2007-08",
            "price": "66.09",
            "revenue": 54576
        },
        "2007-09": {
            "month": "2007-09",
            "price": "53.88",
            "revenue": 44880
        },
        "2007-10": {
            "month": "2007-10",
            "price": "49.66",
            "revenue": 53932
        },
        "2007-11": {
            "month": "2007-11",
            "price": "41.32",
            "revenue": 59913
        },
        "2007-12": {
            "month": "2007-12",
            "price": "36.31",
            "revenue": 52928
        },
        "2008-01": {
            "month": "2008-01",
            "price": "34.12",
            "revenue": 46851
        },
        "2008-02": {
            "month": "2008-02",
            "price": "30.77",
            "revenue": 39586
        },
        "2008-03": {
            "month": "2008-03",
            "price": "33.83",
            "revenue": 48348
        },
        "2008-04": {
            "month": "2008-04",
            "price": "40.74",
            "revenue": 48124
        },
        "2008-05": {
            "month": "2008-05",
            "price": "39.05",
            "revenue": 51350
        },
        "2008-06": {
            "month": "2008-06",
            "price": "27.47",
            "revenue": 54485
        },
        "2008-07": {
            "month": "2008-07",
            "price": "24.35",
            "revenue": 53131
        },
        "2008-08": {
            "month": "2008-08",
            "price": "24.52",
            "revenue": 44736
        },
        "2008-09": {
            "month": "2008-09",
            "price": "16.76",
            "revenue": 53255
        },
        "2008-10": {
            "month": "2008-10",
            "price": "14.36",
            "revenue": 71978
        },
        "2008-11": {
            "month": "2008-11",
            "price": "14.99",
            "revenue": 56292
        },
        "2008-12": {
            "month": "2008-12",
            "price": "13.16",
            "revenue": 43955
        },
        "2009-01": {
            "month": "2009-01",
            "price": "12.61",
            "revenue": 41392
        },
        "2009-02": {
            "month": "2009-02",
            "price": "13.04",
            "revenue": 34482
        },
        "2009-03": {
            "month": "2009-03",
            "price": "16.46",
            "revenue": 74790
        },
        "2009-04": {
            "month": "2009-04",
            "price": "29.14",
            "revenue": 60121
        },
        "2009-05": {
            "month": "2009-05",
            "price": "29.02",
            "revenue": 39560
        },
        "2009-06": {
            "month": "2009-06",
            "price": "31.10",
            "revenue": 42522
        },
        "2009-07": {
            "month": "2009-07",
            "price": "42.42",
            "revenue": 56904
        },
        "2009-08": {
            "month": "2009-08",
            "price": "39.06",
            "revenue": 42312
        },
        "2009-09": {
            "month": "2009-09",
            "price": "40.17",
            "revenue": 42465
        },
        "2009-10": {
            "month": "2009-10",
            "price": "39.60",
            "revenue": 51730
        },
        "2009-11": {
            "month": "2009-11",
            "price": "38.08",
            "revenue": 43675
        },
        "2009-12": {
            "month": "2009-12",
            "price": "40.43",
            "revenue": 65328
        },
        "2010-01": {
            "month": "2010-01",
            "price": "38.52",
            "revenue": 52152
        },
        "2010-02": {
            "month": "2010-02",
            "price": "34.48",
            "revenue": 38257
        },
        "2010-03": {
            "month": "2010-03",
            "price": "37.37",
            "revenue": 53833
        },
        "2010-04": {
            "month": "2010-04",
            "price": "39.57",
            "revenue": 61956
        },
        "2010-05": {
            "month": "2010-05",
            "price": "36.45",
            "revenue": 45514
        },
        "2010-06": {
            "month": "2010-06",
            "price": "34.72",
            "revenue": 61846
        },
        "2010-07": {
            "month": "2010-07",
            "price": "45.38",
            "revenue": 53190
        },
        "2010-08": {
            "month": "2010-08",
            "price": "56.72",
            "revenue": 44374
        },
        "2010-09": {
            "month": "2010-09",
            "price": "58.55",
            "revenue": 53093
        },
        "2010-10": {
            "month": "2010-10",
            "price": "56.07",
            "revenue": 66457
        },
        "2010-11": {
            "month": "2010-11",
            "price": "49.60",
            "revenue": 52767
        },
        "2010-12": {
            "month": "2010-12",
            "price": "52.16",
            "revenue": 68242
        },
        "2011-01": {
            "month": "2011-01",
            "price": "49.14",
            "revenue": 57347
        },
        "2011-02": {
            "month": "2011-02",
            "price": "48.10",
            "revenue": 41996
        },
        "2011-03": {
            "month": "2011-03",
            "price": "48.84",
            "revenue": 68704
        },
        "2011-04": {
            "month": "2011-04",
            "price": "53.11",
            "revenue": 56775
        },
        "2011-05": {
            "month": "2011-05",
            "price": "52.47",
            "revenue": 63589
        },
        "2011-06": {
            "month": "2011-06",
            "price": "49.04",
            "revenue": 52805
        },
        "2011-07": {
            "month": "2011-07",
            "price": "48.02",
            "revenue": 55241
        },
        "2011-08": {
            "month": "2011-08",
            "price": "37.96",
            "revenue": 54933
        },
        "2011-09": {
            "month": "2011-09",
            "price": "35.03",
            "revenue": 61401
        },
        "2011-10": {
            "month": "2011-10",
            "price": "33.94",
            "revenue": 58236
        },
        "2011-11": {
            "month": "2011-11",
            "price": "34.10",
            "revenue": 66544
        },
        "2011-12": {
            "month": "2011-12",
            "price": "28.95",
            "revenue": 62962
        },
        "2012-01": {
            "month": "2012-01",
            "price": "30.84",
            "revenue": 45108
        },
        "2012-02": {
            "month": "2012-02",
            "price": "36.90",
            "revenue": 63438
        },
        "2012-03": {
            "month": "2012-03",
            "price": "36.82",
            "revenue": 81114
        },
        "2012-04": {
            "month": "2012-04",
            "price": "35.40",
            "revenue": 58495
        },
        "2012-05": {
            "month": "2012-05",
            "price": "33.12",
            "revenue": 84466
        },
        "2012-06": {
            "month": "2012-06",
            "price": "32.49",
            "revenue": 63881
        },
        "2012-07": {
            "month": "2012-07",
            "price": "38.22",
            "revenue": 74515
        },
        "2012-08": {
            "month": "2012-08",
            "price": "41.81",
            "revenue": 66022
        },
        "2012-09": {
            "month": "2012-09",
            "price": "41.98",
            "revenue": 68604
        },
        "2012-10": {
            "month": "2012-10",
            "price": "39.94",
            "revenue": 64301
        },
        "2012-11": {
            "month": "2012-11",
            "price": "34.51",
            "revenue": 75082
        },
        "2012-12": {
            "month": "2012-12",
            "price": "38.10",
            "revenue": 64940
        },
        "2013-01": {
            "month": "2013-01",
            "price": "40.32",
            "revenue": 73615
        },
        "2013-02": {
            "month": "2013-02",
            "price": "39.44",
            "revenue": 52195
        },
        "2013-03": {
            "month": "2013-03",
            "price": "38.66",
            "revenue": 107860
        },
        "2013-04": {
            "month": "2013-04",
            "price": "37.70",
            "revenue": 86125
        },
        "2013-05": {
            "month": "2013-05",
            "price": "38.62",
            "revenue": 85136
        },
        "2013-06": {
            "month": "2013-06",
            "price": "40.39",
            "revenue": 78482
        },
        "2013-07": {
            "month": "2013-07",
            "price": "39.75",
            "revenue": 77949
        },
        "2013-08": {
            "month": "2013-08",
            "price": "42.12",
            "revenue": 75498
        },
        "2013-09": {
            "month": "2013-09",
            "price": "43.86",
            "revenue": 63958
        },
        "2013-10": {
            "month": "2013-10",
            "price": "43.48",
            "revenue": 85189
        },
        "2013-11": {
            "month": "2013-11",
            "price": "41.03",
            "revenue": 79352
        },
        "2013-12": {
            "month": "2013-12",
            "price": "40.50",
            "revenue": 88540
        },
        "2014-01": {
            "month": "2014-01",
            "price": "43.53",
            "revenue": 69778
        },
        "2014-02": {
            "month": "2014-02",
            "price": "46.29",
            "revenue": 81269
        },
        "2014-03": {
            "month": "2014-03",
            "price": "50.33",
            "revenue": 113447
        },
        "2014-04": {
            "month": "2014-04",
            "price": "52.58",
            "revenue": 97301
        },
        "2014-05": {
            "month": "2014-05",
            "price": "51.29",
            "revenue": 85150
        },
        "2014-06": {
            "month": "2014-06",
            "price": "51.14",
            "revenue": 79549
        },
        "2014-07": {
            "month": "2014-07",
            "price": "55.42",
            "revenue": 85263
        },
        "2014-08": {
            "month": "2014-08",
            "price": "50.94",
            "revenue": 81072
        },
        "2014-09": {
            "month": "2014-09",
            "price": "49.57",
            "revenue": 97642
        },
        "2014-10": {
            "month": "2014-10",
            "price": "45.93",
            "revenue": 103650
        },
        "2014-11": {
            "month": "2014-11",
            "price": "42.99",
            "revenue": 93362
        },
        "2014-12": {
            "month": "2014-12",
            "price": "44.20",
            "revenue": 113305
        },
        "2015-01": {
            "month": "2015-01",
            "price": "47.32",
            "revenue": 97021
        },
        "2015-02": {
            "month": "2015-02",
            "price": "49.70",
            "revenue": 78123
        },
        "2015-03": {
            "month": "2015-03",
            "price": "52.81",
            "revenue": 132061
        },
        "2015-04": {
            "month": "2015-04",
            "price": "52.52",
            "revenue": 132176
        },
        "2015-05": {
            "month": "2015-05",
            "price": "49.36",
            "revenue": 107558
        },
        "2015-06": {
            "month": "2015-06",
            "price": "48.42",
            "revenue": 149822
        },
        "2015-07": {
            "month": "2015-07",
            "price": "56.34",
            "revenue": 115040
        },
        "2015-08": {
            "month": "2015-08",
            "price": "52.74",
            "revenue": 105696
        },
        "2015-09": {
            "month": "2015-09",
            "price": "60.42",
            "revenue": 101979
        },
        "2015-10": {
            "month": "2015-10",
            "price": "64.37",
            "revenue": 116460
        },
        "2015-11": {
            "month": "2015-11",
            "price": "80.37",
            "revenue": 112521
        },
        "2015-12": {
            "month": "2015-12",
            "price": "72.01",
            "revenue": 143668
        },
        "2016-01": {
            "month": "2016-01",
            "price": "67.40",
            "revenue": 109350
        },
        "2016-02": {
            "month": "2016-02",
            "price": "70.91",
            "revenue": 99589
        },
        "2016-03": {
            "month": "2016-03",
            "price": "70.33",
            "revenue": 142654
        },
        "2016-04": {
            "month": "2016-04",
            "price": "71.29",
            "revenue": 98607
        },
        "2016-05": {
            "month": "2016-05",
            "price": "76.31",
            "revenue": 134550
        },
        "2016-06": {
            "month": "2016-06",
            "price": "83.68",
            "revenue": 125988
        },
        "2016-07": {
            "month": "2016-07",
            "price": "85.98",
            "revenue": 97304
        },
        "2016-08": {
            "month": "2016-08",
            "price": "74.99",
            "revenue": 98013
        },
        "2016-09": {
            "month": "2016-09",
            "price": "72.58",
            "revenue": 99902
        },
        "2016-10": {
            "month": "2016-10",
            "price": "69.86",
            "revenue": 128480
        },
        "2016-11": {
            "month": "2016-11",
            "price": "61.99",
            "revenue": 117960
        },
        "2016-12": {
            "month": "2016-12",
            "price": "61.25",
            "revenue": 130475
        },
        "2017-01": {
            "month": "2017-01",
            "price": "61.57",
            "revenue": 100894
        },
        "2017-02": {
            "month": "2017-02",
            "price": "65.25",
            "revenue": 112922
        },
        "2017-03": {
            "month": "2017-03",
            "price": "65.79",
            "revenue": 147429
        },
        "2017-04": {
            "month": "2017-04",
            "price": "66.94",
            "revenue": 167434
        },
        "2017-05": {
            "month": "2017-05",
            "price": "66.80",
            "revenue": 191045
        },
        "2017-06": {
            "month": "2017-06",
            "price": "70.60",
            "revenue": 184846
        },
        "2017-07": {
            "month": "2017-07",
            "price": "68.88",
            "revenue": 181026
        },
        "2017-08": {
            "month": "2017-08",
            "price": "68.74",
            "revenue": 181605
        },
        "2017-09": {
            "month": "2017-09",
            "price": "71.93",
            "revenue": 158466
        },
        "2017-10": {
            "month": "2017-10",
            "price": "68.89",
            "revenue": 180158
        },
        "2017-11": {
            "month": "2017-11",
            "price": "68.52",
            "revenue": 182337
        },
        "2017-12": {
            "month": "2017-12",
            "price": "64.88",
            "revenue": 184430
        },
        "2018-01": {
            "month": "2018-01",
            "price": "63.46",
            "revenue": 212163
        },
        "2018-02": {
            "month": "2018-02",
            "price": "62.06",
            "revenue": 132256
        },
        "2018-03": {
            "month": "2018-03",
            "price": "64.86",
            "revenue": 231704
        },
        "2018-04": {
            "month": "2018-04",
            "price": "68.02",
            "revenue": 191849
        },
        "2018-05": {
            "month": "2018-05",
            "price": "62.56",
            "revenue": 248604
        },
        "2018-06": {
            "month": "2018-06",
            "price": "60.70",
            "revenue": 199103
        },
        "2018-07": {
            "month": "2018-07",
            "price": "56.82",
            "revenue": 168603
        },
        "2018-08": {
            "month": "2018-08",
            "price": "51.87",
            "revenue": 166842
        },
        "2018-09": {
            "month": "2018-09",
            "price": "42.61",
            "revenue": 178974
        },
        "2018-10": {
            "month": "2018-10",
            "price": "38.95",
            "revenue": 201770
        },
        "2018-11": {
            "month": "2018-11",
            "price": "39.82",
            "revenue": 204447
        },
        "2018-12": {
            "month": "2018-12",
            "price": "43.71",
            "revenue": 195934
        },
        "2019-01": {
            "month": "2019-01",
            "price": "46.46",
            "revenue": 205012
        },
        "2019-02": {
            "month": "2019-02",
            "price": "44.68",
            "revenue": 164843
        },
        "2019-03": {
            "month": "2019-03",
            "price": "47.76",
            "revenue": 193991
        },
        "2019-04": {
            "month": "2019-04",
            "price": "49.39",
            "revenue": 244596
        },
        "2019-05": {
            "month": "2019-05",
            "price": "46.57",
            "revenue": 227448
        },
        "2019-06": {
            "month": "2019-06",
            "price": "46.17",
            "revenue": 174190
        },
        "2019-07": {
            "month": "2019-07",
            "price": "47.37",
            "revenue": 210476
        },
        "2019-08": {
            "month": "2019-08",
            "price": "45.82",
            "revenue": 164560
        },
        "2019-09": {
            "month": "2019-09",
            "price": "47.34",
            "revenue": 205703
        },
        "2019-10": {
            "month": "2019-10",
            "price": "45.56",
            "revenue": 215445
        },
        "2019-11": {
            "month": "2019-11",
            "price": "46.07",
            "revenue": 208846
        },
        "2019-12": {
            "month": "2019-12",
            "price": "44.46",
            "revenue": 221590
        },
        "2020-01": {
            "month": "2020-01",
            "price": "42.37",
            "revenue": 149240
        },
        "2020-02": {
            "month": "2020-02",
            "price": "39.83",
            "revenue": 200004
        },
        "2020-03": {
            "month": "2020-03",
            "price": "32.24",
            "revenue": 173945
        },
        "2020-04": {
            "month": "2020-04",
            "price": "31.06",
            "revenue": 116058
        },
        "2020-05": {
            "month": "2020-05",
            "price": "34.80",
            "revenue": 182459
        },
        "2020-06": {
            "month": "2020-06",
            "price": "35.76",
            "revenue": 192090
        },
        "2020-07": {
            "month": "2020-07",
            "price": "36.02",
            "revenue": 230413
        },
        "2020-08": {
            "month": "2020-08",
            "price": "34.34",
            "revenue": 209321
        },
        "2020-09": {
            "month": "2020-09",
            "price": "34.10",
            "revenue": 210133
        },
        "2020-10": {
            "month": "2020-10",
            "price": "33.77",
            "revenue": 214015
        },
        "2020-11": {
            "month": "2020-11",
            "price": "34.38",
            "revenue": 220777
        },
        "2020-12": {
            "month": "2020-12",
            "price": "36.40",
            "revenue": 243770
        },
        "2021-01": {
            "month": "2021-01",
            "price": "34.52",
            "revenue": 200045
        },
        "2021-02": {
            "month": "2021-02",
            "price": "32.72",
            "revenue": 159344
        },
        "2021-03": {
            "month": "2021-03",
            "price": "32.96",
            "revenue": 267085
        },
        "2021-04": {
            "month": "2021-04",
            "price": "36.03",
            "revenue": 234689
        },
        "2021-05": {
            "month": "2021-05",
            "price": "32.83",
            "revenue": 201412
        },
        "2021-06": {
            "month": "2021-06",
            "price": "33.74",
            "revenue": 159669
        },
        "2021-07": {
            "month": "2021-07",
            "price": "33.22",
            "revenue": 210803
        },
        "2021-08": {
            "month": "2021-08",
            "price": "31.93",
            "revenue": 190908
        },
        "2021-09": {
            "month": "2021-09",
            "price": "30.12",
            "revenue": 216997
        },
        "2021-10": {
            "month": "2021-10",
            "price": "30.00",
            "revenue": 257358
        },
        "2021-11": {
            "month": "2021-11",
            "price": "30.01",
            "revenue": 246664
        },
        "2021-12": {
            "month": "2021-12",
            "price": "29.94",
            "revenue": 225891
        },
        "2022-01": {
            "month": "2022-01",
            "price": "31.04",
            "revenue": 227191
        },
        "2022-02": {
            "month": "2022-02",
            "price": "29.93",
            "revenue": 220663
        },
        "2022-03": {
            "month": "2022-03",
            "price": "29.47",
            "revenue": 291897
        },
        "2022-04": {
            "month": "2022-04",
            "price": "29.25",
            "revenue": 238887
        },
        "2022-05": {
            "month": "2022-05",
            "price": "28.48",
            "revenue": 233994
        },
        "2022-06": {
            "month": "2022-06",
            "price": "28.32",
            "revenue": 286386
        },
        "2022-07": {
            "month": "2022-07",
            "price": "28.77",
            "revenue": 208382
        },
        "2022-08": {
            "month": "2022-08",
            "price": "30.62",
            "revenue": 226917
        },
        "2022-09": {
            "month": "2022-09",
            "price": "32.12",
            "revenue": 309011
        },
        "2022-10": {
            "month": "2022-10",
            "price": "30.67",
            "revenue": 310457
        },
        "2022-11": {
            "month": "2022-11",
            "price": "34.69",
            "revenue": 327887
        },
        "2022-12": {
            "month": "2022-12",
            "price": "45.04",
            "revenue": 287009
        },
        "2023-01": {
            "month": "2023-01",
            "price": "45.93",
            "revenue": 262613
        },
        "2023-02": {
            "month": "2023-02",
            "price": "48.42",
            "revenue": 288292
        },
        "2023-03": {
            "month": "2023-03",
            "price": "51.97",
            "revenue": 377190
        },
        "2023-04": {
            "month": "2023-04",
            "price": "60.98",
            "revenue": 297300
        },
        "2023-05": {
            "month": "2023-05",
            "price": "61.70",
            "revenue": 315161
        },
        "2023-06": {
            "month": "2023-06",
            "price": "75.16",
            "revenue": 320849
        },
        "2023-07": {
            "month": "2023-07",
            "price": "73.47",
            "revenue": 312601
        },
        "2023-08": {
            "month": "2023-08",
            "price": "67.39",
            "revenue": 308997
        },
        "2023-09": {
            "month": "2023-09",
            "price": "67.75",
            "revenue": 312767
        },
        "2023-10": {
            "month": "2023-10",
            "price": "64.84",
            "revenue": 406864
        },
        "2023-11": {
            "month": "2023-11",
            "price": "81.59",
            "revenue": 380716
        },
        "2023-12": {
            "month": "2023-12",
            "price": "86.86",
            "revenue": 346536
        }
    }
}
