{
    "summary": {
        "stock_name": "健亞",
        "stock_id": "4130",
        "category": "生技醫療",
        "main_business": "研究,開發,生產,製造及銷售各種西藥製劑<br>各種西藥品,西藥原料之銷售及進出口業務<br>各種藥物之臨床試驗服務",
        "website_url": "http://www.genovate-bio.com",
        "ceo": "朱佳真",
        "pe_ratio": 100,
        "report_year_from": 2001,
        "report_year_to": 2023,
        "age": 22,
        "eps_negative_percentage": 14,
        "eps_growth_avg": {
            "last_all": 1.65,
            "last_2y": -44.12,
            "last_4y": -47.67,
            "last_8y": -10.62,
            "last_12y": null,
            "last_16y": null,
            "last_20y": null,
            "at_2006_last_3y": null,
            "at_2007_last_3y": null,
            "at_2008_last_3y": null,
            "at_2009_last_3y": null,
            "at_2010_last_3y": null,
            "at_2011_last_3y": null,
            "at_2012_last_3y": null,
            "at_2013_last_3y": null,
            "at_2014_last_3y": 40.69,
            "at_2015_last_3y": 6.02,
            "at_2016_last_3y": -4.93,
            "at_2017_last_3y": 26.42,
            "at_2018_last_3y": -3.74,
            "at_2019_last_3y": -4.42,
            "at_2020_last_3y": 2.33,
            "at_2021_last_3y": -47.67,
            "at_2022_last_3y": -43.2,
            "at_2023_last_3y": -43.2,
            "at_2006_last_all": null,
            "at_2007_last_all": null,
            "at_2008_last_all": null,
            "at_2009_last_all": null,
            "at_2010_last_all": null,
            "at_2011_last_all": null,
            "at_2012_last_all": 64.29,
            "at_2013_last_all": 34.39,
            "at_2014_last_all": 40.69,
            "at_2015_last_all": 24.82,
            "at_2016_last_all": 18.14,
            "at_2017_last_all": 29.84,
            "at_2018_last_all": 18.47,
            "at_2019_last_all": 11.82,
            "at_2020_last_all": 11.82,
            "at_2021_last_all": 1.65,
            "at_2022_last_all": 1.65,
            "at_2023_last_all": 1.65
        },
        "latest_eps": 0.09,
        "latest_price": 29.2,
        "latest_roe": 0.7,
        "latest_gross_margin": 39.15,
        "latest_equity": 1503274,
        "latest_revenue": 131575,
        "latest_gross_profit": 51516,
        "latest_net_income": 13056,
        "latest_debt_ratio": 9.1,
        "latest_current_ratio": 560.53,
        "latest_account_receivable_turnover_ratio": 1.32,
        "latest_inventory_turnover_ratio": 0.57,
        "latest_reinvestment_rate": -85.77,
        "latest_research_to_sale_ratio": 9.99
    },
    "eps_dividends": {
        "2001": {
            "cash": 0,
            "stock": 0,
            "eps": 0
        },
        "2002": {
            "cash": 0,
            "stock": 0,
            "eps": 0
        },
        "2003": {
            "cash": 0,
            "stock": 0,
            "eps": 0
        },
        "2004": {
            "cash": 0,
            "stock": 0,
            "eps": 0
        },
        "2005": {
            "cash": 0,
            "stock": 0,
            "eps": 0
        },
        "2006": {
            "cash": 0,
            "stock": 0,
            "eps": 0
        },
        "2007": {
            "cash": 0,
            "stock": 0,
            "eps": 0
        },
        "2008": {
            "cash": 0,
            "stock": 0,
            "eps": 0
        },
        "2009": {
            "cash": 0,
            "stock": 0,
            "eps": 0
        },
        "2010": {
            "cash": 0,
            "stock": 0,
            "eps": 0.04
        },
        "2011": {
            "cash": 0,
            "stock": 0,
            "eps": 0.49
        },
        "2012": {
            "cash": 0,
            "stock": 0,
            "eps": 0.63
        },
        "2013": {
            "cash": 0.3,
            "stock": 0,
            "eps": 0.47
        },
        "2014": {
            "cash": 0.3,
            "stock": 0,
            "eps": 0.75
        },
        "2015": {
            "cash": 0.5,
            "stock": 0,
            "eps": 0.46
        },
        "2016": {
            "cash": 0.5,
            "stock": 0,
            "eps": 0.39
        },
        "2017": {
            "cash": 0.35,
            "stock": 0,
            "eps": 1.49
        },
        "2018": {
            "cash": 0.8,
            "stock": 0,
            "eps": 0.58
        },
        "2019": {
            "cash": 0.3,
            "stock": 0.5,
            "eps": 0.34
        },
        "2020": {
            "cash": 0.47,
            "stock": 0.2,
            "eps": 0.38
        },
        "2021": {
            "cash": 0.41,
            "stock": 0.2,
            "eps": 0
        },
        "2022": {
            "cash": 0.35,
            "stock": 0,
            "eps": -0.11
        },
        "2023": {
            "cash": 0.18,
            "stock": 0,
            "eps": 0.12
        }
    },
    "dividends": {
        "2013-06-24": {
            "cash": 0.3,
            "stock": 0
        },
        "2014-06-10": {
            "cash": 0.3,
            "stock": 0
        },
        "2015-08-05": {
            "cash": 0.5,
            "stock": 0
        },
        "2016-08-05": {
            "cash": 0.5,
            "stock": 0
        },
        "2017-08-25": {
            "cash": 0.35,
            "stock": 0
        },
        "2018-08-03": {
            "cash": 0.8,
            "stock": 0
        },
        "2019-08-21": {
            "cash": 0.3,
            "stock": 0.5
        },
        "2020-09-28": {
            "cash": 0.47,
            "stock": 0.2
        },
        "2021-10-15": {
            "cash": 0.41,
            "stock": 0.2
        },
        "2022-08-18": {
            "cash": 0.35,
            "stock": 0
        },
        "2023-03-10": {
            "cash": 0.18,
            "stock": 0
        }
    },
    "prices": {
        "200101": "無",
        "200102": "無",
        "200103": "無",
        "200104": "無",
        "200105": "無",
        "200106": "無",
        "200107": "無",
        "200108": "無",
        "200109": "無",
        "200110": "無",
        "200111": "無",
        "200112": "無",
        "200201": "無",
        "200202": "無",
        "200203": "無",
        "200204": "無",
        "200205": "無",
        "200206": "無",
        "200207": "無",
        "200208": "無",
        "200209": "無",
        "200210": "無",
        "200211": "無",
        "200212": "無",
        "200301": "無",
        "200302": "無",
        "200303": "無",
        "200304": "無",
        "200305": "無",
        "200306": "無",
        "200307": "無",
        "200308": "無",
        "200309": "無",
        "200310": "10.25",
        "200311": "無",
        "200312": "11.18",
        "200401": "10.50",
        "200402": "無",
        "200403": "無",
        "200404": "10.85",
        "200405": "無",
        "200406": "無",
        "200407": "11.03",
        "200408": "10.46",
        "200409": "10.35",
        "200410": "10.25",
        "200411": "9.63",
        "200412": "8.82",
        "200501": "8.09",
        "200502": "7.95",
        "200503": "7.68",
        "200504": "無",
        "200505": "6.39",
        "200506": "5.66",
        "200507": "6.16",
        "200508": "7.16",
        "200509": "7.71",
        "200510": "無",
        "200511": "7.43",
        "200512": "無",
        "200601": "7.72",
        "200602": "7.74",
        "200603": "無",
        "200604": "9.53",
        "200605": "11.02",
        "200606": "9.99",
        "200607": "9.25",
        "200608": "9.26",
        "200609": "10.40",
        "200610": "10.72",
        "200611": "9.91",
        "200612": "9.99",
        "200701": "9.95",
        "200702": "10.15",
        "200703": "10.18",
        "200704": "9.16",
        "200705": "10.08",
        "200706": "11.40",
        "200707": "16.30",
        "200708": "14.30",
        "200709": "13.02",
        "200710": "13.22",
        "200711": "12.74",
        "200712": "11.64",
        "200801": "12.42",
        "200802": "13.10",
        "200803": "14.22",
        "200804": "16.78",
        "200805": "15.40",
        "200806": "14.46",
        "200807": "12.72",
        "200808": "12.39",
        "200809": "11.84",
        "200810": "8.98",
        "200811": "8.27",
        "200812": "7.91",
        "200901": "8.02",
        "200902": "9.31",
        "200903": "10.96",
        "200904": "15.05",
        "200905": "14.31",
        "200906": "13.25",
        "200907": "14.35",
        "200908": "15.05",
        "200909": "15.22",
        "200910": "14.83",
        "200911": "14.44",
        "200912": "14.81",
        "201001": "13.95",
        "201002": "12.84",
        "201003": "13.52",
        "201004": "15.28",
        "201005": "14.92",
        "201006": "14.90",
        "201007": "15.05",
        "201008": "15.71",
        "201009": "16.22",
        "201010": "17.48",
        "201011": "18.55",
        "201012": "18.33",
        "201101": "18.89",
        "201102": "18.75",
        "201103": "18.32",
        "201104": "18.23",
        "201105": "18.26",
        "201106": "18.02",
        "201107": "18.70",
        "201108": "18.77",
        "201109": "19.02",
        "201110": "18.31",
        "201111": "17.03",
        "201112": "15.87",
        "201201": "21.46",
        "201202": "35.70",
        "201203": "37.95",
        "201204": "33.93",
        "201205": "28.29",
        "201206": "27.21",
        "201207": "27.85",
        "201208": "27.86",
        "201209": "30.40",
        "201210": "36.39",
        "201211": "33.99",
        "201212": "40.36",
        "201301": "45.51",
        "201302": "45.78",
        "201303": "47.23",
        "201304": "41.75",
        "201305": "41.07",
        "201306": "38.89",
        "201307": "36.60",
        "201308": "41.15",
        "201309": "44.78",
        "201310": "43.77",
        "201311": "41.82",
        "201312": "39.09",
        "201401": "36.78",
        "201402": "38.94",
        "201403": "38.54",
        "201404": "35.97",
        "201405": "37.23",
        "201406": "42.56",
        "201407": "67.55",
        "201408": "65.28",
        "201409": "65.36",
        "201410": "64.30",
        "201411": "60.13",
        "201412": "68.34",
        "201501": "65.10",
        "201502": "63.67",
        "201503": "65.93",
        "201504": "65.10",
        "201505": "54.66",
        "201506": "46.18",
        "201507": "44.75",
        "201508": "32.09",
        "201509": "39.12",
        "201510": "43.05",
        "201511": "47.26",
        "201512": "60.53",
        "201601": "66.25",
        "201602": "61.59",
        "201603": "58.37",
        "201604": "51.42",
        "201605": "47.48",
        "201606": "46.28",
        "201607": "47.55",
        "201608": "45.03",
        "201609": "43.55",
        "201610": "40.66",
        "201611": "37.00",
        "201612": "37.89",
        "201701": "38.36",
        "201702": "40.80",
        "201703": "42.03",
        "201704": "40.36",
        "201705": "37.82",
        "201706": "37.85",
        "201707": "37.42",
        "201708": "35.19",
        "201709": "35.33",
        "201710": "34.37",
        "201711": "35.15",
        "201712": "33.95",
        "201801": "34.10",
        "201802": "32.00",
        "201803": "34.87",
        "201804": "37.67",
        "201805": "35.75",
        "201806": "34.38",
        "201807": "31.85",
        "201808": "29.87",
        "201809": "31.60",
        "201810": "30.26",
        "201811": "27.03",
        "201812": "28.06",
        "201901": "28.95",
        "201902": "29.59",
        "201903": "29.54",
        "201904": "28.78",
        "201905": "27.96",
        "201906": "28.22",
        "201907": "28.51",
        "201908": "26.46",
        "201909": "26.44",
        "201910": "24.47",
        "201911": "25.68",
        "201912": "25.73",
        "202001": "24.67",
        "202002": "24.28",
        "202003": "23.57",
        "202004": "28.34",
        "202005": "27.76",
        "202006": "32.64",
        "202007": "41.82",
        "202008": "37.06",
        "202009": "33.97",
        "202010": "30.68",
        "202011": "30.78",
        "202012": "29.96",
        "202101": "27.84",
        "202102": "28.28",
        "202103": "28.03",
        "202104": "27.98",
        "202105": "25.88",
        "202106": "25.21",
        "202107": "25.30",
        "202108": "24.62",
        "202109": "23.97",
        "202110": "22.40",
        "202111": "21.88",
        "202112": "23.67",
        "202201": "24.24",
        "202202": "24.93",
        "202203": "24.38",
        "202204": "26.62",
        "202205": "24.33",
        "202206": "25.15",
        "202207": "25.72",
        "202208": "25.63",
        "202209": "25.86",
        "202210": "22.43",
        "202211": "23.07",
        "202212": "31.89",
        "202301": "28.72",
        "202302": "29.74",
        "202303": "27.80",
        "202304": "27.66",
        "202305": "29.62"
    },
    "quarters": {
        "20011": {
            "year_quarter": 20011,
            "year": 2001,
            "quarter": 1,
            "eps": null,
            "eps_growth_year": null,
            "eps_4q": null,
            "eps_4q_growth_year": null,
            "roe": null,
            "roe_4q": 0,
            "gross_profit": null,
            "gross_margin": null,
            "gross_margin_4q_avg": 0,
            "net_income": null,
            "revenue": null,
            "common_shares": null,
            "book_valuer_per_share": null,
            "book_valuer_per_share_4q_avg": 0,
            "equity": null,
            "current_ratio": null,
            "debt_ratio": null,
            "inventory_turnover_ratio": null,
            "account_receivable_turnover_ratio": null,
            "reinvestment_rate": null,
            "research_to_sale_ratio": null,
            "price_fair": 0,
            "eps_avg_yearly": 0,
            "eps_latest_yearly": 0,
            "eps_growth_yearly": 0
        },
        "20012": {
            "year_quarter": 20012,
            "year": 2001,
            "quarter": 2,
            "eps": null,
            "eps_growth_year": null,
            "eps_4q": null,
            "eps_4q_growth_year": null,
            "roe": null,
            "roe_4q": 0,
            "gross_profit": null,
            "gross_margin": null,
            "gross_margin_4q_avg": 0,
            "net_income": null,
            "revenue": null,
            "common_shares": null,
            "book_valuer_per_share": null,
            "book_valuer_per_share_4q_avg": 0,
            "equity": null,
            "current_ratio": null,
            "debt_ratio": null,
            "inventory_turnover_ratio": null,
            "account_receivable_turnover_ratio": null,
            "reinvestment_rate": null,
            "research_to_sale_ratio": null,
            "price_fair": 0,
            "eps_avg_yearly": 0,
            "eps_latest_yearly": 0,
            "eps_growth_yearly": 0
        },
        "20013": {
            "year_quarter": 20013,
            "year": 2001,
            "quarter": 3,
            "eps": null,
            "eps_growth_year": null,
            "eps_4q": null,
            "eps_4q_growth_year": null,
            "roe": null,
            "roe_4q": 0,
            "gross_profit": null,
            "gross_margin": null,
            "gross_margin_4q_avg": 0,
            "net_income": null,
            "revenue": null,
            "common_shares": null,
            "book_valuer_per_share": null,
            "book_valuer_per_share_4q_avg": 0,
            "equity": null,
            "current_ratio": null,
            "debt_ratio": null,
            "inventory_turnover_ratio": null,
            "account_receivable_turnover_ratio": null,
            "reinvestment_rate": null,
            "research_to_sale_ratio": null,
            "price_fair": 0,
            "eps_avg_yearly": 0,
            "eps_latest_yearly": 0,
            "eps_growth_yearly": 0
        },
        "20014": {
            "year_quarter": 20014,
            "year": 2001,
            "quarter": 4,
            "eps": null,
            "eps_growth_year": null,
            "eps_4q": null,
            "eps_4q_growth_year": null,
            "roe": null,
            "roe_4q": 0,
            "gross_profit": null,
            "gross_margin": null,
            "gross_margin_4q_avg": 0,
            "net_income": null,
            "revenue": null,
            "common_shares": 875000,
            "book_valuer_per_share": 5.53,
            "book_valuer_per_share_4q_avg": 1.38,
            "equity": 483438,
            "current_ratio": 789.87,
            "debt_ratio": 24.34,
            "inventory_turnover_ratio": null,
            "account_receivable_turnover_ratio": null,
            "reinvestment_rate": null,
            "research_to_sale_ratio": null,
            "price_fair": 0,
            "eps_avg_yearly": 0,
            "eps_latest_yearly": 0,
            "eps_growth_yearly": 0
        },
        "20021": {
            "year_quarter": 20021,
            "year": 2002,
            "quarter": 1,
            "eps": null,
            "eps_growth_year": null,
            "eps_4q": null,
            "eps_4q_growth_year": null,
            "roe": null,
            "roe_4q": 0,
            "gross_profit": null,
            "gross_margin": null,
            "gross_margin_4q_avg": 0,
            "net_income": null,
            "revenue": null,
            "common_shares": null,
            "book_valuer_per_share": null,
            "book_valuer_per_share_4q_avg": 1.38,
            "equity": null,
            "current_ratio": null,
            "debt_ratio": null,
            "inventory_turnover_ratio": null,
            "account_receivable_turnover_ratio": null,
            "reinvestment_rate": null,
            "research_to_sale_ratio": null,
            "price_fair": 0,
            "eps_avg_yearly": 0,
            "eps_latest_yearly": 0,
            "eps_growth_yearly": 0
        },
        "20022": {
            "year_quarter": 20022,
            "year": 2002,
            "quarter": 2,
            "eps": null,
            "eps_growth_year": null,
            "eps_4q": null,
            "eps_4q_growth_year": null,
            "roe": null,
            "roe_4q": 0,
            "gross_profit": null,
            "gross_margin": null,
            "gross_margin_4q_avg": 0,
            "net_income": null,
            "revenue": null,
            "common_shares": null,
            "book_valuer_per_share": null,
            "book_valuer_per_share_4q_avg": 1.38,
            "equity": null,
            "current_ratio": null,
            "debt_ratio": null,
            "inventory_turnover_ratio": null,
            "account_receivable_turnover_ratio": null,
            "reinvestment_rate": null,
            "research_to_sale_ratio": null,
            "price_fair": 0,
            "eps_avg_yearly": 0,
            "eps_latest_yearly": 0,
            "eps_growth_yearly": 0
        },
        "20023": {
            "year_quarter": 20023,
            "year": 2002,
            "quarter": 3,
            "eps": null,
            "eps_growth_year": null,
            "eps_4q": null,
            "eps_4q_growth_year": null,
            "roe": null,
            "roe_4q": 0,
            "gross_profit": null,
            "gross_margin": null,
            "gross_margin_4q_avg": 0,
            "net_income": null,
            "revenue": null,
            "common_shares": null,
            "book_valuer_per_share": null,
            "book_valuer_per_share_4q_avg": 1.38,
            "equity": null,
            "current_ratio": null,
            "debt_ratio": null,
            "inventory_turnover_ratio": null,
            "account_receivable_turnover_ratio": null,
            "reinvestment_rate": null,
            "research_to_sale_ratio": null,
            "price_fair": 0,
            "eps_avg_yearly": 0,
            "eps_latest_yearly": 0,
            "eps_growth_yearly": 0
        },
        "20024": {
            "year_quarter": 20024,
            "year": 2002,
            "quarter": 4,
            "eps": null,
            "eps_growth_year": null,
            "eps_4q": null,
            "eps_4q_growth_year": null,
            "roe": null,
            "roe_4q": 0,
            "gross_profit": null,
            "gross_margin": null,
            "gross_margin_4q_avg": 0,
            "net_income": null,
            "revenue": null,
            "common_shares": 831000,
            "book_valuer_per_share": 7.76,
            "book_valuer_per_share_4q_avg": 1.94,
            "equity": 645137,
            "current_ratio": 879.77,
            "debt_ratio": 20.88,
            "inventory_turnover_ratio": null,
            "account_receivable_turnover_ratio": null,
            "reinvestment_rate": null,
            "research_to_sale_ratio": null,
            "price_fair": 0,
            "eps_avg_yearly": 0,
            "eps_latest_yearly": 0,
            "eps_growth_yearly": 0
        },
        "20031": {
            "year_quarter": 20031,
            "year": 2003,
            "quarter": 1,
            "eps": null,
            "eps_growth_year": null,
            "eps_4q": null,
            "eps_4q_growth_year": null,
            "roe": null,
            "roe_4q": 0,
            "gross_profit": null,
            "gross_margin": null,
            "gross_margin_4q_avg": 0,
            "net_income": null,
            "revenue": null,
            "common_shares": null,
            "book_valuer_per_share": null,
            "book_valuer_per_share_4q_avg": 1.94,
            "equity": null,
            "current_ratio": null,
            "debt_ratio": null,
            "inventory_turnover_ratio": null,
            "account_receivable_turnover_ratio": null,
            "reinvestment_rate": null,
            "research_to_sale_ratio": null,
            "price_fair": 0,
            "eps_avg_yearly": 0,
            "eps_latest_yearly": 0,
            "eps_growth_yearly": 0
        },
        "20032": {
            "year_quarter": 20032,
            "year": 2003,
            "quarter": 2,
            "eps": null,
            "eps_growth_year": null,
            "eps_4q": null,
            "eps_4q_growth_year": null,
            "roe": null,
            "roe_4q": 0,
            "gross_profit": null,
            "gross_margin": null,
            "gross_margin_4q_avg": 0,
            "net_income": null,
            "revenue": null,
            "common_shares": null,
            "book_valuer_per_share": null,
            "book_valuer_per_share_4q_avg": 1.94,
            "equity": null,
            "current_ratio": null,
            "debt_ratio": null,
            "inventory_turnover_ratio": null,
            "account_receivable_turnover_ratio": null,
            "reinvestment_rate": null,
            "research_to_sale_ratio": null,
            "price_fair": 0,
            "eps_avg_yearly": 0,
            "eps_latest_yearly": 0,
            "eps_growth_yearly": 0
        },
        "20033": {
            "year_quarter": 20033,
            "year": 2003,
            "quarter": 3,
            "eps": null,
            "eps_growth_year": null,
            "eps_4q": null,
            "eps_4q_growth_year": null,
            "roe": null,
            "roe_4q": 0,
            "gross_profit": null,
            "gross_margin": null,
            "gross_margin_4q_avg": 0,
            "net_income": null,
            "revenue": null,
            "common_shares": null,
            "book_valuer_per_share": null,
            "book_valuer_per_share_4q_avg": 1.94,
            "equity": null,
            "current_ratio": null,
            "debt_ratio": null,
            "inventory_turnover_ratio": null,
            "account_receivable_turnover_ratio": null,
            "reinvestment_rate": null,
            "research_to_sale_ratio": null,
            "price_fair": 0,
            "eps_avg_yearly": 0,
            "eps_latest_yearly": 0,
            "eps_growth_yearly": 0
        },
        "20034": {
            "year_quarter": 20034,
            "year": 2003,
            "quarter": 4,
            "eps": null,
            "eps_growth_year": null,
            "eps_4q": null,
            "eps_4q_growth_year": null,
            "roe": null,
            "roe_4q": 0,
            "gross_profit": null,
            "gross_margin": null,
            "gross_margin_4q_avg": 0,
            "net_income": null,
            "revenue": null,
            "common_shares": 831000,
            "book_valuer_per_share": 7.77,
            "book_valuer_per_share_4q_avg": 1.94,
            "equity": 645349,
            "current_ratio": 609.09,
            "debt_ratio": 19.99,
            "inventory_turnover_ratio": null,
            "account_receivable_turnover_ratio": null,
            "reinvestment_rate": null,
            "research_to_sale_ratio": null,
            "price_fair": 0,
            "eps_avg_yearly": 0,
            "eps_latest_yearly": 0,
            "eps_growth_yearly": 0
        },
        "20041": {
            "year_quarter": 20041,
            "year": 2004,
            "quarter": 1,
            "eps": null,
            "eps_growth_year": null,
            "eps_4q": null,
            "eps_4q_growth_year": null,
            "roe": null,
            "roe_4q": 0,
            "gross_profit": null,
            "gross_margin": null,
            "gross_margin_4q_avg": 0,
            "net_income": null,
            "revenue": null,
            "common_shares": null,
            "book_valuer_per_share": null,
            "book_valuer_per_share_4q_avg": 1.94,
            "equity": null,
            "current_ratio": null,
            "debt_ratio": null,
            "inventory_turnover_ratio": null,
            "account_receivable_turnover_ratio": null,
            "reinvestment_rate": null,
            "research_to_sale_ratio": null,
            "price_fair": 0,
            "eps_avg_yearly": 0,
            "eps_latest_yearly": 0,
            "eps_growth_yearly": 0
        },
        "20042": {
            "year_quarter": 20042,
            "year": 2004,
            "quarter": 2,
            "eps": null,
            "eps_growth_year": null,
            "eps_4q": null,
            "eps_4q_growth_year": null,
            "roe": null,
            "roe_4q": 0,
            "gross_profit": null,
            "gross_margin": null,
            "gross_margin_4q_avg": 0,
            "net_income": null,
            "revenue": null,
            "common_shares": null,
            "book_valuer_per_share": null,
            "book_valuer_per_share_4q_avg": 1.94,
            "equity": null,
            "current_ratio": null,
            "debt_ratio": null,
            "inventory_turnover_ratio": null,
            "account_receivable_turnover_ratio": null,
            "reinvestment_rate": null,
            "research_to_sale_ratio": null,
            "price_fair": 0,
            "eps_avg_yearly": 0,
            "eps_latest_yearly": 0,
            "eps_growth_yearly": 0
        },
        "20043": {
            "year_quarter": 20043,
            "year": 2004,
            "quarter": 3,
            "eps": null,
            "eps_growth_year": null,
            "eps_4q": null,
            "eps_4q_growth_year": null,
            "roe": null,
            "roe_4q": 0,
            "gross_profit": null,
            "gross_margin": null,
            "gross_margin_4q_avg": 0,
            "net_income": null,
            "revenue": null,
            "common_shares": null,
            "book_valuer_per_share": null,
            "book_valuer_per_share_4q_avg": 1.94,
            "equity": null,
            "current_ratio": null,
            "debt_ratio": null,
            "inventory_turnover_ratio": null,
            "account_receivable_turnover_ratio": null,
            "reinvestment_rate": null,
            "research_to_sale_ratio": null,
            "price_fair": 0,
            "eps_avg_yearly": 0,
            "eps_latest_yearly": 0,
            "eps_growth_yearly": 0
        },
        "20044": {
            "year_quarter": 20044,
            "year": 2004,
            "quarter": 4,
            "eps": null,
            "eps_growth_year": null,
            "eps_4q": null,
            "eps_4q_growth_year": null,
            "roe": null,
            "roe_4q": 0,
            "gross_profit": null,
            "gross_margin": null,
            "gross_margin_4q_avg": 0,
            "net_income": null,
            "revenue": null,
            "common_shares": 831000,
            "book_valuer_per_share": 7.81,
            "book_valuer_per_share_4q_avg": 1.95,
            "equity": 649359,
            "current_ratio": 541.81,
            "debt_ratio": 17.43,
            "inventory_turnover_ratio": null,
            "account_receivable_turnover_ratio": null,
            "reinvestment_rate": null,
            "research_to_sale_ratio": null,
            "price_fair": 0,
            "eps_avg_yearly": 0,
            "eps_latest_yearly": 0,
            "eps_growth_yearly": 0
        },
        "20051": {
            "year_quarter": 20051,
            "year": 2005,
            "quarter": 1,
            "eps": null,
            "eps_growth_year": null,
            "eps_4q": null,
            "eps_4q_growth_year": null,
            "roe": null,
            "roe_4q": 0,
            "gross_profit": null,
            "gross_margin": null,
            "gross_margin_4q_avg": 0,
            "net_income": null,
            "revenue": null,
            "common_shares": null,
            "book_valuer_per_share": null,
            "book_valuer_per_share_4q_avg": 1.95,
            "equity": null,
            "current_ratio": null,
            "debt_ratio": null,
            "inventory_turnover_ratio": null,
            "account_receivable_turnover_ratio": null,
            "reinvestment_rate": null,
            "research_to_sale_ratio": null,
            "price_fair": 0,
            "eps_avg_yearly": 0,
            "eps_latest_yearly": 0,
            "eps_growth_yearly": 0
        },
        "20052": {
            "year_quarter": 20052,
            "year": 2005,
            "quarter": 2,
            "eps": null,
            "eps_growth_year": null,
            "eps_4q": null,
            "eps_4q_growth_year": null,
            "roe": null,
            "roe_4q": 0,
            "gross_profit": null,
            "gross_margin": null,
            "gross_margin_4q_avg": 0,
            "net_income": null,
            "revenue": null,
            "common_shares": null,
            "book_valuer_per_share": null,
            "book_valuer_per_share_4q_avg": 1.95,
            "equity": null,
            "current_ratio": null,
            "debt_ratio": null,
            "inventory_turnover_ratio": null,
            "account_receivable_turnover_ratio": null,
            "reinvestment_rate": null,
            "research_to_sale_ratio": null,
            "price_fair": 0,
            "eps_avg_yearly": 0,
            "eps_latest_yearly": 0,
            "eps_growth_yearly": 0
        },
        "20053": {
            "year_quarter": 20053,
            "year": 2005,
            "quarter": 3,
            "eps": null,
            "eps_growth_year": null,
            "eps_4q": null,
            "eps_4q_growth_year": null,
            "roe": null,
            "roe_4q": 0,
            "gross_profit": null,
            "gross_margin": null,
            "gross_margin_4q_avg": 0,
            "net_income": null,
            "revenue": null,
            "common_shares": null,
            "book_valuer_per_share": null,
            "book_valuer_per_share_4q_avg": 1.95,
            "equity": null,
            "current_ratio": null,
            "debt_ratio": null,
            "inventory_turnover_ratio": null,
            "account_receivable_turnover_ratio": null,
            "reinvestment_rate": null,
            "research_to_sale_ratio": null,
            "price_fair": 0,
            "eps_avg_yearly": 0,
            "eps_latest_yearly": 0,
            "eps_growth_yearly": 0
        },
        "20054": {
            "year_quarter": 20054,
            "year": 2005,
            "quarter": 4,
            "eps": null,
            "eps_growth_year": null,
            "eps_4q": null,
            "eps_4q_growth_year": null,
            "roe": null,
            "roe_4q": 0,
            "gross_profit": null,
            "gross_margin": null,
            "gross_margin_4q_avg": 0,
            "net_income": null,
            "revenue": null,
            "common_shares": 831000,
            "book_valuer_per_share": 8,
            "book_valuer_per_share_4q_avg": 2,
            "equity": 664765,
            "current_ratio": 498.99,
            "debt_ratio": 17.1,
            "inventory_turnover_ratio": null,
            "account_receivable_turnover_ratio": null,
            "reinvestment_rate": null,
            "research_to_sale_ratio": null,
            "price_fair": 0,
            "eps_avg_yearly": 0,
            "eps_latest_yearly": 0,
            "eps_growth_yearly": 0
        },
        "20061": {
            "year_quarter": 20061,
            "year": 2006,
            "quarter": 1,
            "eps": null,
            "eps_growth_year": null,
            "eps_4q": null,
            "eps_4q_growth_year": null,
            "roe": null,
            "roe_4q": 0,
            "gross_profit": null,
            "gross_margin": null,
            "gross_margin_4q_avg": 0,
            "net_income": null,
            "revenue": null,
            "common_shares": null,
            "book_valuer_per_share": null,
            "book_valuer_per_share_4q_avg": 2,
            "equity": null,
            "current_ratio": null,
            "debt_ratio": null,
            "inventory_turnover_ratio": null,
            "account_receivable_turnover_ratio": null,
            "reinvestment_rate": null,
            "research_to_sale_ratio": null,
            "price_fair": 0,
            "eps_avg_yearly": 0,
            "eps_latest_yearly": 0,
            "eps_growth_yearly": 0
        },
        "20062": {
            "year_quarter": 20062,
            "year": 2006,
            "quarter": 2,
            "eps": null,
            "eps_growth_year": null,
            "eps_4q": null,
            "eps_4q_growth_year": null,
            "roe": null,
            "roe_4q": 0,
            "gross_profit": null,
            "gross_margin": null,
            "gross_margin_4q_avg": 0,
            "net_income": null,
            "revenue": null,
            "common_shares": null,
            "book_valuer_per_share": null,
            "book_valuer_per_share_4q_avg": 2,
            "equity": null,
            "current_ratio": null,
            "debt_ratio": null,
            "inventory_turnover_ratio": null,
            "account_receivable_turnover_ratio": null,
            "reinvestment_rate": null,
            "research_to_sale_ratio": null,
            "price_fair": 0,
            "eps_avg_yearly": 0,
            "eps_latest_yearly": 0,
            "eps_growth_yearly": 0
        },
        "20063": {
            "year_quarter": 20063,
            "year": 2006,
            "quarter": 3,
            "eps": null,
            "eps_growth_year": null,
            "eps_4q": null,
            "eps_4q_growth_year": null,
            "roe": null,
            "roe_4q": 0,
            "gross_profit": null,
            "gross_margin": null,
            "gross_margin_4q_avg": 0,
            "net_income": null,
            "revenue": null,
            "common_shares": null,
            "book_valuer_per_share": null,
            "book_valuer_per_share_4q_avg": 2,
            "equity": null,
            "current_ratio": null,
            "debt_ratio": null,
            "inventory_turnover_ratio": null,
            "account_receivable_turnover_ratio": null,
            "reinvestment_rate": null,
            "research_to_sale_ratio": null,
            "price_fair": 0,
            "eps_avg_yearly": 0,
            "eps_latest_yearly": 0,
            "eps_growth_yearly": 0
        },
        "20064": {
            "year_quarter": 20064,
            "year": 2006,
            "quarter": 4,
            "eps": null,
            "eps_growth_year": null,
            "eps_4q": null,
            "eps_4q_growth_year": null,
            "roe": null,
            "roe_4q": 0,
            "gross_profit": null,
            "gross_margin": null,
            "gross_margin_4q_avg": 0,
            "net_income": null,
            "revenue": null,
            "common_shares": 831000,
            "book_valuer_per_share": 8.1,
            "book_valuer_per_share_4q_avg": 2.03,
            "equity": 673228,
            "current_ratio": 597.31,
            "debt_ratio": 13.48,
            "inventory_turnover_ratio": null,
            "account_receivable_turnover_ratio": null,
            "reinvestment_rate": null,
            "research_to_sale_ratio": null,
            "price_fair": 0,
            "eps_avg_yearly": 0,
            "eps_latest_yearly": 0,
            "eps_growth_yearly": 0
        },
        "20071": {
            "year_quarter": 20071,
            "year": 2007,
            "quarter": 1,
            "eps": null,
            "eps_growth_year": null,
            "eps_4q": null,
            "eps_4q_growth_year": null,
            "roe": null,
            "roe_4q": 0,
            "gross_profit": null,
            "gross_margin": null,
            "gross_margin_4q_avg": 0,
            "net_income": null,
            "revenue": null,
            "common_shares": null,
            "book_valuer_per_share": null,
            "book_valuer_per_share_4q_avg": 2.03,
            "equity": null,
            "current_ratio": null,
            "debt_ratio": null,
            "inventory_turnover_ratio": null,
            "account_receivable_turnover_ratio": null,
            "reinvestment_rate": null,
            "research_to_sale_ratio": null,
            "price_fair": 0,
            "eps_avg_yearly": 0,
            "eps_latest_yearly": 0,
            "eps_growth_yearly": 0
        },
        "20072": {
            "year_quarter": 20072,
            "year": 2007,
            "quarter": 2,
            "eps": null,
            "eps_growth_year": null,
            "eps_4q": null,
            "eps_4q_growth_year": null,
            "roe": null,
            "roe_4q": 0,
            "gross_profit": null,
            "gross_margin": null,
            "gross_margin_4q_avg": 0,
            "net_income": null,
            "revenue": null,
            "common_shares": null,
            "book_valuer_per_share": null,
            "book_valuer_per_share_4q_avg": 2.03,
            "equity": null,
            "current_ratio": null,
            "debt_ratio": null,
            "inventory_turnover_ratio": null,
            "account_receivable_turnover_ratio": null,
            "reinvestment_rate": null,
            "research_to_sale_ratio": null,
            "price_fair": 0,
            "eps_avg_yearly": 0,
            "eps_latest_yearly": 0,
            "eps_growth_yearly": 0
        },
        "20073": {
            "year_quarter": 20073,
            "year": 2007,
            "quarter": 3,
            "eps": null,
            "eps_growth_year": null,
            "eps_4q": null,
            "eps_4q_growth_year": null,
            "roe": null,
            "roe_4q": 0,
            "gross_profit": null,
            "gross_margin": null,
            "gross_margin_4q_avg": 0,
            "net_income": null,
            "revenue": null,
            "common_shares": null,
            "book_valuer_per_share": null,
            "book_valuer_per_share_4q_avg": 2.03,
            "equity": null,
            "current_ratio": null,
            "debt_ratio": null,
            "inventory_turnover_ratio": null,
            "account_receivable_turnover_ratio": null,
            "reinvestment_rate": null,
            "research_to_sale_ratio": null,
            "price_fair": 0,
            "eps_avg_yearly": 0,
            "eps_latest_yearly": 0,
            "eps_growth_yearly": 0
        },
        "20074": {
            "year_quarter": 20074,
            "year": 2007,
            "quarter": 4,
            "eps": null,
            "eps_growth_year": null,
            "eps_4q": null,
            "eps_4q_growth_year": null,
            "roe": null,
            "roe_4q": 0,
            "gross_profit": null,
            "gross_margin": null,
            "gross_margin_4q_avg": 0,
            "net_income": null,
            "revenue": null,
            "common_shares": 836340,
            "book_valuer_per_share": 8.15,
            "book_valuer_per_share_4q_avg": 2.04,
            "equity": 681560,
            "current_ratio": 478.44,
            "debt_ratio": 13.05,
            "inventory_turnover_ratio": null,
            "account_receivable_turnover_ratio": null,
            "reinvestment_rate": null,
            "research_to_sale_ratio": null,
            "price_fair": 0,
            "eps_avg_yearly": 0,
            "eps_latest_yearly": 0,
            "eps_growth_yearly": 0
        },
        "20081": {
            "year_quarter": 20081,
            "year": 2008,
            "quarter": 1,
            "eps": null,
            "eps_growth_year": null,
            "eps_4q": null,
            "eps_4q_growth_year": null,
            "roe": null,
            "roe_4q": 0,
            "gross_profit": null,
            "gross_margin": null,
            "gross_margin_4q_avg": 0,
            "net_income": null,
            "revenue": null,
            "common_shares": null,
            "book_valuer_per_share": null,
            "book_valuer_per_share_4q_avg": 2.04,
            "equity": null,
            "current_ratio": null,
            "debt_ratio": null,
            "inventory_turnover_ratio": null,
            "account_receivable_turnover_ratio": null,
            "reinvestment_rate": null,
            "research_to_sale_ratio": null,
            "price_fair": 0,
            "eps_avg_yearly": 0,
            "eps_latest_yearly": 0,
            "eps_growth_yearly": 0
        },
        "20082": {
            "year_quarter": 20082,
            "year": 2008,
            "quarter": 2,
            "eps": null,
            "eps_growth_year": null,
            "eps_4q": null,
            "eps_4q_growth_year": null,
            "roe": null,
            "roe_4q": 0,
            "gross_profit": null,
            "gross_margin": null,
            "gross_margin_4q_avg": 0,
            "net_income": null,
            "revenue": null,
            "common_shares": null,
            "book_valuer_per_share": null,
            "book_valuer_per_share_4q_avg": 2.04,
            "equity": null,
            "current_ratio": null,
            "debt_ratio": null,
            "inventory_turnover_ratio": null,
            "account_receivable_turnover_ratio": null,
            "reinvestment_rate": null,
            "research_to_sale_ratio": null,
            "price_fair": 0,
            "eps_avg_yearly": 0,
            "eps_latest_yearly": 0,
            "eps_growth_yearly": 0
        },
        "20083": {
            "year_quarter": 20083,
            "year": 2008,
            "quarter": 3,
            "eps": null,
            "eps_growth_year": null,
            "eps_4q": null,
            "eps_4q_growth_year": null,
            "roe": null,
            "roe_4q": 0,
            "gross_profit": null,
            "gross_margin": null,
            "gross_margin_4q_avg": 0,
            "net_income": null,
            "revenue": null,
            "common_shares": null,
            "book_valuer_per_share": null,
            "book_valuer_per_share_4q_avg": 2.04,
            "equity": null,
            "current_ratio": null,
            "debt_ratio": null,
            "inventory_turnover_ratio": null,
            "account_receivable_turnover_ratio": null,
            "reinvestment_rate": null,
            "research_to_sale_ratio": null,
            "price_fair": 0,
            "eps_avg_yearly": 0,
            "eps_latest_yearly": 0,
            "eps_growth_yearly": 0
        },
        "20084": {
            "year_quarter": 20084,
            "year": 2008,
            "quarter": 4,
            "eps": null,
            "eps_growth_year": null,
            "eps_4q": null,
            "eps_4q_growth_year": null,
            "roe": null,
            "roe_4q": 0,
            "gross_profit": null,
            "gross_margin": null,
            "gross_margin_4q_avg": 0,
            "net_income": null,
            "revenue": null,
            "common_shares": 838400,
            "book_valuer_per_share": 8.28,
            "book_valuer_per_share_4q_avg": 2.07,
            "equity": 696624,
            "current_ratio": 345.78,
            "debt_ratio": 15.68,
            "inventory_turnover_ratio": null,
            "account_receivable_turnover_ratio": null,
            "reinvestment_rate": null,
            "research_to_sale_ratio": null,
            "price_fair": 0,
            "eps_avg_yearly": 0,
            "eps_latest_yearly": 0,
            "eps_growth_yearly": 0
        },
        "20091": {
            "year_quarter": 20091,
            "year": 2009,
            "quarter": 1,
            "eps": null,
            "eps_growth_year": null,
            "eps_4q": null,
            "eps_4q_growth_year": null,
            "roe": null,
            "roe_4q": 0,
            "gross_profit": null,
            "gross_margin": null,
            "gross_margin_4q_avg": 0,
            "net_income": null,
            "revenue": null,
            "common_shares": null,
            "book_valuer_per_share": null,
            "book_valuer_per_share_4q_avg": 2.07,
            "equity": null,
            "current_ratio": null,
            "debt_ratio": null,
            "inventory_turnover_ratio": null,
            "account_receivable_turnover_ratio": null,
            "reinvestment_rate": null,
            "research_to_sale_ratio": null,
            "price_fair": 0,
            "eps_avg_yearly": 0,
            "eps_latest_yearly": 0,
            "eps_growth_yearly": 0
        },
        "20092": {
            "year_quarter": 20092,
            "year": 2009,
            "quarter": 2,
            "eps": null,
            "eps_growth_year": null,
            "eps_4q": null,
            "eps_4q_growth_year": null,
            "roe": null,
            "roe_4q": 0,
            "gross_profit": null,
            "gross_margin": null,
            "gross_margin_4q_avg": 0,
            "net_income": null,
            "revenue": null,
            "common_shares": 839450,
            "book_valuer_per_share": null,
            "book_valuer_per_share_4q_avg": 2.07,
            "equity": 705705,
            "current_ratio": null,
            "debt_ratio": null,
            "inventory_turnover_ratio": null,
            "account_receivable_turnover_ratio": null,
            "reinvestment_rate": null,
            "research_to_sale_ratio": null,
            "price_fair": 0,
            "eps_avg_yearly": 0,
            "eps_latest_yearly": 0,
            "eps_growth_yearly": 0
        },
        "20093": {
            "year_quarter": 20093,
            "year": 2009,
            "quarter": 3,
            "eps": null,
            "eps_growth_year": null,
            "eps_4q": null,
            "eps_4q_growth_year": null,
            "roe": null,
            "roe_4q": 0,
            "gross_profit": null,
            "gross_margin": null,
            "gross_margin_4q_avg": 0,
            "net_income": null,
            "revenue": null,
            "common_shares": null,
            "book_valuer_per_share": null,
            "book_valuer_per_share_4q_avg": 2.07,
            "equity": null,
            "current_ratio": null,
            "debt_ratio": null,
            "inventory_turnover_ratio": null,
            "account_receivable_turnover_ratio": null,
            "reinvestment_rate": null,
            "research_to_sale_ratio": null,
            "price_fair": 0,
            "eps_avg_yearly": 0,
            "eps_latest_yearly": 0,
            "eps_growth_yearly": 0
        },
        "20094": {
            "year_quarter": 20094,
            "year": 2009,
            "quarter": 4,
            "eps": null,
            "eps_growth_year": null,
            "eps_4q": null,
            "eps_4q_growth_year": null,
            "roe": null,
            "roe_4q": 0,
            "gross_profit": null,
            "gross_margin": null,
            "gross_margin_4q_avg": 0,
            "net_income": null,
            "revenue": null,
            "common_shares": 847970,
            "book_valuer_per_share": 8.5,
            "book_valuer_per_share_4q_avg": 2.13,
            "equity": 723762,
            "current_ratio": 348.27,
            "debt_ratio": 17.94,
            "inventory_turnover_ratio": null,
            "account_receivable_turnover_ratio": null,
            "reinvestment_rate": null,
            "research_to_sale_ratio": null,
            "price_fair": 0,
            "eps_avg_yearly": 0,
            "eps_latest_yearly": 0,
            "eps_growth_yearly": 0
        },
        "20101": {
            "year_quarter": 20101,
            "year": 2010,
            "quarter": 1,
            "eps": null,
            "eps_growth_year": null,
            "eps_4q": null,
            "eps_4q_growth_year": null,
            "roe": null,
            "roe_4q": 0,
            "gross_profit": 22047,
            "gross_margin": null,
            "gross_margin_4q_avg": 0,
            "net_income": 348,
            "revenue": 67873,
            "common_shares": 848170,
            "book_valuer_per_share": 8.51,
            "book_valuer_per_share_4q_avg": 4.25,
            "equity": 721494,
            "current_ratio": 543.75,
            "debt_ratio": 10.56,
            "inventory_turnover_ratio": null,
            "account_receivable_turnover_ratio": null,
            "reinvestment_rate": null,
            "research_to_sale_ratio": null,
            "price_fair": 0,
            "eps_avg_yearly": 0,
            "eps_latest_yearly": 0,
            "eps_growth_yearly": 0
        },
        "20102": {
            "year_quarter": 20102,
            "year": 2010,
            "quarter": 2,
            "eps": 0.04,
            "eps_growth_year": null,
            "eps_4q": null,
            "eps_4q_growth_year": null,
            "roe": 0.46,
            "roe_4q": 0.46,
            "gross_profit": 40555,
            "gross_margin": 33.54,
            "gross_margin_4q_avg": 8.39,
            "net_income": 3341,
            "revenue": 120930,
            "common_shares": 848360,
            "book_valuer_per_share": 8.55,
            "book_valuer_per_share_4q_avg": 6.39,
            "equity": 727890,
            "current_ratio": 365.5,
            "debt_ratio": 16.77,
            "inventory_turnover_ratio": 1.4,
            "account_receivable_turnover_ratio": 2.04,
            "reinvestment_rate": null,
            "research_to_sale_ratio": null,
            "price_fair": 0,
            "eps_avg_yearly": 0,
            "eps_latest_yearly": 0,
            "eps_growth_yearly": 0
        },
        "20103": {
            "year_quarter": 20103,
            "year": 2010,
            "quarter": 3,
            "eps": null,
            "eps_growth_year": null,
            "eps_4q": null,
            "eps_4q_growth_year": null,
            "roe": null,
            "roe_4q": 0.46,
            "gross_profit": 35348,
            "gross_margin": null,
            "gross_margin_4q_avg": 8.39,
            "net_income": 9730,
            "revenue": 80931,
            "common_shares": 849050,
            "book_valuer_per_share": 8.66,
            "book_valuer_per_share_4q_avg": 8.56,
            "equity": 735378,
            "current_ratio": 670.5,
            "debt_ratio": 9.18,
            "inventory_turnover_ratio": null,
            "account_receivable_turnover_ratio": null,
            "reinvestment_rate": null,
            "research_to_sale_ratio": null,
            "price_fair": 0,
            "eps_avg_yearly": 0,
            "eps_latest_yearly": 0,
            "eps_growth_yearly": 0
        },
        "20104": {
            "year_quarter": 20104,
            "year": 2010,
            "quarter": 4,
            "eps": null,
            "eps_growth_year": null,
            "eps_4q": null,
            "eps_4q_growth_year": null,
            "roe": null,
            "roe_4q": 0.46,
            "gross_profit": 30399,
            "gross_margin": null,
            "gross_margin_4q_avg": 8.39,
            "net_income": 22883,
            "revenue": 81483,
            "common_shares": 849700,
            "book_valuer_per_share": 8.93,
            "book_valuer_per_share_4q_avg": 8.66,
            "equity": 758533,
            "current_ratio": 588.1,
            "debt_ratio": 11.11,
            "inventory_turnover_ratio": null,
            "account_receivable_turnover_ratio": null,
            "reinvestment_rate": null,
            "research_to_sale_ratio": null,
            "price_fair": 0,
            "eps_avg_yearly": 0,
            "eps_latest_yearly": 0,
            "eps_growth_yearly": 0
        },
        "20111": {
            "year_quarter": 20111,
            "year": 2011,
            "quarter": 1,
            "eps": null,
            "eps_growth_year": null,
            "eps_4q": null,
            "eps_4q_growth_year": null,
            "roe": null,
            "roe_4q": 0.46,
            "gross_profit": 39519,
            "gross_margin": null,
            "gross_margin_4q_avg": 8.39,
            "net_income": 14118,
            "revenue": 86410,
            "common_shares": 849700,
            "book_valuer_per_share": 9.09,
            "book_valuer_per_share_4q_avg": 8.81,
            "equity": 772663,
            "current_ratio": 714.7,
            "debt_ratio": 9.7,
            "inventory_turnover_ratio": null,
            "account_receivable_turnover_ratio": null,
            "reinvestment_rate": null,
            "research_to_sale_ratio": null,
            "price_fair": 0,
            "eps_avg_yearly": 0,
            "eps_latest_yearly": 0,
            "eps_growth_yearly": 0
        },
        "20112": {
            "year_quarter": 20112,
            "year": 2011,
            "quarter": 2,
            "eps": 0.16,
            "eps_growth_year": 313.19,
            "eps_4q": 0.16,
            "eps_4q_growth_year": null,
            "roe": 1.77,
            "roe_4q": 1.77,
            "gross_profit": 40883,
            "gross_margin": 44.93,
            "gross_margin_4q_avg": 11.23,
            "net_income": 13827,
            "revenue": 90984,
            "common_shares": 849720,
            "book_valuer_per_share": 9.26,
            "book_valuer_per_share_4q_avg": 8.99,
            "equity": 786740,
            "current_ratio": 814.42,
            "debt_ratio": 8.99,
            "inventory_turnover_ratio": 0.77,
            "account_receivable_turnover_ratio": 1.97,
            "reinvestment_rate": null,
            "research_to_sale_ratio": null,
            "price_fair": 0,
            "eps_avg_yearly": 0,
            "eps_latest_yearly": 0,
            "eps_growth_yearly": 0
        },
        "20113": {
            "year_quarter": 20113,
            "year": 2011,
            "quarter": 3,
            "eps": 0.14,
            "eps_growth_year": null,
            "eps_4q": 0.3,
            "eps_4q_growth_year": null,
            "roe": 1.49,
            "roe_4q": 3.26,
            "gross_profit": 38962,
            "gross_margin": 46.64,
            "gross_margin_4q_avg": 22.89,
            "net_income": 11834,
            "revenue": 83543,
            "common_shares": 850270,
            "book_valuer_per_share": 9.4,
            "book_valuer_per_share_4q_avg": 9.17,
            "equity": 799124,
            "current_ratio": 978.94,
            "debt_ratio": 7.97,
            "inventory_turnover_ratio": 0.71,
            "account_receivable_turnover_ratio": 0.97,
            "reinvestment_rate": null,
            "research_to_sale_ratio": 7.79,
            "price_fair": 1.68,
            "eps_avg_yearly": 0.56,
            "eps_latest_yearly": 0.56,
            "eps_growth_yearly": -50
        },
        "20114": {
            "year_quarter": 20114,
            "year": 2011,
            "quarter": 4,
            "eps": 0.19,
            "eps_growth_year": null,
            "eps_4q": 0.49,
            "eps_4q_growth_year": null,
            "roe": 1.96,
            "roe_4q": 5.220000000000001,
            "gross_profit": 28722,
            "gross_margin": 40.79,
            "gross_margin_4q_avg": 33.09,
            "net_income": 15850,
            "revenue": 70407,
            "common_shares": 855050,
            "book_valuer_per_share": 9.59,
            "book_valuer_per_share_4q_avg": 9.34,
            "equity": 819739,
            "current_ratio": 884.11,
            "debt_ratio": 8.92,
            "inventory_turnover_ratio": 0.69,
            "account_receivable_turnover_ratio": 0.95,
            "reinvestment_rate": null,
            "research_to_sale_ratio": 16.07,
            "price_fair": 23.1,
            "eps_avg_yearly": 0.66,
            "eps_latest_yearly": 0.76,
            "eps_growth_yearly": 46.43
        },
        "20121": {
            "year_quarter": 20121,
            "year": 2012,
            "quarter": 1,
            "eps": 0.09,
            "eps_growth_year": null,
            "eps_4q": 0.51,
            "eps_4q_growth_year": null,
            "roe": 0.91,
            "roe_4q": 6.130000000000001,
            "gross_profit": 39333,
            "gross_margin": 41.08,
            "gross_margin_4q_avg": 43.36,
            "net_income": 8144,
            "revenue": 95741,
            "common_shares": 969280,
            "book_valuer_per_share": 10.05,
            "book_valuer_per_share_4q_avg": 9.58,
            "equity": 974135,
            "current_ratio": 1021.32,
            "debt_ratio": 8.4,
            "inventory_turnover_ratio": 0.94,
            "account_receivable_turnover_ratio": 1.23,
            "reinvestment_rate": null,
            "research_to_sale_ratio": 11.45,
            "price_fair": 1.68,
            "eps_avg_yearly": 0.56,
            "eps_latest_yearly": 0.36,
            "eps_growth_yearly": -39.22
        },
        "20122": {
            "year_quarter": 20122,
            "year": 2012,
            "quarter": 2,
            "eps": 0.1,
            "eps_growth_year": -39.38,
            "eps_4q": 0.47,
            "eps_4q_growth_year": 187.74,
            "roe": 0.98,
            "roe_4q": 5.34,
            "gross_profit": 36864,
            "gross_margin": 42.35,
            "gross_margin_4q_avg": 42.72,
            "net_income": 9563,
            "revenue": 87040,
            "common_shares": 969430,
            "book_valuer_per_share": 10.15,
            "book_valuer_per_share_4q_avg": 9.8,
            "equity": 983848,
            "current_ratio": 1039.04,
            "debt_ratio": 8.36,
            "inventory_turnover_ratio": 0.78,
            "account_receivable_turnover_ratio": 0.98,
            "reinvestment_rate": null,
            "research_to_sale_ratio": 8.6,
            "price_fair": 1.56,
            "eps_avg_yearly": 0.52,
            "eps_latest_yearly": 0.4,
            "eps_growth_yearly": -18.31
        },
        "20123": {
            "year_quarter": 20123,
            "year": 2012,
            "quarter": 3,
            "eps": 0.45,
            "eps_growth_year": 223.14,
            "eps_4q": 0.8,
            "eps_4q_growth_year": 163.71,
            "roe": 4.34,
            "roe_4q": 8.190000000000001,
            "gross_profit": 42425,
            "gross_margin": 46.95,
            "gross_margin_4q_avg": 42.79,
            "net_income": 43602,
            "revenue": 90364,
            "common_shares": 969480,
            "book_valuer_per_share": 10.6,
            "book_valuer_per_share_4q_avg": 10.1,
            "equity": 1027499,
            "current_ratio": 931.74,
            "debt_ratio": 9.24,
            "inventory_turnover_ratio": 0.67,
            "account_receivable_turnover_ratio": 1.03,
            "reinvestment_rate": null,
            "research_to_sale_ratio": 13.25,
            "price_fair": 27.16,
            "eps_avg_yearly": 0.78,
            "eps_latest_yearly": 1.8,
            "eps_growth_yearly": 265.36
        },
        "20124": {
            "year_quarter": 20124,
            "year": 2012,
            "quarter": 4,
            "eps": -0.01,
            "eps_growth_year": -103.83,
            "eps_4q": 0.63,
            "eps_4q_growth_year": 28.79,
            "roe": -0.07,
            "roe_4q": 6.16,
            "gross_profit": 30113,
            "gross_margin": 38.59,
            "gross_margin_4q_avg": 42.24,
            "net_income": -689,
            "revenue": 78042,
            "common_shares": 969560,
            "book_valuer_per_share": 10.57,
            "book_valuer_per_share_4q_avg": 10.34,
            "equity": 1025299,
            "current_ratio": 905.09,
            "debt_ratio": 9.56,
            "inventory_turnover_ratio": 0.58,
            "account_receivable_turnover_ratio": 0.98,
            "reinvestment_rate": null,
            "research_to_sale_ratio": 12.6,
            "price_fair": 27.16,
            "eps_avg_yearly": 0.78,
            "eps_latest_yearly": 1.8,
            "eps_growth_yearly": 265.36
        },
        "20131": {
            "year_quarter": 20131,
            "year": 2013,
            "quarter": 1,
            "eps": 0.13,
            "eps_growth_year": 44.44,
            "eps_4q": 0.67,
            "eps_4q_growth_year": 31.59,
            "roe": 1.26,
            "roe_4q": 6.51,
            "gross_profit": 40817,
            "gross_margin": 40.66,
            "gross_margin_4q_avg": 42.14,
            "net_income": 12882,
            "revenue": 100393,
            "common_shares": 969560,
            "book_valuer_per_share": 10.58,
            "book_valuer_per_share_4q_avg": 10.48,
            "equity": 1026171,
            "current_ratio": 807.5,
            "debt_ratio": 11.55,
            "inventory_turnover_ratio": 0.69,
            "account_receivable_turnover_ratio": 1.18,
            "reinvestment_rate": null,
            "research_to_sale_ratio": 5.87,
            "price_fair": 27.16,
            "eps_avg_yearly": 0.78,
            "eps_latest_yearly": 1.8,
            "eps_growth_yearly": 265.36
        },
        "20132": {
            "year_quarter": 20132,
            "year": 2013,
            "quarter": 2,
            "eps": 0.18,
            "eps_growth_year": 82.47,
            "eps_4q": 0.75,
            "eps_4q_growth_year": 60.72,
            "roe": 1.69,
            "roe_4q": 7.220000000000001,
            "gross_profit": 44208,
            "gross_margin": 46.01,
            "gross_margin_4q_avg": 43.05,
            "net_income": 17167,
            "revenue": 96075,
            "common_shares": 969560,
            "book_valuer_per_share": 10.4,
            "book_valuer_per_share_4q_avg": 10.54,
            "equity": 1008521,
            "current_ratio": 585.92,
            "debt_ratio": 14.41,
            "inventory_turnover_ratio": 0.63,
            "account_receivable_turnover_ratio": 0.98,
            "reinvestment_rate": null,
            "research_to_sale_ratio": 8.46,
            "price_fair": 26.83,
            "eps_avg_yearly": 0.77,
            "eps_latest_yearly": 0.72,
            "eps_growth_yearly": 246.77
        },
        "20133": {
            "year_quarter": 20133,
            "year": 2013,
            "quarter": 3,
            "eps": 0.14,
            "eps_growth_year": -68.87,
            "eps_4q": 0.45,
            "eps_4q_growth_year": -43.78,
            "roe": 1.38,
            "roe_4q": 4.26,
            "gross_profit": 47892,
            "gross_margin": 44.44,
            "gross_margin_4q_avg": 42.43,
            "net_income": 14026,
            "revenue": 107759,
            "common_shares": 969560,
            "book_valuer_per_share": 10.54,
            "book_valuer_per_share_4q_avg": 10.52,
            "equity": 1022234,
            "current_ratio": 607.98,
            "debt_ratio": 13.45,
            "inventory_turnover_ratio": 0.7,
            "account_receivable_turnover_ratio": 1.08,
            "reinvestment_rate": null,
            "research_to_sale_ratio": 6.49,
            "price_fair": 25.8,
            "eps_avg_yearly": 0.74,
            "eps_latest_yearly": 0.56,
            "eps_growth_yearly": 198.82
        },
        "20134": {
            "year_quarter": 20134,
            "year": 2013,
            "quarter": 4,
            "eps": 0.02,
            "eps_growth_year": null,
            "eps_4q": 0.47,
            "eps_4q_growth_year": -24.68,
            "roe": 0.16,
            "roe_4q": 4.489999999999999,
            "gross_profit": 38804,
            "gross_margin": 41.81,
            "gross_margin_4q_avg": 43.23,
            "net_income": 1587,
            "revenue": 92814,
            "common_shares": 969560,
            "book_valuer_per_share": 10.56,
            "book_valuer_per_share_4q_avg": 10.52,
            "equity": 1024109,
            "current_ratio": 533.42,
            "debt_ratio": 14.84,
            "inventory_turnover_ratio": 0.6,
            "account_receivable_turnover_ratio": 0.98,
            "reinvestment_rate": 24.14,
            "research_to_sale_ratio": 11.62,
            "price_fair": 22.93,
            "eps_avg_yearly": 0.66,
            "eps_latest_yearly": 0.08,
            "eps_growth_yearly": 131.11
        },
        "20141": {
            "year_quarter": 20141,
            "year": 2014,
            "quarter": 1,
            "eps": 0.24,
            "eps_growth_year": 84.62,
            "eps_4q": 0.58,
            "eps_4q_growth_year": -14.43,
            "roe": 2.23,
            "roe_4q": 5.46,
            "gross_profit": 55600,
            "gross_margin": 45.58,
            "gross_margin_4q_avg": 44.46,
            "net_income": 23148,
            "revenue": 121988,
            "common_shares": 969560,
            "book_valuer_per_share": 10.82,
            "book_valuer_per_share_4q_avg": 10.58,
            "equity": 1048597,
            "current_ratio": 630.04,
            "debt_ratio": 13.12,
            "inventory_turnover_ratio": 0.77,
            "account_receivable_turnover_ratio": 1.27,
            "reinvestment_rate": 42.25,
            "research_to_sale_ratio": 5.43,
            "price_fair": 24.11,
            "eps_avg_yearly": 0.69,
            "eps_latest_yearly": 0.96,
            "eps_growth_yearly": 605.43
        },
        "20142": {
            "year_quarter": 20142,
            "year": 2014,
            "quarter": 2,
            "eps": 0.25,
            "eps_growth_year": 38.89,
            "eps_4q": 0.65,
            "eps_4q_growth_year": -13.37,
            "roe": 2.34,
            "roe_4q": 6.11,
            "gross_profit": 60949,
            "gross_margin": 50.79,
            "gross_margin_4q_avg": 45.66,
            "net_income": 24448,
            "revenue": 120004,
            "common_shares": 969560,
            "book_valuer_per_share": 10.76,
            "book_valuer_per_share_4q_avg": 10.67,
            "equity": 1043158,
            "current_ratio": 505.2,
            "debt_ratio": 14.73,
            "inventory_turnover_ratio": 0.7,
            "account_receivable_turnover_ratio": 1.2,
            "reinvestment_rate": 37.9,
            "research_to_sale_ratio": 7.74,
            "price_fair": 25.2,
            "eps_avg_yearly": 0.72,
            "eps_latest_yearly": 1,
            "eps_growth_yearly": 546.55
        },
        "20143": {
            "year_quarter": 20143,
            "year": 2014,
            "quarter": 3,
            "eps": 0.25,
            "eps_growth_year": 78.57,
            "eps_4q": 0.76,
            "eps_4q_growth_year": 68.87,
            "roe": 2.28,
            "roe_4q": 7.01,
            "gross_profit": 66931,
            "gross_margin": 51.94,
            "gross_margin_4q_avg": 47.53,
            "net_income": 24085,
            "revenue": 128853,
            "common_shares": 969560,
            "book_valuer_per_share": 11.01,
            "book_valuer_per_share_4q_avg": 10.79,
            "equity": 1067793,
            "current_ratio": 578.79,
            "debt_ratio": 12.15,
            "inventory_turnover_ratio": 0.71,
            "account_receivable_turnover_ratio": 1.25,
            "reinvestment_rate": 82.74,
            "research_to_sale_ratio": 9.66,
            "price_fair": 26.09,
            "eps_avg_yearly": 0.75,
            "eps_latest_yearly": 1,
            "eps_growth_yearly": 496.87
        },
        "20144": {
            "year_quarter": 20144,
            "year": 2014,
            "quarter": 4,
            "eps": 0.01,
            "eps_growth_year": -46.32,
            "eps_4q": 0.75,
            "eps_4q_growth_year": 58.85,
            "roe": 0.08,
            "roe_4q": 6.93,
            "gross_profit": 48050,
            "gross_margin": 45.93,
            "gross_margin_4q_avg": 48.56,
            "net_income": 852,
            "revenue": 104605,
            "common_shares": 969560,
            "book_valuer_per_share": 12.37,
            "book_valuer_per_share_4q_avg": 11.24,
            "equity": 1199073,
            "current_ratio": 667.45,
            "debt_ratio": 25.23,
            "inventory_turnover_ratio": 0.61,
            "account_receivable_turnover_ratio": 1.08,
            "reinvestment_rate": 144.16,
            "research_to_sale_ratio": 14.58,
            "price_fair": 24.03,
            "eps_avg_yearly": 0.69,
            "eps_latest_yearly": 0.04,
            "eps_growth_yearly": 423.46
        },
        "20151": {
            "year_quarter": 20151,
            "year": 2015,
            "quarter": 1,
            "eps": 0.2,
            "eps_growth_year": -16.67,
            "eps_4q": 0.69,
            "eps_4q_growth_year": 19.69,
            "roe": 1.55,
            "roe_4q": 6.25,
            "gross_profit": 58607,
            "gross_margin": 46.79,
            "gross_margin_4q_avg": 48.86,
            "net_income": 20216,
            "revenue": 125248,
            "common_shares": 1008060,
            "book_valuer_per_share": 14.02,
            "book_valuer_per_share_4q_avg": 12.04,
            "equity": 1413638,
            "current_ratio": 1091.27,
            "debt_ratio": 20.87,
            "inventory_turnover_ratio": 0.69,
            "account_receivable_turnover_ratio": 1.33,
            "reinvestment_rate": 143.76,
            "research_to_sale_ratio": 7.2,
            "price_fair": 24.34,
            "eps_avg_yearly": 0.7,
            "eps_latest_yearly": 0.8,
            "eps_growth_yearly": 975.5
        },
        "20152": {
            "year_quarter": 20152,
            "year": 2015,
            "quarter": 2,
            "eps": 0.07,
            "eps_growth_year": -72,
            "eps_4q": 0.52,
            "eps_4q_growth_year": -20.82,
            "roe": 0.5,
            "roe_4q": 4.41,
            "gross_profit": 46418,
            "gross_margin": 42.98,
            "gross_margin_4q_avg": 46.91,
            "net_income": 6884,
            "revenue": 107995,
            "common_shares": 1008060,
            "book_valuer_per_share": 13.28,
            "book_valuer_per_share_4q_avg": 12.67,
            "equity": 1339183,
            "current_ratio": 692.06,
            "debt_ratio": 24.24,
            "inventory_turnover_ratio": 0.68,
            "account_receivable_turnover_ratio": 1.11,
            "reinvestment_rate": 138.51,
            "research_to_sale_ratio": 11.99,
            "price_fair": 23.3,
            "eps_avg_yearly": 0.67,
            "eps_latest_yearly": 0.28,
            "eps_growth_yearly": 887.25
        },
        "20153": {
            "year_quarter": 20153,
            "year": 2015,
            "quarter": 3,
            "eps": 0.16,
            "eps_growth_year": -36,
            "eps_4q": 0.44,
            "eps_4q_growth_year": -41.92,
            "roe": 1.21,
            "roe_4q": 3.34,
            "gross_profit": 58191,
            "gross_margin": 49.94,
            "gross_margin_4q_avg": 46.41,
            "net_income": 16171,
            "revenue": 116520,
            "common_shares": 1008060,
            "book_valuer_per_share": 13.3,
            "book_valuer_per_share_4q_avg": 13.24,
            "equity": 1336613,
            "current_ratio": 946.89,
            "debt_ratio": 22.22,
            "inventory_turnover_ratio": 0.61,
            "account_receivable_turnover_ratio": 1.28,
            "reinvestment_rate": 143.82,
            "research_to_sale_ratio": 12.07,
            "price_fair": 23.5,
            "eps_avg_yearly": 0.67,
            "eps_latest_yearly": 0.64,
            "eps_growth_yearly": 927.56
        },
        "20154": {
            "year_quarter": 20154,
            "year": 2015,
            "quarter": 4,
            "eps": 0.03,
            "eps_growth_year": 262.03,
            "eps_4q": 0.46,
            "eps_4q_growth_year": -38.64,
            "roe": 0.19,
            "roe_4q": 3.45,
            "gross_profit": 57584,
            "gross_margin": 45.05,
            "gross_margin_4q_avg": 46.19,
            "net_income": 3222,
            "revenue": 127834,
            "common_shares": 1008060,
            "book_valuer_per_share": 21.08,
            "book_valuer_per_share_4q_avg": 15.42,
            "equity": 2124313,
            "current_ratio": 924.91,
            "debt_ratio": 15.61,
            "inventory_turnover_ratio": 0.7,
            "account_receivable_turnover_ratio": 1.32,
            "reinvestment_rate": 523.14,
            "research_to_sale_ratio": 17.23,
            "price_fair": 21.9,
            "eps_avg_yearly": 0.63,
            "eps_latest_yearly": 0.12,
            "eps_growth_yearly": 894.14
        },
        "20161": {
            "year_quarter": 20161,
            "year": 2016,
            "quarter": 1,
            "eps": 0.24,
            "eps_growth_year": 20,
            "eps_4q": 0.5,
            "eps_4q_growth_year": -26.95,
            "roe": 1.03,
            "roe_4q": 2.9299999999999997,
            "gross_profit": 41604,
            "gross_margin": 41.86,
            "gross_margin_4q_avg": 44.96,
            "net_income": 24565,
            "revenue": 99395,
            "common_shares": 1008060,
            "book_valuer_per_share": 26.16,
            "book_valuer_per_share_4q_avg": 18.46,
            "equity": 2636749,
            "current_ratio": 942.83,
            "debt_ratio": 12.63,
            "inventory_turnover_ratio": 0.57,
            "account_receivable_turnover_ratio": 1.04,
            "reinvestment_rate": 688.7,
            "research_to_sale_ratio": 17.8,
            "price_fair": 23.4,
            "eps_avg_yearly": 0.67,
            "eps_latest_yearly": 0.96,
            "eps_growth_yearly": 1109.18
        },
        "20162": {
            "year_quarter": 20162,
            "year": 2016,
            "quarter": 2,
            "eps": 0.05,
            "eps_growth_year": -28.57,
            "eps_4q": 0.49,
            "eps_4q_growth_year": -5.87,
            "roe": 0.19,
            "roe_4q": 2.62,
            "gross_profit": 38211,
            "gross_margin": 38.64,
            "gross_margin_4q_avg": 43.87,
            "net_income": 5025,
            "revenue": 98877,
            "common_shares": 1008060,
            "book_valuer_per_share": 25.56,
            "book_valuer_per_share_4q_avg": 21.53,
            "equity": 2577011,
            "current_ratio": 730.59,
            "debt_ratio": 13.77,
            "inventory_turnover_ratio": 0.58,
            "account_receivable_turnover_ratio": 1.14,
            "reinvestment_rate": 695.84,
            "research_to_sale_ratio": 12.07,
            "price_fair": 22.9,
            "eps_avg_yearly": 0.65,
            "eps_latest_yearly": 0.2,
            "eps_growth_yearly": 1083.38
        },
        "20163": {
            "year_quarter": 20163,
            "year": 2016,
            "quarter": 3,
            "eps": 0.08,
            "eps_growth_year": -50,
            "eps_4q": 0.4,
            "eps_4q_growth_year": -7.92,
            "roe": 0.31,
            "roe_4q": 1.72,
            "gross_profit": 46309,
            "gross_margin": 41.16,
            "gross_margin_4q_avg": 41.68,
            "net_income": 7928,
            "revenue": 112506,
            "common_shares": 1008060,
            "book_valuer_per_share": 24.58,
            "book_valuer_per_share_4q_avg": 24.35,
            "equity": 2477419,
            "current_ratio": 1004.52,
            "debt_ratio": 13,
            "inventory_turnover_ratio": 0.68,
            "account_receivable_turnover_ratio": 1.2,
            "reinvestment_rate": 785.26,
            "research_to_sale_ratio": 10.44,
            "price_fair": 19.2,
            "eps_avg_yearly": 0.55,
            "eps_latest_yearly": 0.32,
            "eps_growth_yearly": 1000.53
        },
        "20164": {
            "year_quarter": 20164,
            "year": 2016,
            "quarter": 4,
            "eps": 0.02,
            "eps_growth_year": -47.15,
            "eps_4q": 0.39,
            "eps_4q_growth_year": -15.26,
            "roe": 0.07,
            "roe_4q": 1.6,
            "gross_profit": 39914,
            "gross_margin": 39.75,
            "gross_margin_4q_avg": 40.35,
            "net_income": 1695,
            "revenue": 100425,
            "common_shares": 1008060,
            "book_valuer_per_share": 22.31,
            "book_valuer_per_share_4q_avg": 24.65,
            "equity": 2249279,
            "current_ratio": 255.94,
            "debt_ratio": 15,
            "inventory_turnover_ratio": 0.61,
            "account_receivable_turnover_ratio": 1.05,
            "reinvestment_rate": 664.95,
            "research_to_sale_ratio": 13.4,
            "price_fair": 18.11,
            "eps_avg_yearly": 0.52,
            "eps_latest_yearly": 0.08,
            "eps_growth_yearly": 913.83
        },
        "20171": {
            "year_quarter": 20171,
            "year": 2017,
            "quarter": 1,
            "eps": 0.14,
            "eps_growth_year": -41.67,
            "eps_4q": 0.29,
            "eps_4q_growth_year": -42.92,
            "roe": 0.68,
            "roe_4q": 1.25,
            "gross_profit": 43728,
            "gross_margin": 42.95,
            "gross_margin_4q_avg": 40.63,
            "net_income": 14190,
            "revenue": 101823,
            "common_shares": 1008060,
            "book_valuer_per_share": 19.09,
            "book_valuer_per_share_4q_avg": 22.89,
            "equity": 1912742,
            "current_ratio": 253.82,
            "debt_ratio": 16.56,
            "inventory_turnover_ratio": 0.56,
            "account_receivable_turnover_ratio": 1.25,
            "reinvestment_rate": 511.8,
            "research_to_sale_ratio": 7.12,
            "price_fair": 18.2,
            "eps_avg_yearly": 0.52,
            "eps_latest_yearly": 0.56,
            "eps_growth_yearly": 1006.71
        },
        "20172": {
            "year_quarter": 20172,
            "year": 2017,
            "quarter": 2,
            "eps": 0.66,
            "eps_growth_year": 1220,
            "eps_4q": 0.9,
            "eps_4q_growth_year": 85.15,
            "roe": 3.46,
            "roe_4q": 4.52,
            "gross_profit": 43459,
            "gross_margin": 41.2,
            "gross_margin_4q_avg": 41.27,
            "net_income": 66312,
            "revenue": 105473,
            "common_shares": 1008060,
            "book_valuer_per_share": 19.18,
            "book_valuer_per_share_4q_avg": 21.29,
            "equity": 1921216,
            "current_ratio": 240.1,
            "debt_ratio": 17.79,
            "inventory_turnover_ratio": 0.58,
            "account_receivable_turnover_ratio": 1.34,
            "reinvestment_rate": 403.99,
            "research_to_sale_ratio": 6.01,
            "price_fair": 22.4,
            "eps_avg_yearly": 0.64,
            "eps_latest_yearly": 2.64,
            "eps_growth_yearly": 1089.95
        },
        "20173": {
            "year_quarter": 20173,
            "year": 2017,
            "quarter": 3,
            "eps": 0.3,
            "eps_growth_year": 275,
            "eps_4q": 1.12,
            "eps_4q_growth_year": 176.39,
            "roe": 1.6,
            "roe_4q": 5.8100000000000005,
            "gross_profit": 39956,
            "gross_margin": 38.47,
            "gross_margin_4q_avg": 40.59,
            "net_income": 29704,
            "revenue": 103858,
            "common_shares": 1008060,
            "book_valuer_per_share": 17.94,
            "book_valuer_per_share_4q_avg": 19.63,
            "equity": 1797095,
            "current_ratio": 255.06,
            "debt_ratio": 18.25,
            "inventory_turnover_ratio": 0.61,
            "account_receivable_turnover_ratio": 1.14,
            "reinvestment_rate": 297.66,
            "research_to_sale_ratio": 9.84,
            "price_fair": 23.8,
            "eps_avg_yearly": 0.68,
            "eps_latest_yearly": 1.2,
            "eps_growth_yearly": 1081.87
        },
        "20174": {
            "year_quarter": 20174,
            "year": 2017,
            "quarter": 4,
            "eps": 0.39,
            "eps_growth_year": 2201.3,
            "eps_4q": 1.49,
            "eps_4q_growth_year": 282.28,
            "roe": 2.28,
            "roe_4q": 8.02,
            "gross_profit": 36340,
            "gross_margin": 37.42,
            "gross_margin_4q_avg": 40.01,
            "net_income": 38763,
            "revenue": 97117,
            "common_shares": 1008060,
            "book_valuer_per_share": 15.97,
            "book_valuer_per_share_4q_avg": 18.05,
            "equity": 1599674,
            "current_ratio": 250.89,
            "debt_ratio": 21.65,
            "inventory_turnover_ratio": 0.56,
            "account_receivable_turnover_ratio": 1.07,
            "reinvestment_rate": 178.99,
            "research_to_sale_ratio": 28.45,
            "price_fair": 27.04,
            "eps_avg_yearly": 0.77,
            "eps_latest_yearly": 1.56,
            "eps_growth_yearly": 1110.8
        },
        "20181": {
            "year_quarter": 20181,
            "year": 2018,
            "quarter": 1,
            "eps": 0.23,
            "eps_growth_year": 64.29,
            "eps_4q": 1.58,
            "eps_4q_growth_year": 447.56,
            "roe": 1.37,
            "roe_4q": 8.71,
            "gross_profit": 58782,
            "gross_margin": 46.22,
            "gross_margin_4q_avg": 40.83,
            "net_income": 23127,
            "revenue": 127190,
            "common_shares": 1008060,
            "book_valuer_per_share": 17.84,
            "book_valuer_per_share_4q_avg": 17.73,
            "equity": 1786806,
            "current_ratio": 579.28,
            "debt_ratio": 8.79,
            "inventory_turnover_ratio": 0.63,
            "account_receivable_turnover_ratio": 1.48,
            "reinvestment_rate": 9.5,
            "research_to_sale_ratio": 7.17,
            "price_fair": 26.95,
            "eps_avg_yearly": 0.77,
            "eps_latest_yearly": 0.92,
            "eps_growth_yearly": 825.54
        },
        "20182": {
            "year_quarter": 20182,
            "year": 2018,
            "quarter": 2,
            "eps": 0.06,
            "eps_growth_year": -90.91,
            "eps_4q": 0.97,
            "eps_4q_growth_year": 8.3,
            "roe": 0.33,
            "roe_4q": 5.58,
            "gross_profit": 45927,
            "gross_margin": 41.32,
            "gross_margin_4q_avg": 40.86,
            "net_income": 6011,
            "revenue": 111148,
            "common_shares": 1008060,
            "book_valuer_per_share": 18.32,
            "book_valuer_per_share_4q_avg": 17.52,
            "equity": 1835090,
            "current_ratio": 421.84,
            "debt_ratio": 10.35,
            "inventory_turnover_ratio": 0.66,
            "account_receivable_turnover_ratio": 1.24,
            "reinvestment_rate": -2.58,
            "research_to_sale_ratio": 8.94,
            "price_fair": 25.29,
            "eps_avg_yearly": 0.72,
            "eps_latest_yearly": 0.24,
            "eps_growth_yearly": 806.02
        },
        "20183": {
            "year_quarter": 20183,
            "year": 2018,
            "quarter": 3,
            "eps": 0.29,
            "eps_growth_year": -3.33,
            "eps_4q": 0.96,
            "eps_4q_growth_year": -13.8,
            "roe": 1.63,
            "roe_4q": 5.609999999999999,
            "gross_profit": 39571,
            "gross_margin": 36.8,
            "gross_margin_4q_avg": 40.44,
            "net_income": 28553,
            "revenue": 107532,
            "common_shares": 1008060,
            "book_valuer_per_share": 16.59,
            "book_valuer_per_share_4q_avg": 17.18,
            "equity": 1662168,
            "current_ratio": 557.32,
            "debt_ratio": 8.67,
            "inventory_turnover_ratio": 0.66,
            "account_receivable_turnover_ratio": 1.18,
            "reinvestment_rate": -34.04,
            "research_to_sale_ratio": 12.71,
            "price_fair": 25.64,
            "eps_avg_yearly": 0.73,
            "eps_latest_yearly": 1.16,
            "eps_growth_yearly": 901.86
        },
        "20184": {
            "year_quarter": 20184,
            "year": 2018,
            "quarter": 4,
            "eps": 0,
            "eps_growth_year": -99.58,
            "eps_4q": 0.58,
            "eps_4q_growth_year": -61.16,
            "roe": 0.01,
            "roe_4q": 3.34,
            "gross_profit": 50702,
            "gross_margin": 46.12,
            "gross_margin_4q_avg": 42.62,
            "net_income": 162,
            "revenue": 109928,
            "common_shares": 1008060,
            "book_valuer_per_share": 15.61,
            "book_valuer_per_share_4q_avg": 17.09,
            "equity": 1563485,
            "current_ratio": 510.48,
            "debt_ratio": 9.93,
            "inventory_turnover_ratio": 0.5,
            "account_receivable_turnover_ratio": 1.27,
            "reinvestment_rate": -82.51,
            "research_to_sale_ratio": 25.78,
            "price_fair": 27.25,
            "eps_avg_yearly": 0.78,
            "eps_latest_yearly": 1.16,
            "eps_growth_yearly": 987.58
        },
        "20191": {
            "year_quarter": 20191,
            "year": 2019,
            "quarter": 1,
            "eps": 0.23,
            "eps_growth_year": 0,
            "eps_4q": 0.58,
            "eps_4q_growth_year": -63.11,
            "roe": 1.51,
            "roe_4q": 3.48,
            "gross_profit": 59528,
            "gross_margin": 43.98,
            "gross_margin_4q_avg": 42.06,
            "net_income": 23522,
            "revenue": 135356,
            "common_shares": 1008060,
            "book_valuer_per_share": 15.53,
            "book_valuer_per_share_4q_avg": 16.51,
            "equity": 1555438,
            "current_ratio": 670.78,
            "debt_ratio": 7.99,
            "inventory_turnover_ratio": 0.66,
            "account_receivable_turnover_ratio": 1.41,
            "reinvestment_rate": -78.41,
            "research_to_sale_ratio": 7.43,
            "price_fair": 27.2,
            "eps_avg_yearly": 0.78,
            "eps_latest_yearly": 1.16,
            "eps_growth_yearly": 515.27
        },
        "20192": {
            "year_quarter": 20192,
            "year": 2019,
            "quarter": 2,
            "eps": 0.11,
            "eps_growth_year": 83.33,
            "eps_4q": 0.6,
            "eps_4q_growth_year": -38.21,
            "roe": 0.72,
            "roe_4q": 3.8699999999999997,
            "gross_profit": 48593,
            "gross_margin": 42.52,
            "gross_margin_4q_avg": 42.36,
            "net_income": 11093,
            "revenue": 114296,
            "common_shares": 1008060,
            "book_valuer_per_share": 15.16,
            "book_valuer_per_share_4q_avg": 15.72,
            "equity": 1519053,
            "current_ratio": 521.87,
            "debt_ratio": 10.23,
            "inventory_turnover_ratio": 0.59,
            "account_receivable_turnover_ratio": 1.09,
            "reinvestment_rate": -73.43,
            "research_to_sale_ratio": 10.84,
            "price_fair": 27.6,
            "eps_avg_yearly": 0.79,
            "eps_latest_yearly": 0.44,
            "eps_growth_yearly": 518.93
        },
        "20193": {
            "year_quarter": 20193,
            "year": 2019,
            "quarter": 3,
            "eps": 0.04,
            "eps_growth_year": -86.21,
            "eps_4q": 0.37,
            "eps_4q_growth_year": -61.81,
            "roe": 0.26,
            "roe_4q": 2.5,
            "gross_profit": 46388,
            "gross_margin": 42.13,
            "gross_margin_4q_avg": 43.69,
            "net_income": 3900,
            "revenue": 110108,
            "common_shares": 1058149,
            "book_valuer_per_share": 14.23,
            "book_valuer_per_share_4q_avg": 15.13,
            "equity": 1496709,
            "current_ratio": 691.31,
            "debt_ratio": 8.13,
            "inventory_turnover_ratio": 0.56,
            "account_receivable_turnover_ratio": 1.07,
            "reinvestment_rate": -83.56,
            "research_to_sale_ratio": 16.37,
            "price_fair": 26.4,
            "eps_avg_yearly": 0.75,
            "eps_latest_yearly": 0.16,
            "eps_growth_yearly": 464.01
        },
        "20194": {
            "year_quarter": 20194,
            "year": 2019,
            "quarter": 4,
            "eps": -0.04,
            "eps_growth_year": -2760.11,
            "eps_4q": 0.33,
            "eps_4q_growth_year": -43.13,
            "roe": -0.31,
            "roe_4q": 2.1799999999999997,
            "gross_profit": 43033,
            "gross_margin": 40.6,
            "gross_margin_4q_avg": 42.31,
            "net_income": -4460,
            "revenue": 105996,
            "common_shares": 1058149,
            "book_valuer_per_share": 13.58,
            "book_valuer_per_share_4q_avg": 14.63,
            "equity": 1408226,
            "current_ratio": 523.52,
            "debt_ratio": 10.47,
            "inventory_turnover_ratio": 0.5,
            "account_receivable_turnover_ratio": 1.13,
            "reinvestment_rate": -380.56,
            "research_to_sale_ratio": 15.82,
            "price_fair": 28.11,
            "eps_avg_yearly": 0.8,
            "eps_latest_yearly": 0.16,
            "eps_growth_yearly": 524.71
        },
        "20201": {
            "year_quarter": 20201,
            "year": 2020,
            "quarter": 1,
            "eps": 0.18,
            "eps_growth_year": -21.74,
            "eps_4q": 0.28,
            "eps_4q_growth_year": -51.71,
            "roe": 1.4,
            "roe_4q": 2.07,
            "gross_profit": 55019,
            "gross_margin": 40.5,
            "gross_margin_4q_avg": 41.44,
            "net_income": 18579,
            "revenue": 135835,
            "common_shares": 1058149,
            "book_valuer_per_share": 11.98,
            "book_valuer_per_share_4q_avg": 13.74,
            "equity": 1242349,
            "current_ratio": 384.06,
            "debt_ratio": 14.53,
            "inventory_turnover_ratio": 0.64,
            "account_receivable_turnover_ratio": 1.5,
            "reinvestment_rate": -565.38,
            "research_to_sale_ratio": 9.16,
            "price_fair": 27.65,
            "eps_avg_yearly": 0.79,
            "eps_latest_yearly": 0.16,
            "eps_growth_yearly": 335.1
        },
        "20202": {
            "year_quarter": 20202,
            "year": 2020,
            "quarter": 2,
            "eps": 0.14,
            "eps_growth_year": 27.27,
            "eps_4q": 0.3,
            "eps_4q_growth_year": -49.58,
            "roe": 1.08,
            "roe_4q": 2.4299999999999997,
            "gross_profit": 52605,
            "gross_margin": 42.41,
            "gross_margin_4q_avg": 41.41,
            "net_income": 14089,
            "revenue": 124033,
            "common_shares": 1058149,
            "book_valuer_per_share": 13.21,
            "book_valuer_per_share_4q_avg": 13.25,
            "equity": 1369513,
            "current_ratio": 446.42,
            "debt_ratio": 12,
            "inventory_turnover_ratio": 0.6,
            "account_receivable_turnover_ratio": 1.25,
            "reinvestment_rate": -542.22,
            "research_to_sale_ratio": 10.85,
            "price_fair": 28.7,
            "eps_avg_yearly": 0.82,
            "eps_latest_yearly": 0.56,
            "eps_growth_yearly": 354.08
        },
        "20203": {
            "year_quarter": 20203,
            "year": 2020,
            "quarter": 3,
            "eps": 0.14,
            "eps_growth_year": 250,
            "eps_4q": 0.4,
            "eps_4q_growth_year": 9.37,
            "roe": 1.04,
            "roe_4q": 3.21,
            "gross_profit": 53090,
            "gross_margin": 43.73,
            "gross_margin_4q_avg": 41.81,
            "net_income": 14322,
            "revenue": 121399,
            "common_shares": 1078886,
            "book_valuer_per_share": 13.15,
            "book_valuer_per_share_4q_avg": 12.98,
            "equity": 1390419,
            "current_ratio": 662.14,
            "debt_ratio": 8.54,
            "inventory_turnover_ratio": 0.54,
            "account_receivable_turnover_ratio": 1.26,
            "reinvestment_rate": -507.73,
            "research_to_sale_ratio": 11.8,
            "price_fair": 29.4,
            "eps_avg_yearly": 0.84,
            "eps_latest_yearly": 0.56,
            "eps_growth_yearly": 334.08
        },
        "20204": {
            "year_quarter": 20204,
            "year": 2020,
            "quarter": 4,
            "eps": -0.08,
            "eps_growth_year": null,
            "eps_4q": 0.37,
            "eps_4q_growth_year": 11.5,
            "roe": -0.59,
            "roe_4q": 2.93,
            "gross_profit": 32392,
            "gross_margin": 35.42,
            "gross_margin_4q_avg": 40.52,
            "net_income": -8259,
            "revenue": 91456,
            "common_shares": 1078886,
            "book_valuer_per_share": 13.48,
            "book_valuer_per_share_4q_avg": 12.96,
            "equity": 1425961,
            "current_ratio": 542.61,
            "debt_ratio": 9.22,
            "inventory_turnover_ratio": 0.44,
            "account_receivable_turnover_ratio": 1.12,
            "reinvestment_rate": -446.17,
            "research_to_sale_ratio": 16.08,
            "price_fair": 31.82,
            "eps_avg_yearly": 0.91,
            "eps_latest_yearly": 0.56,
            "eps_growth_yearly": 391.73
        },
        "20211": {
            "year_quarter": 20211,
            "year": 2021,
            "quarter": 1,
            "eps": 0.08,
            "eps_growth_year": -55.56,
            "eps_4q": 0.27,
            "eps_4q_growth_year": -2.99,
            "roe": 0.61,
            "roe_4q": 2.14,
            "gross_profit": 39150,
            "gross_margin": 37.81,
            "gross_margin_4q_avg": 39.84,
            "net_income": 8653,
            "revenue": 103550,
            "common_shares": 1078886,
            "book_valuer_per_share": 13.19,
            "book_valuer_per_share_4q_avg": 13.26,
            "equity": 1394982,
            "current_ratio": 402.25,
            "debt_ratio": 11.58,
            "inventory_turnover_ratio": 0.43,
            "account_receivable_turnover_ratio": 1.42,
            "reinvestment_rate": -348.22,
            "research_to_sale_ratio": 9.59,
            "price_fair": 33.04,
            "eps_avg_yearly": 0.94,
            "eps_latest_yearly": 0.56,
            "eps_growth_yearly": 190.9
        },
        "20212": {
            "year_quarter": 20212,
            "year": 2021,
            "quarter": 2,
            "eps": -0.03,
            "eps_growth_year": -121.43,
            "eps_4q": 0.11,
            "eps_4q_growth_year": -63.22,
            "roe": -0.21,
            "roe_4q": 0.8500000000000001,
            "gross_profit": 29507,
            "gross_margin": 29.42,
            "gross_margin_4q_avg": 36.6,
            "net_income": -2908,
            "revenue": 100283,
            "common_shares": 1078886,
            "book_valuer_per_share": 13.26,
            "book_valuer_per_share_4q_avg": 13.27,
            "equity": 1402381,
            "current_ratio": 445.86,
            "debt_ratio": 10.55,
            "inventory_turnover_ratio": 0.46,
            "account_receivable_turnover_ratio": 1.21,
            "reinvestment_rate": -469.81,
            "research_to_sale_ratio": 10.5,
            "price_fair": 26.44,
            "eps_avg_yearly": 0.76,
            "eps_latest_yearly": 0.56,
            "eps_growth_yearly": 47.03
        },
        "20213": {
            "year_quarter": 20213,
            "year": 2021,
            "quarter": 3,
            "eps": -0.07,
            "eps_growth_year": -150,
            "eps_4q": -0.09,
            "eps_4q_growth_year": -123.14,
            "roe": -0.54,
            "roe_4q": -0.73,
            "gross_profit": 39432,
            "gross_margin": 33.37,
            "gross_margin_4q_avg": 34.01,
            "net_income": -7525,
            "revenue": 118180,
            "common_shares": 1100038,
            "book_valuer_per_share": 12.81,
            "book_valuer_per_share_4q_avg": 13.19,
            "equity": 1382178,
            "current_ratio": 458.28,
            "debt_ratio": 10.44,
            "inventory_turnover_ratio": 0.55,
            "account_receivable_turnover_ratio": 1.28,
            "reinvestment_rate": -480.26,
            "research_to_sale_ratio": 18.82,
            "price_fair": 24.5,
            "eps_avg_yearly": 0.7,
            "eps_latest_yearly": 0.56,
            "eps_growth_yearly": 80.18
        },
        "20214": {
            "year_quarter": 20214,
            "year": 2021,
            "quarter": 4,
            "eps": 0.02,
            "eps_growth_year": null,
            "eps_4q": 0,
            "eps_4q_growth_year": -99.06,
            "roe": 0.16,
            "roe_4q": 0.020000000000000018,
            "gross_profit": 41665,
            "gross_margin": 37.12,
            "gross_margin_4q_avg": 34.43,
            "net_income": 2152,
            "revenue": 112241,
            "common_shares": 1100038,
            "book_valuer_per_share": 12.78,
            "book_valuer_per_share_4q_avg": 13.01,
            "equity": 1378866,
            "current_ratio": 574.01,
            "debt_ratio": 9.02,
            "inventory_turnover_ratio": 0.5,
            "account_receivable_turnover_ratio": 1.18,
            "reinvestment_rate": -429.63,
            "research_to_sale_ratio": 11.34,
            "price_fair": 20.2,
            "eps_avg_yearly": 0.58,
            "eps_latest_yearly": 0.56,
            "eps_growth_yearly": 74.49
        },
        "20221": {
            "year_quarter": 20221,
            "year": 2022,
            "quarter": 1,
            "eps": -0.09,
            "eps_growth_year": -212.5,
            "eps_4q": -0.16,
            "eps_4q_growth_year": -160.15,
            "roe": -0.68,
            "roe_4q": -1.27,
            "gross_profit": 32088,
            "gross_margin": 32.2,
            "gross_margin_4q_avg": 33.03,
            "net_income": -9391,
            "revenue": 99666,
            "common_shares": 1093758,
            "book_valuer_per_share": 12.75,
            "book_valuer_per_share_4q_avg": 12.9,
            "equity": 1375788,
            "current_ratio": 459.38,
            "debt_ratio": 11.58,
            "inventory_turnover_ratio": 0.49,
            "account_receivable_turnover_ratio": 1.08,
            "reinvestment_rate": -45.9,
            "research_to_sale_ratio": 12.26,
            "price_fair": 18.2,
            "eps_avg_yearly": 0.52,
            "eps_latest_yearly": 0.56,
            "eps_growth_yearly": 114.26
        },
        "20222": {
            "year_quarter": 20222,
            "year": 2022,
            "quarter": 2,
            "eps": 0.03,
            "eps_growth_year": null,
            "eps_4q": -0.11,
            "eps_4q_growth_year": -195.99,
            "roe": 0.23,
            "roe_4q": -0.8300000000000001,
            "gross_profit": 37125,
            "gross_margin": 34.23,
            "gross_margin_4q_avg": 34.23,
            "net_income": 3203,
            "revenue": 108457,
            "common_shares": 1093758,
            "book_valuer_per_share": 13.19,
            "book_valuer_per_share_4q_avg": 12.88,
            "equity": 1423010,
            "current_ratio": 480.06,
            "debt_ratio": 10.85,
            "inventory_turnover_ratio": 0.51,
            "account_receivable_turnover_ratio": 1.17,
            "reinvestment_rate": -59.92,
            "research_to_sale_ratio": 11.17,
            "price_fair": 20.16,
            "eps_avg_yearly": 0.58,
            "eps_latest_yearly": 0.56,
            "eps_growth_yearly": 196.24
        },
        "20223": {
            "year_quarter": 20223,
            "year": 2022,
            "quarter": 3,
            "eps": 0.07,
            "eps_growth_year": null,
            "eps_4q": 0.03,
            "eps_4q_growth_year": null,
            "roe": 0.5,
            "roe_4q": 0.20999999999999994,
            "gross_profit": 42834,
            "gross_margin": 37.13,
            "gross_margin_4q_avg": 35.17,
            "net_income": 7020,
            "revenue": 115349,
            "common_shares": 1093758,
            "book_valuer_per_share": 12.82,
            "book_valuer_per_share_4q_avg": 12.89,
            "equity": 1382860,
            "current_ratio": 637.96,
            "debt_ratio": 8.6,
            "inventory_turnover_ratio": 0.53,
            "account_receivable_turnover_ratio": 1.22,
            "reinvestment_rate": -44.34,
            "research_to_sale_ratio": 9.98,
            "price_fair": 1.2,
            "eps_avg_yearly": 0.4,
            "eps_latest_yearly": 0.28,
            "eps_growth_yearly": -3.76
        },
        "20224": {
            "year_quarter": 20224,
            "year": 2022,
            "quarter": 4,
            "eps": -0.12,
            "eps_growth_year": -702.9,
            "eps_4q": -0.11,
            "eps_4q_growth_year": -3367.6,
            "roe": -0.94,
            "roe_4q": -0.89,
            "gross_profit": 42823,
            "gross_margin": 37.14,
            "gross_margin_4q_avg": 35.18,
            "net_income": -13155,
            "revenue": 115287,
            "common_shares": 1093758,
            "book_valuer_per_share": 12.9,
            "book_valuer_per_share_4q_avg": 12.92,
            "equity": 1410827,
            "current_ratio": 593.05,
            "debt_ratio": 9.82,
            "inventory_turnover_ratio": 0.52,
            "account_receivable_turnover_ratio": 1.2,
            "reinvestment_rate": -70.16,
            "research_to_sale_ratio": 22.58,
            "price_fair": 1.2,
            "eps_avg_yearly": 0.4,
            "eps_latest_yearly": 0.28,
            "eps_growth_yearly": -3.76
        },
        "20231": {
            "year_quarter": 20231,
            "year": 2023,
            "quarter": 1,
            "eps": 0.12,
            "eps_growth_year": null,
            "eps_4q": 0.09,
            "eps_4q_growth_year": null,
            "roe": 0.9,
            "roe_4q": 0.6900000000000001,
            "gross_profit": 51516,
            "gross_margin": 39.15,
            "gross_margin_4q_avg": 36.91,
            "net_income": 13056,
            "revenue": 131575,
            "common_shares": 1093758,
            "book_valuer_per_share": 13.74,
            "book_valuer_per_share_4q_avg": 13.16,
            "equity": 1503274,
            "current_ratio": 560.53,
            "debt_ratio": 9.1,
            "inventory_turnover_ratio": 0.57,
            "account_receivable_turnover_ratio": 1.32,
            "reinvestment_rate": -85.77,
            "research_to_sale_ratio": 9.99,
            "price_fair": 1.2,
            "eps_avg_yearly": 0.4,
            "eps_latest_yearly": 0.28,
            "eps_growth_yearly": -3.76
        }
    },
    "months": {
        "2003-10": {
            "month": "2003-10",
            "price": "10.25",
            "revenue": 15088
        },
        "2003-12": {
            "month": "2003-12",
            "price": "11.18",
            "revenue": 28128
        },
        "2004-01": {
            "month": "2004-01",
            "price": "10.50",
            "revenue": 16554
        },
        "2004-04": {
            "month": "2004-04",
            "price": "10.85",
            "revenue": 39598
        },
        "2004-07": {
            "month": "2004-07",
            "price": "11.03",
            "revenue": 22922
        },
        "2004-08": {
            "month": "2004-08",
            "price": "10.46",
            "revenue": 18860
        },
        "2004-09": {
            "month": "2004-09",
            "price": "10.35",
            "revenue": 20010
        },
        "2004-10": {
            "month": "2004-10",
            "price": "10.25",
            "revenue": 22552
        },
        "2004-11": {
            "month": "2004-11",
            "price": "9.63",
            "revenue": 21497
        },
        "2004-12": {
            "month": "2004-12",
            "price": "8.82",
            "revenue": 23907
        },
        "2005-01": {
            "month": "2005-01",
            "price": "8.09",
            "revenue": 34611
        },
        "2005-02": {
            "month": "2005-02",
            "price": "7.95",
            "revenue": 15241
        },
        "2005-03": {
            "month": "2005-03",
            "price": "7.68",
            "revenue": 27523
        },
        "2005-05": {
            "month": "2005-05",
            "price": "6.39",
            "revenue": 30188
        },
        "2005-06": {
            "month": "2005-06",
            "price": "5.66",
            "revenue": 23308
        },
        "2005-07": {
            "month": "2005-07",
            "price": "6.16",
            "revenue": 24026
        },
        "2005-08": {
            "month": "2005-08",
            "price": "7.16",
            "revenue": 29394
        },
        "2005-09": {
            "month": "2005-09",
            "price": "7.71",
            "revenue": 21660
        },
        "2005-11": {
            "month": "2005-11",
            "price": "7.43",
            "revenue": 20900
        },
        "2006-01": {
            "month": "2006-01",
            "price": "7.72",
            "revenue": 27359
        },
        "2006-02": {
            "month": "2006-02",
            "price": "7.74",
            "revenue": 17354
        },
        "2006-04": {
            "month": "2006-04",
            "price": "9.53",
            "revenue": 18805
        },
        "2006-05": {
            "month": "2006-05",
            "price": "11.02",
            "revenue": 23567
        },
        "2006-06": {
            "month": "2006-06",
            "price": "9.99",
            "revenue": 21493
        },
        "2006-07": {
            "month": "2006-07",
            "price": "9.25",
            "revenue": 24229
        },
        "2006-08": {
            "month": "2006-08",
            "price": "9.26",
            "revenue": 23437
        },
        "2006-09": {
            "month": "2006-09",
            "price": "10.40",
            "revenue": 23275
        },
        "2006-10": {
            "month": "2006-10",
            "price": "10.72",
            "revenue": 23397
        },
        "2006-11": {
            "month": "2006-11",
            "price": "9.91",
            "revenue": 22178
        },
        "2006-12": {
            "month": "2006-12",
            "price": "9.99",
            "revenue": 25709
        },
        "2007-01": {
            "month": "2007-01",
            "price": "9.95",
            "revenue": 22597
        },
        "2007-02": {
            "month": "2007-02",
            "price": "10.15",
            "revenue": 21335
        },
        "2007-03": {
            "month": "2007-03",
            "price": "10.18",
            "revenue": 30646
        },
        "2007-04": {
            "month": "2007-04",
            "price": "9.16",
            "revenue": 25037
        },
        "2007-05": {
            "month": "2007-05",
            "price": "10.08",
            "revenue": 28887
        },
        "2007-06": {
            "month": "2007-06",
            "price": "11.40",
            "revenue": 27524
        },
        "2007-07": {
            "month": "2007-07",
            "price": "16.30",
            "revenue": 25725
        },
        "2007-08": {
            "month": "2007-08",
            "price": "14.30",
            "revenue": 26872
        },
        "2007-09": {
            "month": "2007-09",
            "price": "13.02",
            "revenue": 22809
        },
        "2007-10": {
            "month": "2007-10",
            "price": "13.22",
            "revenue": 27541
        },
        "2007-11": {
            "month": "2007-11",
            "price": "12.74",
            "revenue": 25751
        },
        "2007-12": {
            "month": "2007-12",
            "price": "11.64",
            "revenue": 33892
        },
        "2008-01": {
            "month": "2008-01",
            "price": "12.42",
            "revenue": 29733
        },
        "2008-02": {
            "month": "2008-02",
            "price": "13.10",
            "revenue": 20082
        },
        "2008-03": {
            "month": "2008-03",
            "price": "14.22",
            "revenue": 36402
        },
        "2008-04": {
            "month": "2008-04",
            "price": "16.78",
            "revenue": 26803
        },
        "2008-05": {
            "month": "2008-05",
            "price": "15.40",
            "revenue": 28107
        },
        "2008-06": {
            "month": "2008-06",
            "price": "14.46",
            "revenue": 32083
        },
        "2008-07": {
            "month": "2008-07",
            "price": "12.72",
            "revenue": 28229
        },
        "2008-08": {
            "month": "2008-08",
            "price": "12.39",
            "revenue": 23664
        },
        "2008-09": {
            "month": "2008-09",
            "price": "11.84",
            "revenue": 32851
        },
        "2008-10": {
            "month": "2008-10",
            "price": "8.98",
            "revenue": 27070
        },
        "2008-11": {
            "month": "2008-11",
            "price": "8.27",
            "revenue": 20792
        },
        "2008-12": {
            "month": "2008-12",
            "price": "7.91",
            "revenue": 30149
        },
        "2009-01": {
            "month": "2009-01",
            "price": "8.02",
            "revenue": 33170
        },
        "2009-02": {
            "month": "2009-02",
            "price": "9.31",
            "revenue": 20712
        },
        "2009-03": {
            "month": "2009-03",
            "price": "10.96",
            "revenue": 31394
        },
        "2009-04": {
            "month": "2009-04",
            "price": "15.05",
            "revenue": 23459
        },
        "2009-05": {
            "month": "2009-05",
            "price": "14.31",
            "revenue": 23297
        },
        "2009-06": {
            "month": "2009-06",
            "price": "13.25",
            "revenue": 32521
        },
        "2009-07": {
            "month": "2009-07",
            "price": "14.35",
            "revenue": 22905
        },
        "2009-08": {
            "month": "2009-08",
            "price": "15.05",
            "revenue": 20875
        },
        "2009-09": {
            "month": "2009-09",
            "price": "15.22",
            "revenue": 25228
        },
        "2009-10": {
            "month": "2009-10",
            "price": "14.83",
            "revenue": 27378
        },
        "2009-11": {
            "month": "2009-11",
            "price": "14.44",
            "revenue": 24137
        },
        "2009-12": {
            "month": "2009-12",
            "price": "14.81",
            "revenue": 26408
        },
        "2010-01": {
            "month": "2010-01",
            "price": "13.95",
            "revenue": 27011
        },
        "2010-02": {
            "month": "2010-02",
            "price": "12.84",
            "revenue": 16468
        },
        "2010-03": {
            "month": "2010-03",
            "price": "13.52",
            "revenue": 24394
        },
        "2010-04": {
            "month": "2010-04",
            "price": "15.28",
            "revenue": 21178
        },
        "2010-05": {
            "month": "2010-05",
            "price": "14.92",
            "revenue": 24339
        },
        "2010-06": {
            "month": "2010-06",
            "price": "14.90",
            "revenue": 26369
        },
        "2010-07": {
            "month": "2010-07",
            "price": "15.05",
            "revenue": 24653
        },
        "2010-08": {
            "month": "2010-08",
            "price": "15.71",
            "revenue": 24341
        },
        "2010-09": {
            "month": "2010-09",
            "price": "16.22",
            "revenue": 31937
        },
        "2010-10": {
            "month": "2010-10",
            "price": "17.48",
            "revenue": 24660
        },
        "2010-11": {
            "month": "2010-11",
            "price": "18.55",
            "revenue": 28023
        },
        "2010-12": {
            "month": "2010-12",
            "price": "18.33",
            "revenue": 28800
        },
        "2011-01": {
            "month": "2011-01",
            "price": "18.89",
            "revenue": 34463
        },
        "2011-02": {
            "month": "2011-02",
            "price": "18.75",
            "revenue": 21502
        },
        "2011-03": {
            "month": "2011-03",
            "price": "18.32",
            "revenue": 30445
        },
        "2011-04": {
            "month": "2011-04",
            "price": "18.23",
            "revenue": 26654
        },
        "2011-05": {
            "month": "2011-05",
            "price": "18.26",
            "revenue": 36255
        },
        "2011-06": {
            "month": "2011-06",
            "price": "18.02",
            "revenue": 28075
        },
        "2011-07": {
            "month": "2011-07",
            "price": "18.70",
            "revenue": 26912
        },
        "2011-08": {
            "month": "2011-08",
            "price": "18.77",
            "revenue": 27457
        },
        "2011-09": {
            "month": "2011-09",
            "price": "19.02",
            "revenue": 29173
        },
        "2011-10": {
            "month": "2011-10",
            "price": "18.31",
            "revenue": 19976
        },
        "2011-11": {
            "month": "2011-11",
            "price": "17.03",
            "revenue": 26019
        },
        "2011-12": {
            "month": "2011-12",
            "price": "15.87",
            "revenue": 24414
        },
        "2012-01": {
            "month": "2012-01",
            "price": "21.46",
            "revenue": 35841
        },
        "2012-02": {
            "month": "2012-02",
            "price": "35.70",
            "revenue": 27427
        },
        "2012-03": {
            "month": "2012-03",
            "price": "37.95",
            "revenue": 31290
        },
        "2012-04": {
            "month": "2012-04",
            "price": "33.93",
            "revenue": 26427
        },
        "2012-05": {
            "month": "2012-05",
            "price": "28.29",
            "revenue": 31277
        },
        "2012-06": {
            "month": "2012-06",
            "price": "27.21",
            "revenue": 30518
        },
        "2012-07": {
            "month": "2012-07",
            "price": "27.85",
            "revenue": 29492
        },
        "2012-08": {
            "month": "2012-08",
            "price": "27.86",
            "revenue": 28368
        },
        "2012-09": {
            "month": "2012-09",
            "price": "30.40",
            "revenue": 32505
        },
        "2012-10": {
            "month": "2012-10",
            "price": "36.39",
            "revenue": 24082
        },
        "2012-11": {
            "month": "2012-11",
            "price": "33.99",
            "revenue": 24195
        },
        "2012-12": {
            "month": "2012-12",
            "price": "40.36",
            "revenue": 29765
        },
        "2013-01": {
            "month": "2013-01",
            "price": "45.51",
            "revenue": 41400
        },
        "2013-02": {
            "month": "2013-02",
            "price": "45.78",
            "revenue": 24384
        },
        "2013-03": {
            "month": "2013-03",
            "price": "47.23",
            "revenue": 34339
        },
        "2013-04": {
            "month": "2013-04",
            "price": "41.75",
            "revenue": 33620
        },
        "2013-05": {
            "month": "2013-05",
            "price": "41.07",
            "revenue": 34192
        },
        "2013-06": {
            "month": "2013-06",
            "price": "38.89",
            "revenue": 28532
        },
        "2013-07": {
            "month": "2013-07",
            "price": "36.60",
            "revenue": 40345
        },
        "2013-08": {
            "month": "2013-08",
            "price": "41.15",
            "revenue": 32818
        },
        "2013-09": {
            "month": "2013-09",
            "price": "44.78",
            "revenue": 34597
        },
        "2013-10": {
            "month": "2013-10",
            "price": "43.77",
            "revenue": 33037
        },
        "2013-11": {
            "month": "2013-11",
            "price": "41.82",
            "revenue": 30956
        },
        "2013-12": {
            "month": "2013-12",
            "price": "39.09",
            "revenue": 28822
        },
        "2014-01": {
            "month": "2014-01",
            "price": "36.78",
            "revenue": 52499
        },
        "2014-02": {
            "month": "2014-02",
            "price": "38.94",
            "revenue": 30663
        },
        "2014-03": {
            "month": "2014-03",
            "price": "38.54",
            "revenue": 38826
        },
        "2014-04": {
            "month": "2014-04",
            "price": "35.97",
            "revenue": 38597
        },
        "2014-05": {
            "month": "2014-05",
            "price": "37.23",
            "revenue": 47309
        },
        "2014-06": {
            "month": "2014-06",
            "price": "42.56",
            "revenue": 34098
        },
        "2014-07": {
            "month": "2014-07",
            "price": "67.55",
            "revenue": 46888
        },
        "2014-08": {
            "month": "2014-08",
            "price": "65.28",
            "revenue": 41234
        },
        "2014-09": {
            "month": "2014-09",
            "price": "65.36",
            "revenue": 40731
        },
        "2014-10": {
            "month": "2014-10",
            "price": "64.30",
            "revenue": 39217
        },
        "2014-11": {
            "month": "2014-11",
            "price": "60.13",
            "revenue": 33426
        },
        "2014-12": {
            "month": "2014-12",
            "price": "68.34",
            "revenue": 31962
        },
        "2015-01": {
            "month": "2015-01",
            "price": "65.10",
            "revenue": 53680
        },
        "2015-02": {
            "month": "2015-02",
            "price": "63.67",
            "revenue": 35823
        },
        "2015-03": {
            "month": "2015-03",
            "price": "65.93",
            "revenue": 35745
        },
        "2015-04": {
            "month": "2015-04",
            "price": "65.10",
            "revenue": 35564
        },
        "2015-05": {
            "month": "2015-05",
            "price": "54.66",
            "revenue": 37991
        },
        "2015-06": {
            "month": "2015-06",
            "price": "46.18",
            "revenue": 34440
        },
        "2015-07": {
            "month": "2015-07",
            "price": "44.75",
            "revenue": 36783
        },
        "2015-08": {
            "month": "2015-08",
            "price": "32.09",
            "revenue": 39201
        },
        "2015-09": {
            "month": "2015-09",
            "price": "39.12",
            "revenue": 40536
        },
        "2015-10": {
            "month": "2015-10",
            "price": "43.05",
            "revenue": 43372
        },
        "2015-11": {
            "month": "2015-11",
            "price": "47.26",
            "revenue": 41253
        },
        "2015-12": {
            "month": "2015-12",
            "price": "60.53",
            "revenue": 43208
        },
        "2016-01": {
            "month": "2016-01",
            "price": "66.25",
            "revenue": 36821
        },
        "2016-02": {
            "month": "2016-02",
            "price": "61.59",
            "revenue": 27892
        },
        "2016-03": {
            "month": "2016-03",
            "price": "58.37",
            "revenue": 34683
        },
        "2016-04": {
            "month": "2016-04",
            "price": "51.42",
            "revenue": 30851
        },
        "2016-05": {
            "month": "2016-05",
            "price": "47.48",
            "revenue": 31505
        },
        "2016-06": {
            "month": "2016-06",
            "price": "46.28",
            "revenue": 36521
        },
        "2016-07": {
            "month": "2016-07",
            "price": "47.55",
            "revenue": 41316
        },
        "2016-08": {
            "month": "2016-08",
            "price": "45.03",
            "revenue": 36876
        },
        "2016-09": {
            "month": "2016-09",
            "price": "43.55",
            "revenue": 34313
        },
        "2016-10": {
            "month": "2016-10",
            "price": "40.66",
            "revenue": 31538
        },
        "2016-11": {
            "month": "2016-11",
            "price": "37.00",
            "revenue": 30490
        },
        "2016-12": {
            "month": "2016-12",
            "price": "37.89",
            "revenue": 38397
        },
        "2017-01": {
            "month": "2017-01",
            "price": "38.36",
            "revenue": 37539
        },
        "2017-02": {
            "month": "2017-02",
            "price": "40.80",
            "revenue": 27700
        },
        "2017-03": {
            "month": "2017-03",
            "price": "42.03",
            "revenue": 36584
        },
        "2017-04": {
            "month": "2017-04",
            "price": "40.36",
            "revenue": 31190
        },
        "2017-05": {
            "month": "2017-05",
            "price": "37.82",
            "revenue": 36895
        },
        "2017-06": {
            "month": "2017-06",
            "price": "37.85",
            "revenue": 37388
        },
        "2017-07": {
            "month": "2017-07",
            "price": "37.42",
            "revenue": 30548
        },
        "2017-08": {
            "month": "2017-08",
            "price": "35.19",
            "revenue": 35782
        },
        "2017-09": {
            "month": "2017-09",
            "price": "35.33",
            "revenue": 37528
        },
        "2017-10": {
            "month": "2017-10",
            "price": "34.37",
            "revenue": 33984
        },
        "2017-11": {
            "month": "2017-11",
            "price": "35.15",
            "revenue": 33615
        },
        "2017-12": {
            "month": "2017-12",
            "price": "33.95",
            "revenue": 29518
        },
        "2018-01": {
            "month": "2018-01",
            "price": "34.10",
            "revenue": 56948
        },
        "2018-02": {
            "month": "2018-02",
            "price": "32.00",
            "revenue": 33073
        },
        "2018-03": {
            "month": "2018-03",
            "price": "34.87",
            "revenue": 37169
        },
        "2018-04": {
            "month": "2018-04",
            "price": "37.67",
            "revenue": 33924
        },
        "2018-05": {
            "month": "2018-05",
            "price": "35.75",
            "revenue": 39922
        },
        "2018-06": {
            "month": "2018-06",
            "price": "34.38",
            "revenue": 37302
        },
        "2018-07": {
            "month": "2018-07",
            "price": "31.85",
            "revenue": 34455
        },
        "2018-08": {
            "month": "2018-08",
            "price": "29.87",
            "revenue": 37335
        },
        "2018-09": {
            "month": "2018-09",
            "price": "31.60",
            "revenue": 35742
        },
        "2018-10": {
            "month": "2018-10",
            "price": "30.26",
            "revenue": 40504
        },
        "2018-11": {
            "month": "2018-11",
            "price": "27.03",
            "revenue": 37838
        },
        "2018-12": {
            "month": "2018-12",
            "price": "28.06",
            "revenue": 31586
        },
        "2019-01": {
            "month": "2019-01",
            "price": "28.95",
            "revenue": 63802
        },
        "2019-02": {
            "month": "2019-02",
            "price": "29.59",
            "revenue": 32161
        },
        "2019-03": {
            "month": "2019-03",
            "price": "29.54",
            "revenue": 39393
        },
        "2019-04": {
            "month": "2019-04",
            "price": "28.78",
            "revenue": 35875
        },
        "2019-05": {
            "month": "2019-05",
            "price": "27.96",
            "revenue": 41368
        },
        "2019-06": {
            "month": "2019-06",
            "price": "28.22",
            "revenue": 37053
        },
        "2019-07": {
            "month": "2019-07",
            "price": "28.51",
            "revenue": 37814
        },
        "2019-08": {
            "month": "2019-08",
            "price": "26.46",
            "revenue": 33082
        },
        "2019-09": {
            "month": "2019-09",
            "price": "26.44",
            "revenue": 39213
        },
        "2019-10": {
            "month": "2019-10",
            "price": "24.47",
            "revenue": 34335
        },
        "2019-11": {
            "month": "2019-11",
            "price": "25.68",
            "revenue": 39383
        },
        "2019-12": {
            "month": "2019-12",
            "price": "25.73",
            "revenue": 32278
        },
        "2020-01": {
            "month": "2020-01",
            "price": "24.67",
            "revenue": 47832
        },
        "2020-02": {
            "month": "2020-02",
            "price": "24.28",
            "revenue": 41029
        },
        "2020-03": {
            "month": "2020-03",
            "price": "23.57",
            "revenue": 46974
        },
        "2020-04": {
            "month": "2020-04",
            "price": "28.34",
            "revenue": 38667
        },
        "2020-05": {
            "month": "2020-05",
            "price": "27.76",
            "revenue": 38988
        },
        "2020-06": {
            "month": "2020-06",
            "price": "32.64",
            "revenue": 46378
        },
        "2020-07": {
            "month": "2020-07",
            "price": "41.82",
            "revenue": 44710
        },
        "2020-08": {
            "month": "2020-08",
            "price": "37.06",
            "revenue": 35338
        },
        "2020-09": {
            "month": "2020-09",
            "price": "33.97",
            "revenue": 41351
        },
        "2020-10": {
            "month": "2020-10",
            "price": "30.68",
            "revenue": 42114
        },
        "2020-11": {
            "month": "2020-11",
            "price": "30.78",
            "revenue": 24831
        },
        "2020-12": {
            "month": "2020-12",
            "price": "29.96",
            "revenue": 24511
        },
        "2021-01": {
            "month": "2021-01",
            "price": "27.84",
            "revenue": 45765
        },
        "2021-02": {
            "month": "2021-02",
            "price": "28.28",
            "revenue": 22851
        },
        "2021-03": {
            "month": "2021-03",
            "price": "28.03",
            "revenue": 34934
        },
        "2021-04": {
            "month": "2021-04",
            "price": "27.98",
            "revenue": 31028
        },
        "2021-05": {
            "month": "2021-05",
            "price": "25.88",
            "revenue": 36920
        },
        "2021-06": {
            "month": "2021-06",
            "price": "25.21",
            "revenue": 32335
        },
        "2021-07": {
            "month": "2021-07",
            "price": "25.30",
            "revenue": 37553
        },
        "2021-08": {
            "month": "2021-08",
            "price": "24.62",
            "revenue": 41129
        },
        "2021-09": {
            "month": "2021-09",
            "price": "23.97",
            "revenue": 39498
        },
        "2021-10": {
            "month": "2021-10",
            "price": "22.40",
            "revenue": 33946
        },
        "2021-11": {
            "month": "2021-11",
            "price": "21.88",
            "revenue": 37730
        },
        "2021-12": {
            "month": "2021-12",
            "price": "23.67",
            "revenue": 40565
        },
        "2022-01": {
            "month": "2022-01",
            "price": "24.24",
            "revenue": 37902
        },
        "2022-02": {
            "month": "2022-02",
            "price": "24.93",
            "revenue": 26589
        },
        "2022-03": {
            "month": "2022-03",
            "price": "24.38",
            "revenue": 35175
        },
        "2022-04": {
            "month": "2022-04",
            "price": "26.62",
            "revenue": 34234
        },
        "2022-05": {
            "month": "2022-05",
            "price": "24.33",
            "revenue": 35936
        },
        "2022-06": {
            "month": "2022-06",
            "price": "25.15",
            "revenue": 38287
        },
        "2022-07": {
            "month": "2022-07",
            "price": "25.72",
            "revenue": 39350
        },
        "2022-08": {
            "month": "2022-08",
            "price": "25.63",
            "revenue": 38846
        },
        "2022-09": {
            "month": "2022-09",
            "price": "25.86",
            "revenue": 37153
        },
        "2022-10": {
            "month": "2022-10",
            "price": "22.43",
            "revenue": 43790
        },
        "2022-11": {
            "month": "2022-11",
            "price": "23.07",
            "revenue": 43194
        },
        "2022-12": {
            "month": "2022-12",
            "price": "31.89",
            "revenue": 28303
        },
        "2023-01": {
            "month": "2023-01",
            "price": "28.72",
            "revenue": 43508
        },
        "2023-02": {
            "month": "2023-02",
            "price": "29.74",
            "revenue": 35846
        },
        "2023-03": {
            "month": "2023-03",
            "price": "27.80",
            "revenue": 52221
        },
        "2023-04": {
            "month": "2023-04",
            "price": "27.66",
            "revenue": 42675
        }
    }
}
