{
    "summary": {
        "stock_name": "浩泰",
        "stock_id": "4131",
        "category": "生技醫療",
        "main_business": "生物晶片之研究、開發、製造與銷售<br>醫療器材製造及販售<br>隱型眼鏡產業",
        "website_url": "http://www.neocore.com.tw",
        "ceo": "紀文勝",
        "pe_ratio": -22,
        "report_year_from": 2001,
        "report_year_to": 2023,
        "age": 23,
        "eps_negative_percentage": 95,
        "eps_growth_avg": {
            "last_all": null,
            "last_2y": null,
            "last_4y": null,
            "last_8y": null,
            "last_12y": null,
            "last_16y": null,
            "last_20y": null,
            "at_2006_last_3y": null,
            "at_2007_last_3y": null,
            "at_2008_last_3y": null,
            "at_2009_last_3y": null,
            "at_2010_last_3y": null,
            "at_2011_last_3y": null,
            "at_2012_last_3y": null,
            "at_2013_last_3y": null,
            "at_2014_last_3y": null,
            "at_2015_last_3y": null,
            "at_2016_last_3y": null,
            "at_2017_last_3y": null,
            "at_2018_last_3y": null,
            "at_2019_last_3y": null,
            "at_2020_last_3y": null,
            "at_2021_last_3y": null,
            "at_2022_last_3y": null,
            "at_2023_last_3y": null,
            "at_2024_last_3y": null,
            "at_2006_last_all": null,
            "at_2007_last_all": null,
            "at_2008_last_all": null,
            "at_2009_last_all": null,
            "at_2010_last_all": null,
            "at_2011_last_all": null,
            "at_2012_last_all": null,
            "at_2013_last_all": null,
            "at_2014_last_all": null,
            "at_2015_last_all": null,
            "at_2016_last_all": null,
            "at_2017_last_all": null,
            "at_2018_last_all": null,
            "at_2019_last_all": null,
            "at_2020_last_all": null,
            "at_2021_last_all": null,
            "at_2022_last_all": null,
            "at_2023_last_all": null,
            "at_2024_last_all": null
        },
        "latest_eps": -1.29,
        "latest_price": 28.3,
        "latest_roe": -27.02,
        "latest_gross_margin": -10.72,
        "latest_equity": 377409,
        "latest_revenue": 13999,
        "latest_gross_profit": -1500,
        "latest_net_income": -23410,
        "latest_debt_ratio": 31.95,
        "latest_current_ratio": 298.16,
        "latest_account_receivable_turnover_ratio": 0.33,
        "latest_inventory_turnover_ratio": 0.22,
        "latest_reinvestment_rate": null,
        "latest_research_to_sale_ratio": 70.66
    },
    "eps_dividends": {
        "2001": {
            "cash": 0,
            "stock": 0,
            "eps": 0
        },
        "2002": {
            "cash": 0,
            "stock": 0,
            "eps": 0
        },
        "2003": {
            "cash": 0,
            "stock": 0,
            "eps": -2.62
        },
        "2004": {
            "cash": 0,
            "stock": 0,
            "eps": -2.94
        },
        "2005": {
            "cash": 0,
            "stock": 0,
            "eps": -3.54
        },
        "2006": {
            "cash": 0,
            "stock": 0,
            "eps": -2.39
        },
        "2007": {
            "cash": 0,
            "stock": 0,
            "eps": -0.43
        },
        "2008": {
            "cash": 0,
            "stock": 0,
            "eps": 0
        },
        "2009": {
            "cash": 0,
            "stock": 0,
            "eps": -0.56
        },
        "2010": {
            "cash": 0,
            "stock": 0,
            "eps": -0.7
        },
        "2011": {
            "cash": 0,
            "stock": 0,
            "eps": -0.66
        },
        "2012": {
            "cash": 0,
            "stock": 0,
            "eps": -0.66
        },
        "2013": {
            "cash": 0,
            "stock": 0,
            "eps": -0.93
        },
        "2014": {
            "cash": 0,
            "stock": 0,
            "eps": -0.47
        },
        "2015": {
            "cash": 0,
            "stock": 0,
            "eps": -0.46
        },
        "2016": {
            "cash": 0,
            "stock": 0,
            "eps": -0.73
        },
        "2017": {
            "cash": 0,
            "stock": 0,
            "eps": -0.56
        },
        "2018": {
            "cash": 0,
            "stock": 0,
            "eps": -0.54
        },
        "2019": {
            "cash": 0,
            "stock": 0,
            "eps": -0.25
        },
        "2020": {
            "cash": 0,
            "stock": 0,
            "eps": -0.56
        },
        "2021": {
            "cash": 0,
            "stock": 0,
            "eps": -0.57
        },
        "2022": {
            "cash": 0,
            "stock": 0,
            "eps": -1.49
        },
        "2023": {
            "cash": 0,
            "stock": 0,
            "eps": -1.34
        }
    },
    "dividends": [],
    "prices": {
        "200101": "無",
        "200102": "無",
        "200103": "無",
        "200104": "無",
        "200105": "無",
        "200106": "無",
        "200107": "無",
        "200108": "無",
        "200109": "無",
        "200110": "無",
        "200111": "無",
        "200112": "無",
        "200201": "無",
        "200202": "無",
        "200203": "無",
        "200204": "無",
        "200205": "無",
        "200206": "無",
        "200207": "無",
        "200208": "無",
        "200209": "無",
        "200210": "無",
        "200211": "無",
        "200212": "無",
        "200301": "無",
        "200302": "無",
        "200303": "無",
        "200304": "無",
        "200305": "無",
        "200306": "無",
        "200307": "無",
        "200308": "無",
        "200309": "無",
        "200310": "12.77",
        "200311": "13.57",
        "200312": "17.70",
        "200401": "17.22",
        "200402": "18.47",
        "200403": "20.78",
        "200404": "21.82",
        "200405": "17.71",
        "200406": "14.56",
        "200407": "14.81",
        "200408": "13.96",
        "200409": "9.18",
        "200410": "7.85",
        "200411": "7.91",
        "200412": "8.17",
        "200501": "7.99",
        "200502": "10.49",
        "200503": "9.86",
        "200504": "8.51",
        "200505": "7.04",
        "200506": "6.40",
        "200507": "6.23",
        "200508": "6.18",
        "200509": "3.79",
        "200510": "3.24",
        "200511": "3.23",
        "200512": "2.93",
        "200601": "3.91",
        "200602": "5.00",
        "200603": "4.51",
        "200604": "7.25",
        "200605": "6.54",
        "200606": "6.68",
        "200607": "7.20",
        "200608": "6.46",
        "200609": "5.93",
        "200610": "8.02",
        "200611": "11.22",
        "200612": "13.20",
        "200701": "15.77",
        "200702": "17.75",
        "200703": "23.28",
        "200704": "26.08",
        "200705": "43.85",
        "200706": "72.79",
        "200707": "83.35",
        "200708": "68.10",
        "200709": "66.77",
        "200710": "60.95",
        "200711": "64.15",
        "200712": "58.39",
        "200801": "62.74",
        "200802": "50.86",
        "200803": "54.23",
        "200804": "59.78",
        "200805": "53.67",
        "200806": "42.86",
        "200807": "36.25",
        "200808": "36.13",
        "200809": "32.75",
        "200810": "23.20",
        "200811": "22.59",
        "200812": "20.59",
        "200901": "20.95",
        "200902": "27.00",
        "200903": "39.27",
        "200904": "39.47",
        "200905": "39.32",
        "200906": "33.93",
        "200907": "35.88",
        "200908": "37.64",
        "200909": "39.06",
        "200910": "40.03",
        "200911": "36.95",
        "200912": "38.82",
        "201001": "39.51",
        "201002": "37.42",
        "201003": "53.09",
        "201004": "53.18",
        "201005": "44.84",
        "201006": "43.35",
        "201007": "41.59",
        "201008": "42.14",
        "201009": "39.35",
        "201010": "36.75",
        "201011": "30.09",
        "201012": "30.73",
        "201101": "29.03",
        "201102": "27.73",
        "201103": "28.19",
        "201104": "31.67",
        "201105": "28.41",
        "201106": "25.39",
        "201107": "23.38",
        "201108": "18.17",
        "201109": "14.23",
        "201110": "13.90",
        "201111": "14.43",
        "201112": "12.68",
        "201201": "12.41",
        "201202": "16.36",
        "201203": "15.91",
        "201204": "12.52",
        "201205": "11.76",
        "201206": "11.39",
        "201207": "13.10",
        "201208": "12.50",
        "201209": "12.71",
        "201210": "15.99",
        "201211": "16.07",
        "201212": "22.16",
        "201301": "23.29",
        "201302": "24.89",
        "201303": "26.73",
        "201304": "23.54",
        "201305": "22.76",
        "201306": "21.76",
        "201307": "20.90",
        "201308": "17.68",
        "201309": "8.66",
        "201310": "9.10",
        "201311": "9.04",
        "201312": "8.97",
        "201401": "8.90",
        "201402": "9.08",
        "201403": "8.79",
        "201404": "8.71",
        "201405": "8.92",
        "201406": "9.03",
        "201407": "8.98",
        "201408": "9.01",
        "201409": "9.22",
        "201410": "9.91",
        "201411": "9.72",
        "201412": "9.68",
        "201501": "10.10",
        "201502": "11.32",
        "201503": "13.42",
        "201504": "13.02",
        "201505": "12.43",
        "201506": "10.54",
        "201507": "9.48",
        "201508": "7.89",
        "201509": "7.87",
        "201510": "8.09",
        "201511": "8.98",
        "201512": "9.59",
        "201601": "9.79",
        "201602": "10.02",
        "201603": "9.47",
        "201604": "8.79",
        "201605": "8.96",
        "201606": "8.79",
        "201607": "8.97",
        "201608": "8.47",
        "201609": "7.59",
        "201610": "6.75",
        "201611": "6.47",
        "201612": "5.65",
        "201701": "5.87",
        "201702": "9.09",
        "201703": "8.04",
        "201704": "7.07",
        "201705": "7.79",
        "201706": "9.73",
        "201707": "9.78",
        "201708": "9.63",
        "201709": "10.28",
        "201710": "10.02",
        "201711": "8.98",
        "201712": "8.39",
        "201801": "7.42",
        "201802": "7.28",
        "201803": "8.18",
        "201804": "8.18",
        "201805": "8.24",
        "201806": "8.61",
        "201807": "8.66",
        "201808": "8.29",
        "201809": "8.04",
        "201810": "7.57",
        "201811": "7.75",
        "201812": "7.72",
        "201901": "7.56",
        "201902": "7.51",
        "201903": "7.86",
        "201904": "7.27",
        "201905": "6.10",
        "201906": "5.83",
        "201907": "5.84",
        "201908": "5.38",
        "201909": "4.85",
        "201910": "4.95",
        "201911": "4.46",
        "201912": "4.75",
        "202001": "4.75",
        "202002": "5.01",
        "202003": "4.96",
        "202004": "5.02",
        "202005": "4.75",
        "202006": "5.16",
        "202007": "11.81",
        "202008": "10.60",
        "202009": "9.89",
        "202010": "8.72",
        "202011": "7.64",
        "202012": "6.75",
        "202101": "5.68",
        "202102": "5.90",
        "202103": "6.90",
        "202104": "6.94",
        "202105": "7.07",
        "202106": "6.62",
        "202107": "7.06",
        "202108": "6.13",
        "202109": "6.21",
        "202110": "5.90",
        "202111": "6.16",
        "202112": "6.46",
        "202201": "15.19",
        "202202": "15.29",
        "202203": "15.84",
        "202204": "14.45",
        "202205": "14.19",
        "202206": "16.82",
        "202207": "17.35",
        "202208": "19.41",
        "202209": "24.62",
        "202210": "22.02",
        "202211": "21.40",
        "202212": "20.42",
        "202301": "20.50",
        "202302": "20.47",
        "202303": "23.44",
        "202304": "27.08",
        "202305": "28.85",
        "202306": "27.61",
        "202307": "27.05",
        "202308": "24.42",
        "202309": "23.01",
        "202310": "21.57",
        "202311": "22.29",
        "202312": "23.20"
    },
    "quarters": {
        "20011": {
            "year_quarter": 20011,
            "year": 2001,
            "quarter": 1,
            "eps": null,
            "eps_growth_year": null,
            "eps_4q": null,
            "eps_4q_growth_year": null,
            "roe": null,
            "roe_4q": 0,
            "gross_profit": null,
            "gross_margin": null,
            "gross_margin_4q_avg": 0,
            "net_income": null,
            "net_income_4q": null,
            "revenue": null,
            "revenue_4q": null,
            "common_shares": null,
            "book_valuer_per_share": null,
            "book_valuer_per_share_4q_avg": 0,
            "equity": null,
            "current_ratio": null,
            "debt_ratio": null,
            "inventory_turnover_ratio": null,
            "account_receivable_turnover_ratio": null,
            "reinvestment_rate": null,
            "research_to_sale_ratio": null,
            "price_fair": 0,
            "eps_avg_yearly": 0,
            "eps_latest_yearly": 0,
            "eps_growth_yearly": 0
        },
        "20012": {
            "year_quarter": 20012,
            "year": 2001,
            "quarter": 2,
            "eps": null,
            "eps_growth_year": null,
            "eps_4q": null,
            "eps_4q_growth_year": null,
            "roe": null,
            "roe_4q": 0,
            "gross_profit": null,
            "gross_margin": null,
            "gross_margin_4q_avg": 0,
            "net_income": null,
            "net_income_4q": null,
            "revenue": null,
            "revenue_4q": null,
            "common_shares": null,
            "book_valuer_per_share": null,
            "book_valuer_per_share_4q_avg": 0,
            "equity": null,
            "current_ratio": null,
            "debt_ratio": null,
            "inventory_turnover_ratio": null,
            "account_receivable_turnover_ratio": null,
            "reinvestment_rate": null,
            "research_to_sale_ratio": null,
            "price_fair": 0,
            "eps_avg_yearly": 0,
            "eps_latest_yearly": 0,
            "eps_growth_yearly": 0
        },
        "20013": {
            "year_quarter": 20013,
            "year": 2001,
            "quarter": 3,
            "eps": null,
            "eps_growth_year": null,
            "eps_4q": null,
            "eps_4q_growth_year": null,
            "roe": null,
            "roe_4q": 0,
            "gross_profit": null,
            "gross_margin": null,
            "gross_margin_4q_avg": 0,
            "net_income": null,
            "net_income_4q": null,
            "revenue": null,
            "revenue_4q": null,
            "common_shares": null,
            "book_valuer_per_share": null,
            "book_valuer_per_share_4q_avg": 0,
            "equity": null,
            "current_ratio": null,
            "debt_ratio": null,
            "inventory_turnover_ratio": null,
            "account_receivable_turnover_ratio": null,
            "reinvestment_rate": null,
            "research_to_sale_ratio": null,
            "price_fair": 0,
            "eps_avg_yearly": 0,
            "eps_latest_yearly": 0,
            "eps_growth_yearly": 0
        },
        "20014": {
            "year_quarter": 20014,
            "year": 2001,
            "quarter": 4,
            "eps": null,
            "eps_growth_year": null,
            "eps_4q": null,
            "eps_4q_growth_year": null,
            "roe": null,
            "roe_4q": 0,
            "gross_profit": null,
            "gross_margin": null,
            "gross_margin_4q_avg": 0,
            "net_income": null,
            "net_income_4q": null,
            "revenue": null,
            "revenue_4q": null,
            "common_shares": 300000,
            "book_valuer_per_share": 14.32,
            "book_valuer_per_share_4q_avg": 3.58,
            "equity": 429509,
            "current_ratio": 3197.74,
            "debt_ratio": 4.57,
            "inventory_turnover_ratio": null,
            "account_receivable_turnover_ratio": null,
            "reinvestment_rate": null,
            "research_to_sale_ratio": null,
            "price_fair": 0,
            "eps_avg_yearly": 0,
            "eps_latest_yearly": 0,
            "eps_growth_yearly": 0
        },
        "20021": {
            "year_quarter": 20021,
            "year": 2002,
            "quarter": 1,
            "eps": null,
            "eps_growth_year": null,
            "eps_4q": null,
            "eps_4q_growth_year": null,
            "roe": null,
            "roe_4q": 0,
            "gross_profit": null,
            "gross_margin": null,
            "gross_margin_4q_avg": 0,
            "net_income": null,
            "net_income_4q": null,
            "revenue": null,
            "revenue_4q": null,
            "common_shares": null,
            "book_valuer_per_share": null,
            "book_valuer_per_share_4q_avg": 3.58,
            "equity": null,
            "current_ratio": null,
            "debt_ratio": null,
            "inventory_turnover_ratio": null,
            "account_receivable_turnover_ratio": null,
            "reinvestment_rate": null,
            "research_to_sale_ratio": null,
            "price_fair": 0,
            "eps_avg_yearly": 0,
            "eps_latest_yearly": 0,
            "eps_growth_yearly": 0
        },
        "20022": {
            "year_quarter": 20022,
            "year": 2002,
            "quarter": 2,
            "eps": null,
            "eps_growth_year": null,
            "eps_4q": null,
            "eps_4q_growth_year": null,
            "roe": null,
            "roe_4q": 0,
            "gross_profit": null,
            "gross_margin": null,
            "gross_margin_4q_avg": 0,
            "net_income": null,
            "net_income_4q": null,
            "revenue": null,
            "revenue_4q": null,
            "common_shares": null,
            "book_valuer_per_share": null,
            "book_valuer_per_share_4q_avg": 3.58,
            "equity": null,
            "current_ratio": null,
            "debt_ratio": null,
            "inventory_turnover_ratio": null,
            "account_receivable_turnover_ratio": null,
            "reinvestment_rate": null,
            "research_to_sale_ratio": null,
            "price_fair": 0,
            "eps_avg_yearly": 0,
            "eps_latest_yearly": 0,
            "eps_growth_yearly": 0
        },
        "20023": {
            "year_quarter": 20023,
            "year": 2002,
            "quarter": 3,
            "eps": null,
            "eps_growth_year": null,
            "eps_4q": null,
            "eps_4q_growth_year": null,
            "roe": null,
            "roe_4q": 0,
            "gross_profit": null,
            "gross_margin": null,
            "gross_margin_4q_avg": 0,
            "net_income": null,
            "net_income_4q": null,
            "revenue": null,
            "revenue_4q": null,
            "common_shares": null,
            "book_valuer_per_share": null,
            "book_valuer_per_share_4q_avg": 3.58,
            "equity": null,
            "current_ratio": null,
            "debt_ratio": null,
            "inventory_turnover_ratio": null,
            "account_receivable_turnover_ratio": null,
            "reinvestment_rate": null,
            "research_to_sale_ratio": null,
            "price_fair": 0,
            "eps_avg_yearly": 0,
            "eps_latest_yearly": 0,
            "eps_growth_yearly": 0
        },
        "20024": {
            "year_quarter": 20024,
            "year": 2002,
            "quarter": 4,
            "eps": null,
            "eps_growth_year": null,
            "eps_4q": null,
            "eps_4q_growth_year": null,
            "roe": null,
            "roe_4q": 0,
            "gross_profit": null,
            "gross_margin": null,
            "gross_margin_4q_avg": 0,
            "net_income": null,
            "net_income_4q": null,
            "revenue": null,
            "revenue_4q": null,
            "common_shares": 300000,
            "book_valuer_per_share": 12.39,
            "book_valuer_per_share_4q_avg": 3.1,
            "equity": 371570,
            "current_ratio": 1114.75,
            "debt_ratio": 10.68,
            "inventory_turnover_ratio": null,
            "account_receivable_turnover_ratio": null,
            "reinvestment_rate": null,
            "research_to_sale_ratio": null,
            "price_fair": 0,
            "eps_avg_yearly": 0,
            "eps_latest_yearly": 0,
            "eps_growth_yearly": 0
        },
        "20031": {
            "year_quarter": 20031,
            "year": 2003,
            "quarter": 1,
            "eps": -0.54,
            "eps_growth_year": null,
            "eps_4q": null,
            "eps_4q_growth_year": null,
            "roe": -4.46,
            "roe_4q": -4.46,
            "gross_profit": 1315,
            "gross_margin": 44.37,
            "gross_margin_4q_avg": 11.09,
            "net_income": -16204,
            "net_income_4q": null,
            "revenue": 2964,
            "revenue_4q": null,
            "common_shares": 300000,
            "book_valuer_per_share": 11.85,
            "book_valuer_per_share_4q_avg": 6.06,
            "equity": 355366,
            "current_ratio": 644.04,
            "debt_ratio": 12.57,
            "inventory_turnover_ratio": 0.34,
            "account_receivable_turnover_ratio": null,
            "reinvestment_rate": null,
            "research_to_sale_ratio": null,
            "price_fair": 0,
            "eps_avg_yearly": 0,
            "eps_latest_yearly": 0,
            "eps_growth_yearly": 0
        },
        "20032": {
            "year_quarter": 20032,
            "year": 2003,
            "quarter": 2,
            "eps": -0.99,
            "eps_growth_year": null,
            "eps_4q": null,
            "eps_4q_growth_year": null,
            "roe": -8.73,
            "roe_4q": -13.190000000000001,
            "gross_profit": 3037,
            "gross_margin": 39.79,
            "gross_margin_4q_avg": 21.04,
            "net_income": -29718,
            "net_income_4q": null,
            "revenue": 7633,
            "revenue_4q": null,
            "common_shares": 300000,
            "book_valuer_per_share": 10.85,
            "book_valuer_per_share_4q_avg": 8.77,
            "equity": 325648,
            "current_ratio": 316.45,
            "debt_ratio": 16.8,
            "inventory_turnover_ratio": 0.62,
            "account_receivable_turnover_ratio": null,
            "reinvestment_rate": null,
            "research_to_sale_ratio": null,
            "price_fair": 0,
            "eps_avg_yearly": 0,
            "eps_latest_yearly": 0,
            "eps_growth_yearly": 0
        },
        "20033": {
            "year_quarter": 20033,
            "year": 2003,
            "quarter": 3,
            "eps": -0.53,
            "eps_growth_year": null,
            "eps_4q": null,
            "eps_4q_growth_year": null,
            "roe": -4.99,
            "roe_4q": -18.18,
            "gross_profit": 7878,
            "gross_margin": 59.03,
            "gross_margin_4q_avg": 35.8,
            "net_income": -15843,
            "net_income_4q": null,
            "revenue": 13346,
            "revenue_4q": null,
            "common_shares": 300000,
            "book_valuer_per_share": 10.33,
            "book_valuer_per_share_4q_avg": 11.36,
            "equity": 309805,
            "current_ratio": 256.49,
            "debt_ratio": 14.75,
            "inventory_turnover_ratio": 0.53,
            "account_receivable_turnover_ratio": null,
            "reinvestment_rate": null,
            "research_to_sale_ratio": null,
            "price_fair": 0,
            "eps_avg_yearly": 0,
            "eps_latest_yearly": 0,
            "eps_growth_yearly": 0
        },
        "20034": {
            "year_quarter": 20034,
            "year": 2003,
            "quarter": 4,
            "eps": -0.56,
            "eps_growth_year": null,
            "eps_4q": -2.62,
            "eps_4q_growth_year": null,
            "roe": -5.59,
            "roe_4q": -23.770000000000003,
            "gross_profit": 9711,
            "gross_margin": 75.33,
            "gross_margin_4q_avg": 54.63,
            "net_income": -16853,
            "net_income_4q": null,
            "revenue": 12891,
            "revenue_4q": null,
            "common_shares": 300000,
            "book_valuer_per_share": 9.77,
            "book_valuer_per_share_4q_avg": 10.7,
            "equity": 292952,
            "current_ratio": 186.17,
            "debt_ratio": 16.85,
            "inventory_turnover_ratio": 0.25,
            "account_receivable_turnover_ratio": null,
            "reinvestment_rate": null,
            "research_to_sale_ratio": null,
            "price_fair": 0,
            "eps_avg_yearly": 0,
            "eps_latest_yearly": 0,
            "eps_growth_yearly": 0
        },
        "20041": {
            "year_quarter": 20041,
            "year": 2004,
            "quarter": 1,
            "eps": -0.4,
            "eps_growth_year": null,
            "eps_4q": -2.47,
            "eps_4q_growth_year": null,
            "roe": -4.21,
            "roe_4q": -23.520000000000003,
            "gross_profit": 8713,
            "gross_margin": 48.62,
            "gross_margin_4q_avg": 55.69,
            "net_income": -12078,
            "net_income_4q": null,
            "revenue": 17922,
            "revenue_4q": null,
            "common_shares": 300000,
            "book_valuer_per_share": 9.36,
            "book_valuer_per_share_4q_avg": 10.08,
            "equity": 280874,
            "current_ratio": 156.86,
            "debt_ratio": 22.16,
            "inventory_turnover_ratio": 0.57,
            "account_receivable_turnover_ratio": null,
            "reinvestment_rate": null,
            "research_to_sale_ratio": null,
            "price_fair": 0,
            "eps_avg_yearly": 0,
            "eps_latest_yearly": 0,
            "eps_growth_yearly": 0
        },
        "20042": {
            "year_quarter": 20042,
            "year": 2004,
            "quarter": 2,
            "eps": -0.77,
            "eps_growth_year": null,
            "eps_4q": -2.26,
            "eps_4q_growth_year": null,
            "roe": -8.59,
            "roe_4q": -23.380000000000003,
            "gross_profit": 5854,
            "gross_margin": 79.84,
            "gross_margin_4q_avg": 65.71,
            "net_income": -23124,
            "net_income_4q": null,
            "revenue": 7332,
            "revenue_4q": null,
            "common_shares": 300000,
            "book_valuer_per_share": 8.59,
            "book_valuer_per_share_4q_avg": 9.51,
            "equity": 257750,
            "current_ratio": 167.81,
            "debt_ratio": 31.58,
            "inventory_turnover_ratio": 0.07,
            "account_receivable_turnover_ratio": null,
            "reinvestment_rate": null,
            "research_to_sale_ratio": null,
            "price_fair": 0,
            "eps_avg_yearly": 0,
            "eps_latest_yearly": 0,
            "eps_growth_yearly": 0
        },
        "20043": {
            "year_quarter": 20043,
            "year": 2004,
            "quarter": 3,
            "eps": -0.6,
            "eps_growth_year": null,
            "eps_4q": -2.33,
            "eps_4q_growth_year": null,
            "roe": -7.18,
            "roe_4q": -25.57,
            "gross_profit": 6799,
            "gross_margin": 60.84,
            "gross_margin_4q_avg": 66.16,
            "net_income": -17876,
            "net_income_4q": null,
            "revenue": 11176,
            "revenue_4q": null,
            "common_shares": 300000,
            "book_valuer_per_share": 8,
            "book_valuer_per_share_4q_avg": 8.93,
            "equity": 239874,
            "current_ratio": 1224.4,
            "debt_ratio": 54.94,
            "inventory_turnover_ratio": 0.21,
            "account_receivable_turnover_ratio": null,
            "reinvestment_rate": null,
            "research_to_sale_ratio": null,
            "price_fair": 0,
            "eps_avg_yearly": 0,
            "eps_latest_yearly": 0,
            "eps_growth_yearly": 0
        },
        "20044": {
            "year_quarter": 20044,
            "year": 2004,
            "quarter": 4,
            "eps": -1.17,
            "eps_growth_year": null,
            "eps_4q": -2.94,
            "eps_4q_growth_year": null,
            "roe": -15.85,
            "roe_4q": -35.83,
            "gross_profit": -1789,
            "gross_margin": -3651.02,
            "gross_margin_4q_avg": -865.43,
            "net_income": -35219,
            "net_income_4q": null,
            "revenue": 49,
            "revenue_4q": null,
            "common_shares": 300000,
            "book_valuer_per_share": 6.82,
            "book_valuer_per_share_4q_avg": 8.19,
            "equity": 204655,
            "current_ratio": 357.41,
            "debt_ratio": 58.76,
            "inventory_turnover_ratio": 0.09,
            "account_receivable_turnover_ratio": null,
            "reinvestment_rate": null,
            "research_to_sale_ratio": null,
            "price_fair": 0,
            "eps_avg_yearly": 0,
            "eps_latest_yearly": 0,
            "eps_growth_yearly": 0
        },
        "20051": {
            "year_quarter": 20051,
            "year": 2005,
            "quarter": 1,
            "eps": -1.15,
            "eps_growth_year": null,
            "eps_4q": -3.68,
            "eps_4q_growth_year": null,
            "roe": -18.47,
            "roe_4q": -50.09,
            "gross_profit": 2362,
            "gross_margin": 49.55,
            "gross_margin_4q_avg": -865.2,
            "net_income": -34597,
            "net_income_4q": null,
            "revenue": 4767,
            "revenue_4q": null,
            "common_shares": 300000,
            "book_valuer_per_share": 5.67,
            "book_valuer_per_share_4q_avg": 7.27,
            "equity": 170058,
            "current_ratio": 296.98,
            "debt_ratio": 62.94,
            "inventory_turnover_ratio": 0.13,
            "account_receivable_turnover_ratio": null,
            "reinvestment_rate": null,
            "research_to_sale_ratio": null,
            "price_fair": 0,
            "eps_avg_yearly": 0,
            "eps_latest_yearly": 0,
            "eps_growth_yearly": 0
        },
        "20052": {
            "year_quarter": 20052,
            "year": 2005,
            "quarter": 2,
            "eps": -1.06,
            "eps_growth_year": null,
            "eps_4q": -3.98,
            "eps_4q_growth_year": null,
            "roe": -20.61,
            "roe_4q": -62.11,
            "gross_profit": -280,
            "gross_margin": -18.7,
            "gross_margin_4q_avg": -889.83,
            "net_income": -31770,
            "net_income_4q": null,
            "revenue": 1497,
            "revenue_4q": null,
            "common_shares": 300000,
            "book_valuer_per_share": 4.61,
            "book_valuer_per_share_4q_avg": 6.28,
            "equity": 138288,
            "current_ratio": 290.46,
            "debt_ratio": 67.49,
            "inventory_turnover_ratio": 0.11,
            "account_receivable_turnover_ratio": null,
            "reinvestment_rate": null,
            "research_to_sale_ratio": null,
            "price_fair": 0,
            "eps_avg_yearly": 0,
            "eps_latest_yearly": 0,
            "eps_growth_yearly": 0
        },
        "20053": {
            "year_quarter": 20053,
            "year": 2005,
            "quarter": 3,
            "eps": -0.58,
            "eps_growth_year": null,
            "eps_4q": -3.97,
            "eps_4q_growth_year": null,
            "roe": -13.55,
            "roe_4q": -68.47999999999999,
            "gross_profit": 278,
            "gross_margin": 13.09,
            "gross_margin_4q_avg": -901.77,
            "net_income": -17546,
            "net_income_4q": null,
            "revenue": 2124,
            "revenue_4q": null,
            "common_shares": 300000,
            "book_valuer_per_share": 4.02,
            "book_valuer_per_share_4q_avg": 5.28,
            "equity": 120742,
            "current_ratio": 252.11,
            "debt_ratio": 70.33,
            "inventory_turnover_ratio": 0.12,
            "account_receivable_turnover_ratio": null,
            "reinvestment_rate": null,
            "research_to_sale_ratio": null,
            "price_fair": 0,
            "eps_avg_yearly": 0,
            "eps_latest_yearly": 0,
            "eps_growth_yearly": 0
        },
        "20054": {
            "year_quarter": 20054,
            "year": 2005,
            "quarter": 4,
            "eps": -0.75,
            "eps_growth_year": null,
            "eps_4q": -3.55,
            "eps_4q_growth_year": null,
            "roe": -20.59,
            "roe_4q": -73.22,
            "gross_profit": 1043,
            "gross_margin": 40.1,
            "gross_margin_4q_avg": 21.01,
            "net_income": -22543,
            "net_income_4q": null,
            "revenue": 2601,
            "revenue_4q": null,
            "common_shares": 300000,
            "book_valuer_per_share": 3.27,
            "book_valuer_per_share_4q_avg": 4.39,
            "equity": 98199,
            "current_ratio": 194.43,
            "debt_ratio": 74.27,
            "inventory_turnover_ratio": 0.11,
            "account_receivable_turnover_ratio": null,
            "reinvestment_rate": null,
            "research_to_sale_ratio": null,
            "price_fair": 0,
            "eps_avg_yearly": 0,
            "eps_latest_yearly": 0,
            "eps_growth_yearly": 0
        },
        "20061": {
            "year_quarter": 20061,
            "year": 2006,
            "quarter": 1,
            "eps": -0.87,
            "eps_growth_year": null,
            "eps_4q": -4.45,
            "eps_4q_growth_year": null,
            "roe": -19.52,
            "roe_4q": -74.27,
            "gross_profit": 951,
            "gross_margin": 48.5,
            "gross_margin_4q_avg": 20.75,
            "net_income": -17463,
            "net_income_4q": null,
            "revenue": 1961,
            "revenue_4q": null,
            "common_shares": 200000,
            "book_valuer_per_share": 4.04,
            "book_valuer_per_share_4q_avg": 3.99,
            "equity": 80737,
            "current_ratio": 141.01,
            "debt_ratio": 77.56,
            "inventory_turnover_ratio": 0.08,
            "account_receivable_turnover_ratio": null,
            "reinvestment_rate": null,
            "research_to_sale_ratio": null,
            "price_fair": 0,
            "eps_avg_yearly": 0,
            "eps_latest_yearly": 0,
            "eps_growth_yearly": 0
        },
        "20062": {
            "year_quarter": 20062,
            "year": 2006,
            "quarter": 2,
            "eps": -0.6,
            "eps_growth_year": null,
            "eps_4q": -2.7,
            "eps_4q_growth_year": null,
            "roe": -14,
            "roe_4q": -67.66,
            "gross_profit": 1678,
            "gross_margin": 59.44,
            "gross_margin_4q_avg": 40.28,
            "net_income": -12572,
            "net_income_4q": null,
            "revenue": 2823,
            "revenue_4q": null,
            "common_shares": 260000,
            "book_valuer_per_share": 3.8,
            "book_valuer_per_share_4q_avg": 3.78,
            "equity": 98879,
            "current_ratio": 226.01,
            "debt_ratio": 73.56,
            "inventory_turnover_ratio": 0.1,
            "account_receivable_turnover_ratio": null,
            "reinvestment_rate": null,
            "research_to_sale_ratio": null,
            "price_fair": 0,
            "eps_avg_yearly": 0,
            "eps_latest_yearly": 0,
            "eps_growth_yearly": 0
        },
        "20063": {
            "year_quarter": 20063,
            "year": 2006,
            "quarter": 3,
            "eps": -0.33,
            "eps_growth_year": null,
            "eps_4q": -2.31,
            "eps_4q_growth_year": null,
            "roe": -7.98,
            "roe_4q": -62.09,
            "gross_profit": 2680,
            "gross_margin": 57.07,
            "gross_margin_4q_avg": 51.28,
            "net_income": -7565,
            "net_income_4q": null,
            "revenue": 4696,
            "revenue_4q": null,
            "common_shares": 260000,
            "book_valuer_per_share": 3.49,
            "book_valuer_per_share_4q_avg": 3.65,
            "equity": 90652,
            "current_ratio": 56.38,
            "debt_ratio": 74.88,
            "inventory_turnover_ratio": 0.16,
            "account_receivable_turnover_ratio": null,
            "reinvestment_rate": null,
            "research_to_sale_ratio": null,
            "price_fair": 0,
            "eps_avg_yearly": 0,
            "eps_latest_yearly": 0,
            "eps_growth_yearly": 0
        },
        "20064": {
            "year_quarter": 20064,
            "year": 2006,
            "quarter": 4,
            "eps": -0.59,
            "eps_growth_year": null,
            "eps_4q": -2.16,
            "eps_4q_growth_year": null,
            "roe": -11.89,
            "roe_4q": -53.39,
            "gross_profit": 4028,
            "gross_margin": 68.98,
            "gross_margin_4q_avg": 58.5,
            "net_income": -14108,
            "net_income_4q": null,
            "revenue": 5839,
            "revenue_4q": null,
            "common_shares": 330000,
            "book_valuer_per_share": 4.45,
            "book_valuer_per_share_4q_avg": 3.95,
            "equity": 146694,
            "current_ratio": 87.09,
            "debt_ratio": 64.69,
            "inventory_turnover_ratio": 0.13,
            "account_receivable_turnover_ratio": null,
            "reinvestment_rate": null,
            "research_to_sale_ratio": null,
            "price_fair": 0,
            "eps_avg_yearly": 0,
            "eps_latest_yearly": 0,
            "eps_growth_yearly": 0
        },
        "20071": {
            "year_quarter": 20071,
            "year": 2007,
            "quarter": 1,
            "eps": -0.2,
            "eps_growth_year": null,
            "eps_4q": -1.25,
            "eps_4q_growth_year": null,
            "roe": -3.49,
            "roe_4q": -37.36,
            "gross_profit": 4155,
            "gross_margin": 66.64,
            "gross_margin_4q_avg": 63.03,
            "net_income": -6524,
            "net_income_4q": null,
            "revenue": 6235,
            "revenue_4q": null,
            "common_shares": 330000,
            "book_valuer_per_share": 6.87,
            "book_valuer_per_share_4q_avg": 4.65,
            "equity": 226753,
            "current_ratio": 135.43,
            "debt_ratio": 39.75,
            "inventory_turnover_ratio": 0.15,
            "account_receivable_turnover_ratio": null,
            "reinvestment_rate": null,
            "research_to_sale_ratio": null,
            "price_fair": 0,
            "eps_avg_yearly": 0,
            "eps_latest_yearly": 0,
            "eps_growth_yearly": 0
        },
        "20072": {
            "year_quarter": 20072,
            "year": 2007,
            "quarter": 2,
            "eps": -0.17,
            "eps_growth_year": null,
            "eps_4q": -0.89,
            "eps_4q_growth_year": null,
            "roe": -2.61,
            "roe_4q": -25.970000000000002,
            "gross_profit": 5210,
            "gross_margin": 64.44,
            "gross_margin_4q_avg": 64.28,
            "net_income": -5926,
            "net_income_4q": null,
            "revenue": 8085,
            "revenue_4q": null,
            "common_shares": 384580,
            "book_valuer_per_share": 5.89,
            "book_valuer_per_share_4q_avg": 5.18,
            "equity": 226534,
            "current_ratio": 135.64,
            "debt_ratio": 39.62,
            "inventory_turnover_ratio": 0.24,
            "account_receivable_turnover_ratio": null,
            "reinvestment_rate": null,
            "research_to_sale_ratio": null,
            "price_fair": 0,
            "eps_avg_yearly": 0,
            "eps_latest_yearly": 0,
            "eps_growth_yearly": 0
        },
        "20073": {
            "year_quarter": 20073,
            "year": 2007,
            "quarter": 3,
            "eps": -0.07,
            "eps_growth_year": null,
            "eps_4q": -0.76,
            "eps_4q_growth_year": null,
            "roe": -0.99,
            "roe_4q": -18.98,
            "gross_profit": 8726,
            "gross_margin": 73.46,
            "gross_margin_4q_avg": 68.38,
            "net_income": -2707,
            "net_income_4q": null,
            "revenue": 11878,
            "revenue_4q": null,
            "common_shares": 386234,
            "book_valuer_per_share": 8.27,
            "book_valuer_per_share_4q_avg": 6.37,
            "equity": 319356,
            "current_ratio": 375.09,
            "debt_ratio": 14.81,
            "inventory_turnover_ratio": 0.33,
            "account_receivable_turnover_ratio": null,
            "reinvestment_rate": null,
            "research_to_sale_ratio": null,
            "price_fair": 0,
            "eps_avg_yearly": 0,
            "eps_latest_yearly": 0,
            "eps_growth_yearly": 0
        },
        "20074": {
            "year_quarter": 20074,
            "year": 2007,
            "quarter": 4,
            "eps": 0.01,
            "eps_growth_year": null,
            "eps_4q": -0.37,
            "eps_4q_growth_year": null,
            "roe": 0.17,
            "roe_4q": -6.92,
            "gross_profit": 10736,
            "gross_margin": 76.11,
            "gross_margin_4q_avg": 70.16,
            "net_income": 551,
            "net_income_4q": null,
            "revenue": 14106,
            "revenue_4q": null,
            "common_shares": 448166,
            "book_valuer_per_share": 7.1,
            "book_valuer_per_share_4q_avg": 7.03,
            "equity": 318267,
            "current_ratio": 369.4,
            "debt_ratio": 15.33,
            "inventory_turnover_ratio": 0.39,
            "account_receivable_turnover_ratio": null,
            "reinvestment_rate": null,
            "research_to_sale_ratio": null,
            "price_fair": 0,
            "eps_avg_yearly": 0,
            "eps_latest_yearly": 0,
            "eps_growth_yearly": 0
        },
        "20081": {
            "year_quarter": 20081,
            "year": 2008,
            "quarter": 1,
            "eps": -0.01,
            "eps_growth_year": null,
            "eps_4q": -0.21,
            "eps_4q_growth_year": null,
            "roe": -0.13,
            "roe_4q": -3.5599999999999996,
            "gross_profit": 11707,
            "gross_margin": 90.54,
            "gross_margin_4q_avg": 76.14,
            "net_income": -409,
            "net_income_4q": null,
            "revenue": 12930,
            "revenue_4q": null,
            "common_shares": 449326,
            "book_valuer_per_share": 7.08,
            "book_valuer_per_share_4q_avg": 7.09,
            "equity": 318079,
            "current_ratio": 391.24,
            "debt_ratio": 14.72,
            "inventory_turnover_ratio": 0.13,
            "account_receivable_turnover_ratio": null,
            "reinvestment_rate": null,
            "research_to_sale_ratio": null,
            "price_fair": 0,
            "eps_avg_yearly": 0,
            "eps_latest_yearly": 0,
            "eps_growth_yearly": 0
        },
        "20082": {
            "year_quarter": 20082,
            "year": 2008,
            "quarter": 2,
            "eps": 0.01,
            "eps_growth_year": null,
            "eps_4q": -0.05,
            "eps_4q_growth_year": null,
            "roe": 0.15,
            "roe_4q": -0.8,
            "gross_profit": 11259,
            "gross_margin": 72.03,
            "gross_margin_4q_avg": 78.04,
            "net_income": 472,
            "net_income_4q": null,
            "revenue": 15630,
            "revenue_4q": null,
            "common_shares": 449776,
            "book_valuer_per_share": 7.11,
            "book_valuer_per_share_4q_avg": 7.39,
            "equity": 319644,
            "current_ratio": 383.02,
            "debt_ratio": 15.34,
            "inventory_turnover_ratio": 0.46,
            "account_receivable_turnover_ratio": null,
            "reinvestment_rate": null,
            "research_to_sale_ratio": null,
            "price_fair": 0,
            "eps_avg_yearly": 0,
            "eps_latest_yearly": 0,
            "eps_growth_yearly": 0
        },
        "20083": {
            "year_quarter": 20083,
            "year": 2008,
            "quarter": 3,
            "eps": 0.06,
            "eps_growth_year": null,
            "eps_4q": 0.07,
            "eps_4q_growth_year": null,
            "roe": 0.87,
            "roe_4q": 1.06,
            "gross_profit": 12095,
            "gross_margin": 69.4,
            "gross_margin_4q_avg": 77.02,
            "net_income": 2790,
            "net_income_4q": null,
            "revenue": 17429,
            "revenue_4q": null,
            "common_shares": 450014,
            "book_valuer_per_share": 7.17,
            "book_valuer_per_share_4q_avg": 7.12,
            "equity": 322577,
            "current_ratio": 398.06,
            "debt_ratio": 14.92,
            "inventory_turnover_ratio": 0.61,
            "account_receivable_turnover_ratio": null,
            "reinvestment_rate": null,
            "research_to_sale_ratio": null,
            "price_fair": 8.4,
            "eps_avg_yearly": 0.24,
            "eps_latest_yearly": 0.24,
            "eps_growth_yearly": 2000
        },
        "20084": {
            "year_quarter": 20084,
            "year": 2008,
            "quarter": 4,
            "eps": -0.06,
            "eps_growth_year": -700,
            "eps_4q": 0.01,
            "eps_4q_growth_year": null,
            "roe": -0.79,
            "roe_4q": 0.09999999999999995,
            "gross_profit": 13877,
            "gross_margin": 109.39,
            "gross_margin_4q_avg": 85.34,
            "net_income": -2551,
            "net_income_4q": null,
            "revenue": 12686,
            "revenue_4q": null,
            "common_shares": 450546,
            "book_valuer_per_share": 7.14,
            "book_valuer_per_share_4q_avg": 7.13,
            "equity": 321795,
            "current_ratio": 396.2,
            "debt_ratio": 15.2,
            "inventory_turnover_ratio": -0.11,
            "account_receivable_turnover_ratio": 0.74,
            "reinvestment_rate": null,
            "research_to_sale_ratio": null,
            "price_fair": 8.4,
            "eps_avg_yearly": 0.24,
            "eps_latest_yearly": 0.24,
            "eps_growth_yearly": 2000
        },
        "20091": {
            "year_quarter": 20091,
            "year": 2009,
            "quarter": 1,
            "eps": -0.16,
            "eps_growth_year": null,
            "eps_4q": -0.14,
            "eps_4q_growth_year": null,
            "roe": -2.22,
            "roe_4q": -1.9900000000000002,
            "gross_profit": 4637,
            "gross_margin": 52.59,
            "gross_margin_4q_avg": 75.85,
            "net_income": -7102,
            "net_income_4q": null,
            "revenue": 8818,
            "revenue_4q": null,
            "common_shares": 452276,
            "book_valuer_per_share": 7,
            "book_valuer_per_share_4q_avg": 7.11,
            "equity": 316786,
            "current_ratio": 410.31,
            "debt_ratio": 14.7,
            "inventory_turnover_ratio": 0.34,
            "account_receivable_turnover_ratio": 0.25,
            "reinvestment_rate": null,
            "research_to_sale_ratio": null,
            "price_fair": 8.4,
            "eps_avg_yearly": 0.24,
            "eps_latest_yearly": 0.24,
            "eps_growth_yearly": 2000
        },
        "20092": {
            "year_quarter": 20092,
            "year": 2009,
            "quarter": 2,
            "eps": -0.25,
            "eps_growth_year": -2600,
            "eps_4q": -0.4,
            "eps_4q_growth_year": null,
            "roe": -3.59,
            "roe_4q": -5.73,
            "gross_profit": 4443,
            "gross_margin": 64.21,
            "gross_margin_4q_avg": 73.9,
            "net_income": -11231,
            "net_income_4q": null,
            "revenue": 6919,
            "revenue_4q": null,
            "common_shares": 454298,
            "book_valuer_per_share": 6.79,
            "book_valuer_per_share_4q_avg": 7.03,
            "equity": 308463,
            "current_ratio": 395.13,
            "debt_ratio": 14.97,
            "inventory_turnover_ratio": 0.21,
            "account_receivable_turnover_ratio": 0.19,
            "reinvestment_rate": null,
            "research_to_sale_ratio": null,
            "price_fair": 8.4,
            "eps_avg_yearly": 0.24,
            "eps_latest_yearly": 0.24,
            "eps_growth_yearly": 2000
        },
        "20093": {
            "year_quarter": 20093,
            "year": 2009,
            "quarter": 3,
            "eps": -0.16,
            "eps_growth_year": -366.67,
            "eps_4q": -0.59,
            "eps_4q_growth_year": -902.96,
            "roe": -2.28,
            "roe_4q": -8.879999999999999,
            "gross_profit": 9434,
            "gross_margin": 77.52,
            "gross_margin_4q_avg": 75.93,
            "net_income": -7449,
            "net_income_4q": null,
            "revenue": 12169,
            "revenue_4q": null,
            "common_shares": 482019,
            "book_valuer_per_share": 7.17,
            "book_valuer_per_share_4q_avg": 7.03,
            "equity": 345411,
            "current_ratio": 2240.04,
            "debt_ratio": 2.82,
            "inventory_turnover_ratio": 0.21,
            "account_receivable_turnover_ratio": 0.37,
            "reinvestment_rate": null,
            "research_to_sale_ratio": null,
            "price_fair": 8.4,
            "eps_avg_yearly": 0.24,
            "eps_latest_yearly": 0.24,
            "eps_growth_yearly": 2000
        },
        "20094": {
            "year_quarter": 20094,
            "year": 2009,
            "quarter": 4,
            "eps": 0.01,
            "eps_growth_year": null,
            "eps_4q": -0.53,
            "eps_4q_growth_year": -5380.7,
            "roe": 0.09,
            "roe_4q": -8,
            "gross_profit": 10971,
            "gross_margin": 75.59,
            "gross_margin_4q_avg": 67.48,
            "net_income": 328,
            "net_income_4q": null,
            "revenue": 14514,
            "revenue_4q": null,
            "common_shares": 482019,
            "book_valuer_per_share": 7.17,
            "book_valuer_per_share_4q_avg": 7.03,
            "equity": 345739,
            "current_ratio": 1948.81,
            "debt_ratio": 3.24,
            "inventory_turnover_ratio": 0.26,
            "account_receivable_turnover_ratio": 0.99,
            "reinvestment_rate": null,
            "research_to_sale_ratio": null,
            "price_fair": 8.4,
            "eps_avg_yearly": 0.24,
            "eps_latest_yearly": 0.24,
            "eps_growth_yearly": 2000
        },
        "20101": {
            "year_quarter": 20101,
            "year": 2010,
            "quarter": 1,
            "eps": -0.14,
            "eps_growth_year": null,
            "eps_4q": -0.52,
            "eps_4q_growth_year": null,
            "roe": -2.02,
            "roe_4q": -7.8,
            "gross_profit": 4923,
            "gross_margin": 65.15,
            "gross_margin_4q_avg": 70.62,
            "net_income": -6942,
            "net_income_4q": null,
            "revenue": 7556,
            "revenue_4q": null,
            "common_shares": 482919,
            "book_valuer_per_share": 7.04,
            "book_valuer_per_share_4q_avg": 7.04,
            "equity": 339886,
            "current_ratio": 2729.85,
            "debt_ratio": 2.35,
            "inventory_turnover_ratio": 0.19,
            "account_receivable_turnover_ratio": 0.28,
            "reinvestment_rate": null,
            "research_to_sale_ratio": 102.59,
            "price_fair": 8.4,
            "eps_avg_yearly": 0.24,
            "eps_latest_yearly": 0.24,
            "eps_growth_yearly": 2000
        },
        "20102": {
            "year_quarter": 20102,
            "year": 2010,
            "quarter": 2,
            "eps": -0.2,
            "eps_growth_year": null,
            "eps_4q": -0.49,
            "eps_4q_growth_year": null,
            "roe": -2.87,
            "roe_4q": -7.08,
            "gross_profit": 5393,
            "gross_margin": 64.48,
            "gross_margin_4q_avg": 70.69,
            "net_income": -9625,
            "net_income_4q": null,
            "revenue": 8364,
            "revenue_4q": null,
            "common_shares": 482919,
            "book_valuer_per_share": 6.84,
            "book_valuer_per_share_4q_avg": 7.06,
            "equity": 330261,
            "current_ratio": 2379.32,
            "debt_ratio": 2.64,
            "inventory_turnover_ratio": 0.21,
            "account_receivable_turnover_ratio": 0.36,
            "reinvestment_rate": null,
            "research_to_sale_ratio": 108.05,
            "price_fair": 8.4,
            "eps_avg_yearly": 0.24,
            "eps_latest_yearly": 0.24,
            "eps_growth_yearly": 2000
        },
        "20103": {
            "year_quarter": 20103,
            "year": 2010,
            "quarter": 3,
            "eps": -0.16,
            "eps_growth_year": null,
            "eps_4q": -0.49,
            "eps_4q_growth_year": null,
            "roe": -2.33,
            "roe_4q": -7.130000000000001,
            "gross_profit": 7441,
            "gross_margin": 68.87,
            "gross_margin_4q_avg": 68.52,
            "net_income": -7607,
            "net_income_4q": null,
            "revenue": 10804,
            "revenue_4q": null,
            "common_shares": 482919,
            "book_valuer_per_share": 6.68,
            "book_valuer_per_share_4q_avg": 6.93,
            "equity": 322654,
            "current_ratio": 2140.5,
            "debt_ratio": 2.87,
            "inventory_turnover_ratio": 0.26,
            "account_receivable_turnover_ratio": 0.47,
            "reinvestment_rate": null,
            "research_to_sale_ratio": 77.01,
            "price_fair": 8.4,
            "eps_avg_yearly": 0.24,
            "eps_latest_yearly": 0.24,
            "eps_growth_yearly": 2000
        },
        "20104": {
            "year_quarter": 20104,
            "year": 2010,
            "quarter": 4,
            "eps": -0.2,
            "eps_growth_year": -2117.11,
            "eps_4q": -0.7,
            "eps_4q_growth_year": null,
            "roe": -3.07,
            "roe_4q": -10.29,
            "gross_profit": 6693,
            "gross_margin": 63.8,
            "gross_margin_4q_avg": 65.58,
            "net_income": -9741,
            "net_income_4q": null,
            "revenue": 10491,
            "revenue_4q": null,
            "common_shares": 482919,
            "book_valuer_per_share": 6.48,
            "book_valuer_per_share_4q_avg": 6.76,
            "equity": 312913,
            "current_ratio": 2104.47,
            "debt_ratio": 2.88,
            "inventory_turnover_ratio": 0.32,
            "account_receivable_turnover_ratio": 0.45,
            "reinvestment_rate": null,
            "research_to_sale_ratio": 69.58,
            "price_fair": 8.4,
            "eps_avg_yearly": 0.24,
            "eps_latest_yearly": 0.24,
            "eps_growth_yearly": 2000
        },
        "20111": {
            "year_quarter": 20111,
            "year": 2011,
            "quarter": 1,
            "eps": -0.19,
            "eps_growth_year": null,
            "eps_4q": -0.74,
            "eps_4q_growth_year": null,
            "roe": -2.92,
            "roe_4q": -11.190000000000001,
            "gross_profit": 6424,
            "gross_margin": 73.33,
            "gross_margin_4q_avg": 67.62,
            "net_income": -8992,
            "net_income_4q": null,
            "revenue": 8760,
            "revenue_4q": null,
            "common_shares": 482919,
            "book_valuer_per_share": 6.29,
            "book_valuer_per_share_4q_avg": 6.57,
            "equity": 303921,
            "current_ratio": 2482.74,
            "debt_ratio": 2.43,
            "inventory_turnover_ratio": 0.2,
            "account_receivable_turnover_ratio": 0.37,
            "reinvestment_rate": null,
            "research_to_sale_ratio": 71.67,
            "price_fair": 8.4,
            "eps_avg_yearly": 0.24,
            "eps_latest_yearly": 0.24,
            "eps_growth_yearly": 2000
        },
        "20112": {
            "year_quarter": 20112,
            "year": 2011,
            "quarter": 2,
            "eps": -0.12,
            "eps_growth_year": null,
            "eps_4q": -0.67,
            "eps_4q_growth_year": null,
            "roe": -1.92,
            "roe_4q": -10.24,
            "gross_profit": 6438,
            "gross_margin": 60.35,
            "gross_margin_4q_avg": 66.59,
            "net_income": -5777,
            "net_income_4q": null,
            "revenue": 10668,
            "revenue_4q": null,
            "common_shares": 482919,
            "book_valuer_per_share": 6.17,
            "book_valuer_per_share_4q_avg": 6.41,
            "equity": 298144,
            "current_ratio": 1863.61,
            "debt_ratio": 3.19,
            "inventory_turnover_ratio": 0.37,
            "account_receivable_turnover_ratio": 0.42,
            "reinvestment_rate": null,
            "research_to_sale_ratio": 60.64,
            "price_fair": 8.4,
            "eps_avg_yearly": 0.24,
            "eps_latest_yearly": 0.24,
            "eps_growth_yearly": 2000
        },
        "20113": {
            "year_quarter": 20113,
            "year": 2011,
            "quarter": 3,
            "eps": -0.13,
            "eps_growth_year": null,
            "eps_4q": -0.63,
            "eps_4q_growth_year": null,
            "roe": -2.06,
            "roe_4q": -9.97,
            "gross_profit": 6756,
            "gross_margin": 66.38,
            "gross_margin_4q_avg": 65.97,
            "net_income": -6071,
            "net_income_4q": null,
            "revenue": 10178,
            "revenue_4q": null,
            "common_shares": 482919,
            "book_valuer_per_share": 6.05,
            "book_valuer_per_share_4q_avg": 6.25,
            "equity": 292073,
            "current_ratio": 1849.95,
            "debt_ratio": 3.2,
            "inventory_turnover_ratio": 0.32,
            "account_receivable_turnover_ratio": 0.36,
            "reinvestment_rate": null,
            "research_to_sale_ratio": 68.48,
            "price_fair": 8.4,
            "eps_avg_yearly": 0.24,
            "eps_latest_yearly": 0.24,
            "eps_growth_yearly": 2000
        },
        "20114": {
            "year_quarter": 20114,
            "year": 2011,
            "quarter": 4,
            "eps": -0.22,
            "eps_growth_year": null,
            "eps_4q": -0.65,
            "eps_4q_growth_year": null,
            "roe": -3.64,
            "roe_4q": -10.54,
            "gross_profit": 5150,
            "gross_margin": 67.59,
            "gross_margin_4q_avg": 66.91,
            "net_income": -10447,
            "net_income_4q": null,
            "revenue": 7620,
            "revenue_4q": null,
            "common_shares": 482919,
            "book_valuer_per_share": 5.83,
            "book_valuer_per_share_4q_avg": 6.09,
            "equity": 281626,
            "current_ratio": 1588.54,
            "debt_ratio": 3.59,
            "inventory_turnover_ratio": 0.22,
            "account_receivable_turnover_ratio": 0.3,
            "reinvestment_rate": null,
            "research_to_sale_ratio": 75.8,
            "price_fair": 8.4,
            "eps_avg_yearly": 0.24,
            "eps_latest_yearly": 0.24,
            "eps_growth_yearly": 2000
        },
        "20121": {
            "year_quarter": 20121,
            "year": 2012,
            "quarter": 1,
            "eps": -0.16,
            "eps_growth_year": null,
            "eps_4q": -0.62,
            "eps_4q_growth_year": null,
            "roe": -2.81,
            "roe_4q": -10.43,
            "gross_profit": 5617,
            "gross_margin": 77.74,
            "gross_margin_4q_avg": 68.02,
            "net_income": -7791,
            "net_income_4q": null,
            "revenue": 7225,
            "revenue_4q": null,
            "common_shares": 482919,
            "book_valuer_per_share": 5.67,
            "book_valuer_per_share_4q_avg": 5.93,
            "equity": 273835,
            "current_ratio": 1612.54,
            "debt_ratio": 3.51,
            "inventory_turnover_ratio": 0.13,
            "account_receivable_turnover_ratio": 0.33,
            "reinvestment_rate": null,
            "research_to_sale_ratio": 67.34,
            "price_fair": 8.4,
            "eps_avg_yearly": 0.24,
            "eps_latest_yearly": 0.24,
            "eps_growth_yearly": 2000
        },
        "20122": {
            "year_quarter": 20122,
            "year": 2012,
            "quarter": 2,
            "eps": -0.19,
            "eps_growth_year": null,
            "eps_4q": -0.7,
            "eps_4q_growth_year": null,
            "roe": -3.45,
            "roe_4q": -11.96,
            "gross_profit": 2636,
            "gross_margin": 43.94,
            "gross_margin_4q_avg": 63.91,
            "net_income": -9285,
            "net_income_4q": null,
            "revenue": 5999,
            "revenue_4q": null,
            "common_shares": 482919,
            "book_valuer_per_share": 5.48,
            "book_valuer_per_share_4q_avg": 5.76,
            "equity": 264550,
            "current_ratio": 2105.19,
            "debt_ratio": 2.65,
            "inventory_turnover_ratio": 0.29,
            "account_receivable_turnover_ratio": 0.27,
            "reinvestment_rate": null,
            "research_to_sale_ratio": 86.91,
            "price_fair": 8.4,
            "eps_avg_yearly": 0.24,
            "eps_latest_yearly": 0.24,
            "eps_growth_yearly": 2000
        },
        "20123": {
            "year_quarter": 20123,
            "year": 2012,
            "quarter": 3,
            "eps": -0.12,
            "eps_growth_year": null,
            "eps_4q": -0.69,
            "eps_4q_growth_year": null,
            "roe": -2.2,
            "roe_4q": -12.100000000000001,
            "gross_profit": 3892,
            "gross_margin": 41.09,
            "gross_margin_4q_avg": 57.59,
            "net_income": -5755,
            "net_income_4q": null,
            "revenue": 9472,
            "revenue_4q": null,
            "common_shares": 482919,
            "book_valuer_per_share": 5.36,
            "book_valuer_per_share_4q_avg": 5.59,
            "equity": 258795,
            "current_ratio": 1475.69,
            "debt_ratio": 3.8,
            "inventory_turnover_ratio": 0.53,
            "account_receivable_turnover_ratio": 0.4,
            "reinvestment_rate": null,
            "research_to_sale_ratio": 59.41,
            "price_fair": 0,
            "eps_avg_yearly": 0,
            "eps_latest_yearly": 0,
            "eps_growth_yearly": 0
        },
        "20124": {
            "year_quarter": 20124,
            "year": 2012,
            "quarter": 4,
            "eps": -0.19,
            "eps_growth_year": null,
            "eps_4q": -0.66,
            "eps_4q_growth_year": null,
            "roe": -3.56,
            "roe_4q": -12.020000000000001,
            "gross_profit": 4676,
            "gross_margin": 26.27,
            "gross_margin_4q_avg": 47.26,
            "net_income": -9052,
            "net_income_4q": null,
            "revenue": 17803,
            "revenue_4q": null,
            "common_shares": 482919,
            "book_valuer_per_share": 5.17,
            "book_valuer_per_share_4q_avg": 5.42,
            "equity": 249743,
            "current_ratio": 1567.09,
            "debt_ratio": 3.4,
            "inventory_turnover_ratio": 1.34,
            "account_receivable_turnover_ratio": 0.84,
            "reinvestment_rate": null,
            "research_to_sale_ratio": 42.31,
            "price_fair": 0,
            "eps_avg_yearly": 0,
            "eps_latest_yearly": 0,
            "eps_growth_yearly": 0
        },
        "20131": {
            "year_quarter": 20131,
            "year": 2013,
            "quarter": 1,
            "eps": -0.09,
            "eps_growth_year": null,
            "eps_4q": -0.59,
            "eps_4q_growth_year": null,
            "roe": -1.78,
            "roe_4q": -10.99,
            "gross_profit": 3973,
            "gross_margin": 18.62,
            "gross_margin_4q_avg": 32.48,
            "net_income": -4414,
            "net_income_4q": null,
            "revenue": 21336,
            "revenue_4q": null,
            "common_shares": 482919,
            "book_valuer_per_share": 5.11,
            "book_valuer_per_share_4q_avg": 5.28,
            "equity": 246736,
            "current_ratio": 751.74,
            "debt_ratio": 7.2,
            "inventory_turnover_ratio": 1.23,
            "account_receivable_turnover_ratio": 1.33,
            "reinvestment_rate": null,
            "research_to_sale_ratio": 26.88,
            "price_fair": 0,
            "eps_avg_yearly": 0,
            "eps_latest_yearly": 0,
            "eps_growth_yearly": 0
        },
        "20132": {
            "year_quarter": 20132,
            "year": 2013,
            "quarter": 2,
            "eps": -0.19,
            "eps_growth_year": null,
            "eps_4q": -0.59,
            "eps_4q_growth_year": null,
            "roe": -3.8,
            "roe_4q": -11.34,
            "gross_profit": 3153,
            "gross_margin": 10.79,
            "gross_margin_4q_avg": 24.19,
            "net_income": -9212,
            "net_income_4q": null,
            "revenue": 29217,
            "revenue_4q": null,
            "common_shares": 482919,
            "book_valuer_per_share": 4.92,
            "book_valuer_per_share_4q_avg": 5.14,
            "equity": 237524,
            "current_ratio": 1578.31,
            "debt_ratio": 3.26,
            "inventory_turnover_ratio": 1.93,
            "account_receivable_turnover_ratio": 1.43,
            "reinvestment_rate": null,
            "research_to_sale_ratio": 24.3,
            "price_fair": 0,
            "eps_avg_yearly": 0,
            "eps_latest_yearly": 0,
            "eps_growth_yearly": 0
        },
        "20133": {
            "year_quarter": 20133,
            "year": 2013,
            "quarter": 3,
            "eps": -0.44,
            "eps_growth_year": null,
            "eps_4q": -0.91,
            "eps_4q_growth_year": null,
            "roe": -9.36,
            "roe_4q": -18.5,
            "gross_profit": 1172,
            "gross_margin": 33.56,
            "gross_margin_4q_avg": 22.31,
            "net_income": -21238,
            "net_income_4q": null,
            "revenue": 3492,
            "revenue_4q": null,
            "common_shares": 482919,
            "book_valuer_per_share": 4.48,
            "book_valuer_per_share_4q_avg": 4.92,
            "equity": 216286,
            "current_ratio": 1382.79,
            "debt_ratio": 3.43,
            "inventory_turnover_ratio": 0.3,
            "account_receivable_turnover_ratio": 0.19,
            "reinvestment_rate": null,
            "research_to_sale_ratio": 197.05,
            "price_fair": 0,
            "eps_avg_yearly": 0,
            "eps_latest_yearly": 0,
            "eps_growth_yearly": 0
        },
        "20134": {
            "year_quarter": 20134,
            "year": 2013,
            "quarter": 4,
            "eps": -0.21,
            "eps_growth_year": null,
            "eps_4q": -0.93,
            "eps_4q_growth_year": null,
            "roe": -4.87,
            "roe_4q": -19.810000000000002,
            "gross_profit": 4622,
            "gross_margin": 63.76,
            "gross_margin_4q_avg": 31.68,
            "net_income": -10288,
            "net_income_4q": null,
            "revenue": 7249,
            "revenue_4q": null,
            "common_shares": 482919,
            "book_valuer_per_share": 4.27,
            "book_valuer_per_share_4q_avg": 4.7,
            "equity": 206072,
            "current_ratio": 1618.34,
            "debt_ratio": 2.8,
            "inventory_turnover_ratio": 0.39,
            "account_receivable_turnover_ratio": 0.88,
            "reinvestment_rate": null,
            "research_to_sale_ratio": 79.45,
            "price_fair": 0,
            "eps_avg_yearly": 0,
            "eps_latest_yearly": 0,
            "eps_growth_yearly": 0
        },
        "20141": {
            "year_quarter": 20141,
            "year": 2014,
            "quarter": 1,
            "eps": -0.07,
            "eps_growth_year": null,
            "eps_4q": -0.92,
            "eps_4q_growth_year": null,
            "roe": -1.72,
            "roe_4q": -19.75,
            "gross_profit": 4084,
            "gross_margin": 66.68,
            "gross_margin_4q_avg": 43.7,
            "net_income": -3522,
            "net_income_4q": null,
            "revenue": 6125,
            "revenue_4q": null,
            "common_shares": 482919,
            "book_valuer_per_share": 4.19,
            "book_valuer_per_share_4q_avg": 4.47,
            "equity": 202550,
            "current_ratio": 1813.96,
            "debt_ratio": 2.49,
            "inventory_turnover_ratio": 0.33,
            "account_receivable_turnover_ratio": 1.14,
            "reinvestment_rate": null,
            "research_to_sale_ratio": 70.6,
            "price_fair": 0,
            "eps_avg_yearly": 0,
            "eps_latest_yearly": 0,
            "eps_growth_yearly": 0
        },
        "20142": {
            "year_quarter": 20142,
            "year": 2014,
            "quarter": 2,
            "eps": -0.18,
            "eps_growth_year": null,
            "eps_4q": -0.9,
            "eps_4q_growth_year": null,
            "roe": -4.2,
            "roe_4q": -20.15,
            "gross_profit": 3282,
            "gross_margin": 55.83,
            "gross_margin_4q_avg": 54.96,
            "net_income": -8325,
            "net_income_4q": null,
            "revenue": 5879,
            "revenue_4q": null,
            "common_shares": 482919,
            "book_valuer_per_share": 4.02,
            "book_valuer_per_share_4q_avg": 4.24,
            "equity": 194225,
            "current_ratio": 200.73,
            "debt_ratio": 29,
            "inventory_turnover_ratio": 0.41,
            "account_receivable_turnover_ratio": 1.26,
            "reinvestment_rate": null,
            "research_to_sale_ratio": 82.4,
            "price_fair": 0,
            "eps_avg_yearly": 0,
            "eps_latest_yearly": 0,
            "eps_growth_yearly": 0
        },
        "20143": {
            "year_quarter": 20143,
            "year": 2014,
            "quarter": 3,
            "eps": -0.16,
            "eps_growth_year": null,
            "eps_4q": -0.61,
            "eps_4q_growth_year": null,
            "roe": -3.96,
            "roe_4q": -14.75,
            "gross_profit": 2870,
            "gross_margin": 55.29,
            "gross_margin_4q_avg": 60.39,
            "net_income": -7551,
            "net_income_4q": null,
            "revenue": 5191,
            "revenue_4q": null,
            "common_shares": 482919,
            "book_valuer_per_share": 3.87,
            "book_valuer_per_share_4q_avg": 4.09,
            "equity": 186674,
            "current_ratio": 178.01,
            "debt_ratio": 33.68,
            "inventory_turnover_ratio": 0.38,
            "account_receivable_turnover_ratio": 1.38,
            "reinvestment_rate": null,
            "research_to_sale_ratio": 99.06,
            "price_fair": 0,
            "eps_avg_yearly": 0,
            "eps_latest_yearly": 0,
            "eps_growth_yearly": 0
        },
        "20144": {
            "year_quarter": 20144,
            "year": 2014,
            "quarter": 4,
            "eps": -0.06,
            "eps_growth_year": null,
            "eps_4q": -0.57,
            "eps_4q_growth_year": null,
            "roe": -1.24,
            "roe_4q": -11.120000000000001,
            "gross_profit": 6711,
            "gross_margin": 71.74,
            "gross_margin_4q_avg": 62.39,
            "net_income": -2297,
            "net_income_4q": null,
            "revenue": 9354,
            "revenue_4q": null,
            "common_shares": 382919,
            "book_valuer_per_share": 4.81,
            "book_valuer_per_share_4q_avg": 4.22,
            "equity": 184366,
            "current_ratio": 182.43,
            "debt_ratio": 32.62,
            "inventory_turnover_ratio": 0.44,
            "account_receivable_turnover_ratio": 1.6,
            "reinvestment_rate": null,
            "research_to_sale_ratio": 42.33,
            "price_fair": 0,
            "eps_avg_yearly": 0,
            "eps_latest_yearly": 0,
            "eps_growth_yearly": 0
        },
        "20151": {
            "year_quarter": 20151,
            "year": 2015,
            "quarter": 1,
            "eps": -0.12,
            "eps_growth_year": null,
            "eps_4q": -0.6,
            "eps_4q_growth_year": null,
            "roe": -2.55,
            "roe_4q": -11.95,
            "gross_profit": 3817,
            "gross_margin": 56.77,
            "gross_margin_4q_avg": 59.91,
            "net_income": -4641,
            "net_income_4q": null,
            "revenue": 6724,
            "revenue_4q": null,
            "common_shares": 382919,
            "book_valuer_per_share": 4.69,
            "book_valuer_per_share_4q_avg": 4.35,
            "equity": 179725,
            "current_ratio": 221.63,
            "debt_ratio": 25.08,
            "inventory_turnover_ratio": 0.52,
            "account_receivable_turnover_ratio": 1.27,
            "reinvestment_rate": null,
            "research_to_sale_ratio": 36.11,
            "price_fair": 0,
            "eps_avg_yearly": 0,
            "eps_latest_yearly": 0,
            "eps_growth_yearly": 0
        },
        "20152": {
            "year_quarter": 20152,
            "year": 2015,
            "quarter": 2,
            "eps": -0.19,
            "eps_growth_year": null,
            "eps_4q": -0.57,
            "eps_4q_growth_year": null,
            "roe": -4.12,
            "roe_4q": -11.870000000000001,
            "gross_profit": 1739,
            "gross_margin": 38.3,
            "gross_margin_4q_avg": 55.53,
            "net_income": -7255,
            "net_income_4q": null,
            "revenue": 4541,
            "revenue_4q": null,
            "common_shares": 382919,
            "book_valuer_per_share": 4.5,
            "book_valuer_per_share_4q_avg": 4.47,
            "equity": 172470,
            "current_ratio": 211.16,
            "debt_ratio": 25.74,
            "inventory_turnover_ratio": 0.52,
            "account_receivable_turnover_ratio": 2.08,
            "reinvestment_rate": null,
            "research_to_sale_ratio": 59.48,
            "price_fair": 0,
            "eps_avg_yearly": 0,
            "eps_latest_yearly": 0,
            "eps_growth_yearly": 0
        },
        "20153": {
            "year_quarter": 20153,
            "year": 2015,
            "quarter": 3,
            "eps": -0.12,
            "eps_growth_year": null,
            "eps_4q": -0.49,
            "eps_4q_growth_year": null,
            "roe": -2.64,
            "roe_4q": -10.549999999999999,
            "gross_profit": 3157,
            "gross_margin": 61.1,
            "gross_margin_4q_avg": 56.98,
            "net_income": -4489,
            "net_income_4q": null,
            "revenue": 5167,
            "revenue_4q": null,
            "common_shares": 382919,
            "book_valuer_per_share": 4.39,
            "book_valuer_per_share_4q_avg": 4.6,
            "equity": 167981,
            "current_ratio": 181.96,
            "debt_ratio": 31.4,
            "inventory_turnover_ratio": 0.35,
            "account_receivable_turnover_ratio": 2.2,
            "reinvestment_rate": null,
            "research_to_sale_ratio": 51.91,
            "price_fair": 0,
            "eps_avg_yearly": 0,
            "eps_latest_yearly": 0,
            "eps_growth_yearly": 0
        },
        "20154": {
            "year_quarter": 20154,
            "year": 2015,
            "quarter": 4,
            "eps": -0.03,
            "eps_growth_year": null,
            "eps_4q": -0.45,
            "eps_4q_growth_year": null,
            "roe": -0.58,
            "roe_4q": -9.89,
            "gross_profit": 3457,
            "gross_margin": 57.43,
            "gross_margin_4q_avg": 53.4,
            "net_income": -970,
            "net_income_4q": null,
            "revenue": 6020,
            "revenue_4q": null,
            "common_shares": 382919,
            "book_valuer_per_share": 4.36,
            "book_valuer_per_share_4q_avg": 4.49,
            "equity": 167038,
            "current_ratio": 1554.81,
            "debt_ratio": 2.58,
            "inventory_turnover_ratio": 0.43,
            "account_receivable_turnover_ratio": 1.72,
            "reinvestment_rate": null,
            "research_to_sale_ratio": 47.84,
            "price_fair": 0,
            "eps_avg_yearly": 0,
            "eps_latest_yearly": 0,
            "eps_growth_yearly": 0
        },
        "20161": {
            "year_quarter": 20161,
            "year": 2016,
            "quarter": 1,
            "eps": -0.13,
            "eps_growth_year": null,
            "eps_4q": -0.46,
            "eps_4q_growth_year": null,
            "roe": -3,
            "roe_4q": -10.34,
            "gross_profit": 2507,
            "gross_margin": 58.85,
            "gross_margin_4q_avg": 53.92,
            "net_income": -4936,
            "net_income_4q": null,
            "revenue": 4260,
            "revenue_4q": null,
            "common_shares": 382919,
            "book_valuer_per_share": 4.23,
            "book_valuer_per_share_4q_avg": 4.37,
            "equity": 162102,
            "current_ratio": 1702.41,
            "debt_ratio": 2.29,
            "inventory_turnover_ratio": 0.3,
            "account_receivable_turnover_ratio": 1.3,
            "reinvestment_rate": null,
            "research_to_sale_ratio": 60.52,
            "price_fair": 0,
            "eps_avg_yearly": 0,
            "eps_latest_yearly": 0,
            "eps_growth_yearly": 0
        },
        "20162": {
            "year_quarter": 20162,
            "year": 2016,
            "quarter": 2,
            "eps": -0.18,
            "eps_growth_year": null,
            "eps_4q": -0.45,
            "eps_4q_growth_year": null,
            "roe": -4.33,
            "roe_4q": -10.55,
            "gross_profit": 1567,
            "gross_margin": 43.24,
            "gross_margin_4q_avg": 55.16,
            "net_income": -6872,
            "net_income_4q": null,
            "revenue": 3624,
            "revenue_4q": null,
            "common_shares": 382919,
            "book_valuer_per_share": 4.05,
            "book_valuer_per_share_4q_avg": 4.26,
            "equity": 155230,
            "current_ratio": 1515.49,
            "debt_ratio": 2.45,
            "inventory_turnover_ratio": 0.38,
            "account_receivable_turnover_ratio": 1.72,
            "reinvestment_rate": null,
            "research_to_sale_ratio": 61.04,
            "price_fair": 0,
            "eps_avg_yearly": 0,
            "eps_latest_yearly": 0,
            "eps_growth_yearly": 0
        },
        "20163": {
            "year_quarter": 20163,
            "year": 2016,
            "quarter": 3,
            "eps": -0.19,
            "eps_growth_year": null,
            "eps_4q": -0.52,
            "eps_4q_growth_year": null,
            "roe": -4.73,
            "roe_4q": -12.64,
            "gross_profit": 2593,
            "gross_margin": 57.58,
            "gross_margin_4q_avg": 54.28,
            "net_income": -7175,
            "net_income_4q": null,
            "revenue": 4503,
            "revenue_4q": null,
            "common_shares": 382919,
            "book_valuer_per_share": 3.87,
            "book_valuer_per_share_4q_avg": 4.13,
            "equity": 148055,
            "current_ratio": 251.71,
            "debt_ratio": 17.9,
            "inventory_turnover_ratio": 0.37,
            "account_receivable_turnover_ratio": 1.96,
            "reinvestment_rate": null,
            "research_to_sale_ratio": 51.99,
            "price_fair": 0,
            "eps_avg_yearly": 0,
            "eps_latest_yearly": 0,
            "eps_growth_yearly": 0
        },
        "20164": {
            "year_quarter": 20164,
            "year": 2016,
            "quarter": 4,
            "eps": -0.23,
            "eps_growth_year": null,
            "eps_4q": -0.73,
            "eps_4q_growth_year": null,
            "roe": -6.16,
            "roe_4q": -18.22,
            "gross_profit": 2326,
            "gross_margin": 56.06,
            "gross_margin_4q_avg": 53.93,
            "net_income": -8846,
            "net_income_4q": null,
            "revenue": 4149,
            "revenue_4q": null,
            "common_shares": 382919,
            "book_valuer_per_share": 3.63,
            "book_valuer_per_share_4q_avg": 3.95,
            "equity": 138949,
            "current_ratio": 245.97,
            "debt_ratio": 18.23,
            "inventory_turnover_ratio": 0.36,
            "account_receivable_turnover_ratio": 1.84,
            "reinvestment_rate": null,
            "research_to_sale_ratio": 94.34,
            "price_fair": 0,
            "eps_avg_yearly": 0,
            "eps_latest_yearly": 0,
            "eps_growth_yearly": 0
        },
        "20171": {
            "year_quarter": 20171,
            "year": 2017,
            "quarter": 1,
            "eps": -0.13,
            "eps_growth_year": null,
            "eps_4q": -0.72,
            "eps_4q_growth_year": null,
            "roe": -3.54,
            "roe_4q": -18.759999999999998,
            "gross_profit": 2004,
            "gross_margin": 60.4,
            "gross_margin_4q_avg": 54.32,
            "net_income": -4828,
            "net_income_4q": null,
            "revenue": 3318,
            "revenue_4q": null,
            "common_shares": 382919,
            "book_valuer_per_share": 3.5,
            "book_valuer_per_share_4q_avg": 3.76,
            "equity": 134121,
            "current_ratio": 1354.58,
            "debt_ratio": 2.47,
            "inventory_turnover_ratio": 0.25,
            "account_receivable_turnover_ratio": 1.61,
            "reinvestment_rate": null,
            "research_to_sale_ratio": 55.88,
            "price_fair": 0,
            "eps_avg_yearly": 0,
            "eps_latest_yearly": 0,
            "eps_growth_yearly": 0
        },
        "20172": {
            "year_quarter": 20172,
            "year": 2017,
            "quarter": 2,
            "eps": -0.16,
            "eps_growth_year": null,
            "eps_4q": -0.7,
            "eps_4q_growth_year": null,
            "roe": -4.68,
            "roe_4q": -19.11,
            "gross_profit": 2103,
            "gross_margin": 49.8,
            "gross_margin_4q_avg": 55.96,
            "net_income": -6136,
            "net_income_4q": null,
            "revenue": 4223,
            "revenue_4q": null,
            "common_shares": 382919,
            "book_valuer_per_share": 3.34,
            "book_valuer_per_share_4q_avg": 3.59,
            "equity": 127985,
            "current_ratio": 1017.53,
            "debt_ratio": 3.02,
            "inventory_turnover_ratio": 0.4,
            "account_receivable_turnover_ratio": 1.62,
            "reinvestment_rate": null,
            "research_to_sale_ratio": 44.99,
            "price_fair": 0,
            "eps_avg_yearly": 0,
            "eps_latest_yearly": 0,
            "eps_growth_yearly": 0
        },
        "20173": {
            "year_quarter": 20173,
            "year": 2017,
            "quarter": 3,
            "eps": -0.14,
            "eps_growth_year": null,
            "eps_4q": -0.66,
            "eps_4q_growth_year": null,
            "roe": -4.22,
            "roe_4q": -18.599999999999998,
            "gross_profit": 1215,
            "gross_margin": 46.75,
            "gross_margin_4q_avg": 53.25,
            "net_income": -5286,
            "net_income_4q": null,
            "revenue": 2599,
            "revenue_4q": null,
            "common_shares": 382919,
            "book_valuer_per_share": 3.2,
            "book_valuer_per_share_4q_avg": 3.42,
            "equity": 122699,
            "current_ratio": 917.6,
            "debt_ratio": 3.25,
            "inventory_turnover_ratio": 0.28,
            "account_receivable_turnover_ratio": 0.94,
            "reinvestment_rate": null,
            "research_to_sale_ratio": 77.65,
            "price_fair": 0,
            "eps_avg_yearly": 0,
            "eps_latest_yearly": 0,
            "eps_growth_yearly": 0
        },
        "20174": {
            "year_quarter": 20174,
            "year": 2017,
            "quarter": 4,
            "eps": -0.13,
            "eps_growth_year": null,
            "eps_4q": -0.56,
            "eps_4q_growth_year": null,
            "roe": -4.26,
            "roe_4q": -16.7,
            "gross_profit": 668,
            "gross_margin": 31.86,
            "gross_margin_4q_avg": 47.2,
            "net_income": -5115,
            "net_income_4q": null,
            "revenue": 2097,
            "revenue_4q": null,
            "common_shares": 382919,
            "book_valuer_per_share": 3.07,
            "book_valuer_per_share_4q_avg": 3.28,
            "equity": 117584,
            "current_ratio": 973.48,
            "debt_ratio": 3.12,
            "inventory_turnover_ratio": 0.31,
            "account_receivable_turnover_ratio": 1.05,
            "reinvestment_rate": null,
            "research_to_sale_ratio": 80.31,
            "price_fair": 0,
            "eps_avg_yearly": 0,
            "eps_latest_yearly": 0,
            "eps_growth_yearly": 0
        },
        "20181": {
            "year_quarter": 20181,
            "year": 2018,
            "quarter": 1,
            "eps": -0.13,
            "eps_growth_year": null,
            "eps_4q": -0.45,
            "eps_4q_growth_year": null,
            "roe": -3.37,
            "roe_4q": -16.53,
            "gross_profit": 1334,
            "gross_margin": 43.54,
            "gross_margin_4q_avg": 42.99,
            "net_income": -5058,
            "net_income_4q": null,
            "revenue": 3064,
            "revenue_4q": null,
            "common_shares": 482919,
            "book_valuer_per_share": 3.78,
            "book_valuer_per_share_4q_avg": 3.35,
            "equity": 182526,
            "current_ratio": 3198.32,
            "debt_ratio": 1.96,
            "inventory_turnover_ratio": 0.39,
            "account_receivable_turnover_ratio": 2.2,
            "reinvestment_rate": null,
            "research_to_sale_ratio": 61.16,
            "price_fair": 0,
            "eps_avg_yearly": 0,
            "eps_latest_yearly": 0,
            "eps_growth_yearly": 0
        },
        "20182": {
            "year_quarter": 20182,
            "year": 2018,
            "quarter": 2,
            "eps": -0.13,
            "eps_growth_year": null,
            "eps_4q": -0.45,
            "eps_4q_growth_year": null,
            "roe": -3.6,
            "roe_4q": -15.45,
            "gross_profit": 3960,
            "gross_margin": 39.94,
            "gross_margin_4q_avg": 40.52,
            "net_income": -6537,
            "net_income_4q": null,
            "revenue": 9916,
            "revenue_4q": null,
            "common_shares": 482919,
            "book_valuer_per_share": 3.65,
            "book_valuer_per_share_4q_avg": 3.43,
            "equity": 180553,
            "current_ratio": 193.43,
            "debt_ratio": 35.21,
            "inventory_turnover_ratio": 0.2,
            "account_receivable_turnover_ratio": 0.48,
            "reinvestment_rate": null,
            "research_to_sale_ratio": 19.98,
            "price_fair": 0,
            "eps_avg_yearly": 0,
            "eps_latest_yearly": 0,
            "eps_growth_yearly": 0
        },
        "20183": {
            "year_quarter": 20183,
            "year": 2018,
            "quarter": 3,
            "eps": -0.12,
            "eps_growth_year": null,
            "eps_4q": -0.46,
            "eps_4q_growth_year": null,
            "roe": -3.27,
            "roe_4q": -14.5,
            "gross_profit": 10115,
            "gross_margin": 37.54,
            "gross_margin_4q_avg": 38.22,
            "net_income": -5730,
            "net_income_4q": null,
            "revenue": 26945,
            "revenue_4q": null,
            "common_shares": 482919,
            "book_valuer_per_share": 3.52,
            "book_valuer_per_share_4q_avg": 3.51,
            "equity": 169810,
            "current_ratio": 194.41,
            "debt_ratio": 34.02,
            "inventory_turnover_ratio": 0.3,
            "account_receivable_turnover_ratio": 0.69,
            "reinvestment_rate": null,
            "research_to_sale_ratio": 9.33,
            "price_fair": 0,
            "eps_avg_yearly": 0,
            "eps_latest_yearly": 0,
            "eps_growth_yearly": 0
        },
        "20184": {
            "year_quarter": 20184,
            "year": 2018,
            "quarter": 4,
            "eps": -0.16,
            "eps_growth_year": null,
            "eps_4q": -0.52,
            "eps_4q_growth_year": null,
            "roe": -4.76,
            "roe_4q": -15,
            "gross_profit": -195,
            "gross_margin": -0.89,
            "gross_margin_4q_avg": 30.03,
            "net_income": -7894,
            "net_income_4q": null,
            "revenue": 21867,
            "revenue_4q": null,
            "common_shares": 482919,
            "book_valuer_per_share": 3.35,
            "book_valuer_per_share_4q_avg": 3.58,
            "equity": 161928,
            "current_ratio": 192.17,
            "debt_ratio": 34.53,
            "inventory_turnover_ratio": 0.39,
            "account_receivable_turnover_ratio": 0.55,
            "reinvestment_rate": null,
            "research_to_sale_ratio": 9.52,
            "price_fair": 0,
            "eps_avg_yearly": 0,
            "eps_latest_yearly": 0,
            "eps_growth_yearly": 0
        },
        "20191": {
            "year_quarter": 20191,
            "year": 2019,
            "quarter": 1,
            "eps": -0.07,
            "eps_growth_year": null,
            "eps_4q": -0.49,
            "eps_4q_growth_year": null,
            "roe": -2.18,
            "roe_4q": -13.809999999999999,
            "gross_profit": 12043,
            "gross_margin": 42.78,
            "gross_margin_4q_avg": 29.84,
            "net_income": -3493,
            "net_income_4q": null,
            "revenue": 28150,
            "revenue_4q": null,
            "common_shares": 482919,
            "book_valuer_per_share": 3.28,
            "book_valuer_per_share_4q_avg": 3.45,
            "equity": 158435,
            "current_ratio": 191.73,
            "debt_ratio": 34.36,
            "inventory_turnover_ratio": 0.3,
            "account_receivable_turnover_ratio": 0.67,
            "reinvestment_rate": null,
            "research_to_sale_ratio": 6.68,
            "price_fair": 0,
            "eps_avg_yearly": 0,
            "eps_latest_yearly": 0,
            "eps_growth_yearly": 0
        },
        "20192": {
            "year_quarter": 20192,
            "year": 2019,
            "quarter": 2,
            "eps": -0.07,
            "eps_growth_year": null,
            "eps_4q": -0.43,
            "eps_4q_growth_year": null,
            "roe": -2.2,
            "roe_4q": -12.41,
            "gross_profit": 9449,
            "gross_margin": 40.22,
            "gross_margin_4q_avg": 29.91,
            "net_income": -3443,
            "net_income_4q": null,
            "revenue": 23495,
            "revenue_4q": null,
            "common_shares": 482919,
            "book_valuer_per_share": 3.21,
            "book_valuer_per_share_4q_avg": 3.34,
            "equity": 154992,
            "current_ratio": 166.06,
            "debt_ratio": 40.94,
            "inventory_turnover_ratio": 0.26,
            "account_receivable_turnover_ratio": 0.58,
            "reinvestment_rate": null,
            "research_to_sale_ratio": 9.38,
            "price_fair": 0,
            "eps_avg_yearly": 0,
            "eps_latest_yearly": 0,
            "eps_growth_yearly": 0
        },
        "20193": {
            "year_quarter": 20193,
            "year": 2019,
            "quarter": 3,
            "eps": 0.05,
            "eps_growth_year": null,
            "eps_4q": -0.25,
            "eps_4q_growth_year": null,
            "roe": 1.67,
            "roe_4q": -7.470000000000001,
            "gross_profit": 10649,
            "gross_margin": 40.98,
            "gross_margin_4q_avg": 30.77,
            "net_income": 2608,
            "net_income_4q": null,
            "revenue": 25984,
            "revenue_4q": null,
            "common_shares": 482919,
            "book_valuer_per_share": 3.26,
            "book_valuer_per_share_4q_avg": 3.28,
            "equity": 157600,
            "current_ratio": 173.7,
            "debt_ratio": 39.05,
            "inventory_turnover_ratio": 0.25,
            "account_receivable_turnover_ratio": 0.7,
            "reinvestment_rate": null,
            "research_to_sale_ratio": 5.92,
            "price_fair": 0,
            "eps_avg_yearly": 0,
            "eps_latest_yearly": 0,
            "eps_growth_yearly": 0
        },
        "20194": {
            "year_quarter": 20194,
            "year": 2019,
            "quarter": 4,
            "eps": -0.16,
            "eps_growth_year": null,
            "eps_4q": -0.25,
            "eps_4q_growth_year": null,
            "roe": -4.9,
            "roe_4q": -7.610000000000001,
            "gross_profit": 9518,
            "gross_margin": 35.44,
            "gross_margin_4q_avg": 39.86,
            "net_income": -7537,
            "net_income_4q": null,
            "revenue": 26860,
            "revenue_4q": null,
            "common_shares": 482919,
            "book_valuer_per_share": 3.11,
            "book_valuer_per_share_4q_avg": 3.22,
            "equity": 150063,
            "current_ratio": 161.71,
            "debt_ratio": 41.95,
            "inventory_turnover_ratio": 0.25,
            "account_receivable_turnover_ratio": 0.79,
            "reinvestment_rate": null,
            "research_to_sale_ratio": 5.11,
            "price_fair": 0,
            "eps_avg_yearly": 0,
            "eps_latest_yearly": 0,
            "eps_growth_yearly": 0
        },
        "20201": {
            "year_quarter": 20201,
            "year": 2020,
            "quarter": 1,
            "eps": -0.2,
            "eps_growth_year": null,
            "eps_4q": -0.37,
            "eps_4q_growth_year": null,
            "roe": -6.6,
            "roe_4q": -12.030000000000001,
            "gross_profit": 2420,
            "gross_margin": 11.46,
            "gross_margin_4q_avg": 32.03,
            "net_income": -9587,
            "net_income_4q": null,
            "revenue": 21109,
            "revenue_4q": null,
            "common_shares": 482919,
            "book_valuer_per_share": 2.91,
            "book_valuer_per_share_4q_avg": 3.12,
            "equity": 140476,
            "current_ratio": 149.89,
            "debt_ratio": 45.5,
            "inventory_turnover_ratio": 0.23,
            "account_receivable_turnover_ratio": 0.75,
            "reinvestment_rate": null,
            "research_to_sale_ratio": 6.84,
            "price_fair": 0,
            "eps_avg_yearly": 0,
            "eps_latest_yearly": 0,
            "eps_growth_yearly": 0
        },
        "20202": {
            "year_quarter": 20202,
            "year": 2020,
            "quarter": 2,
            "eps": -0.12,
            "eps_growth_year": null,
            "eps_4q": -0.42,
            "eps_4q_growth_year": null,
            "roe": -4.13,
            "roe_4q": -13.96,
            "gross_profit": 6124,
            "gross_margin": 27.04,
            "gross_margin_4q_avg": 28.73,
            "net_income": -5682,
            "net_income_4q": null,
            "revenue": 22644,
            "revenue_4q": null,
            "common_shares": 482919,
            "book_valuer_per_share": 2.79,
            "book_valuer_per_share_4q_avg": 3.02,
            "equity": 134794,
            "current_ratio": 141.26,
            "debt_ratio": 49.32,
            "inventory_turnover_ratio": 0.18,
            "account_receivable_turnover_ratio": 0.89,
            "reinvestment_rate": null,
            "research_to_sale_ratio": 6.76,
            "price_fair": 0,
            "eps_avg_yearly": 0,
            "eps_latest_yearly": 0,
            "eps_growth_yearly": 0
        },
        "20203": {
            "year_quarter": 20203,
            "year": 2020,
            "quarter": 3,
            "eps": -0.09,
            "eps_growth_year": -280,
            "eps_4q": -0.57,
            "eps_4q_growth_year": null,
            "roe": -3.55,
            "roe_4q": -19.18,
            "gross_profit": 7793,
            "gross_margin": 30.14,
            "gross_margin_4q_avg": 26.02,
            "net_income": -4701,
            "net_income_4q": null,
            "revenue": 25857,
            "revenue_4q": null,
            "common_shares": 482919,
            "book_valuer_per_share": 2.69,
            "book_valuer_per_share_4q_avg": 2.88,
            "equity": 130093,
            "current_ratio": 134.33,
            "debt_ratio": 53.14,
            "inventory_turnover_ratio": 0.18,
            "account_receivable_turnover_ratio": 0.97,
            "reinvestment_rate": null,
            "research_to_sale_ratio": 5.05,
            "price_fair": 0,
            "eps_avg_yearly": 0,
            "eps_latest_yearly": 0,
            "eps_growth_yearly": 0
        },
        "20204": {
            "year_quarter": 20204,
            "year": 2020,
            "quarter": 4,
            "eps": -0.15,
            "eps_growth_year": null,
            "eps_4q": -0.56,
            "eps_4q_growth_year": null,
            "roe": -6.61,
            "roe_4q": -20.89,
            "gross_profit": 2687,
            "gross_margin": 11.32,
            "gross_margin_4q_avg": 19.99,
            "net_income": -8959,
            "net_income_4q": null,
            "revenue": 23735,
            "revenue_4q": null,
            "common_shares": 482919,
            "book_valuer_per_share": 2.68,
            "book_valuer_per_share_4q_avg": 2.77,
            "equity": 141134,
            "current_ratio": 143.78,
            "debt_ratio": 50.57,
            "inventory_turnover_ratio": 0.19,
            "account_receivable_turnover_ratio": 0.85,
            "reinvestment_rate": null,
            "research_to_sale_ratio": 5.46,
            "price_fair": 0,
            "eps_avg_yearly": 0,
            "eps_latest_yearly": 0,
            "eps_growth_yearly": 0
        },
        "20211": {
            "year_quarter": 20211,
            "year": 2021,
            "quarter": 1,
            "eps": -0.05,
            "eps_growth_year": null,
            "eps_4q": -0.41,
            "eps_4q_growth_year": null,
            "roe": -2.13,
            "roe_4q": -16.419999999999998,
            "gross_profit": 7749,
            "gross_margin": 31.01,
            "gross_margin_4q_avg": 24.88,
            "net_income": -2973,
            "net_income_4q": null,
            "revenue": 24988,
            "revenue_4q": null,
            "common_shares": 482919,
            "book_valuer_per_share": 2.62,
            "book_valuer_per_share_4q_avg": 2.7,
            "equity": 138161,
            "current_ratio": 147.23,
            "debt_ratio": 54.04,
            "inventory_turnover_ratio": 0.16,
            "account_receivable_turnover_ratio": 0.87,
            "reinvestment_rate": null,
            "research_to_sale_ratio": 5.14,
            "price_fair": 0,
            "eps_avg_yearly": 0,
            "eps_latest_yearly": 0,
            "eps_growth_yearly": 0
        },
        "20212": {
            "year_quarter": 20212,
            "year": 2021,
            "quarter": 2,
            "eps": -0.08,
            "eps_growth_year": null,
            "eps_4q": -0.37,
            "eps_4q_growth_year": null,
            "roe": -3.52,
            "roe_4q": -15.810000000000002,
            "gross_profit": 6086,
            "gross_margin": 31.56,
            "gross_margin_4q_avg": 26.01,
            "net_income": -4774,
            "net_income_4q": null,
            "revenue": 19282,
            "revenue_4q": null,
            "common_shares": 482919,
            "book_valuer_per_share": 2.55,
            "book_valuer_per_share_4q_avg": 2.64,
            "equity": 133387,
            "current_ratio": 145.2,
            "debt_ratio": 54.59,
            "inventory_turnover_ratio": 0.13,
            "account_receivable_turnover_ratio": 0.72,
            "reinvestment_rate": null,
            "research_to_sale_ratio": 7.97,
            "price_fair": 0,
            "eps_avg_yearly": 0,
            "eps_latest_yearly": 0,
            "eps_growth_yearly": 0
        },
        "20213": {
            "year_quarter": 20213,
            "year": 2021,
            "quarter": 3,
            "eps": -0.09,
            "eps_growth_year": null,
            "eps_4q": -0.37,
            "eps_4q_growth_year": null,
            "roe": -5.12,
            "roe_4q": -17.38,
            "gross_profit": 3762,
            "gross_margin": 20.45,
            "gross_margin_4q_avg": 23.59,
            "net_income": -6657,
            "net_income_4q": null,
            "revenue": 18395,
            "revenue_4q": null,
            "common_shares": 482919,
            "book_valuer_per_share": 2.46,
            "book_valuer_per_share_4q_avg": 2.58,
            "equity": 126730,
            "current_ratio": 140.06,
            "debt_ratio": 55.87,
            "inventory_turnover_ratio": 0.14,
            "account_receivable_turnover_ratio": 0.77,
            "reinvestment_rate": null,
            "research_to_sale_ratio": 7.9,
            "price_fair": 0,
            "eps_avg_yearly": 0,
            "eps_latest_yearly": 0,
            "eps_growth_yearly": 0
        },
        "20214": {
            "year_quarter": 20214,
            "year": 2021,
            "quarter": 4,
            "eps": -0.35,
            "eps_growth_year": null,
            "eps_4q": -0.91,
            "eps_4q_growth_year": null,
            "roe": -7.68,
            "roe_4q": -18.45,
            "gross_profit": 1803,
            "gross_margin": 6.87,
            "gross_margin_4q_avg": 22.47,
            "net_income": -9373,
            "net_income_4q": null,
            "revenue": 26261,
            "revenue_4q": null,
            "common_shares": 190000,
            "book_valuer_per_share": 5.9,
            "book_valuer_per_share_4q_avg": 3.38,
            "equity": 117357,
            "current_ratio": 132.12,
            "debt_ratio": 58.38,
            "inventory_turnover_ratio": 0.25,
            "account_receivable_turnover_ratio": 0.93,
            "reinvestment_rate": null,
            "research_to_sale_ratio": 5.18,
            "price_fair": 0,
            "eps_avg_yearly": 0,
            "eps_latest_yearly": 0,
            "eps_growth_yearly": 0
        },
        "20221": {
            "year_quarter": 20221,
            "year": 2022,
            "quarter": 1,
            "eps": -0.21,
            "eps_growth_year": null,
            "eps_4q": -0.98,
            "eps_4q_growth_year": null,
            "roe": -4.35,
            "roe_4q": -20.669999999999998,
            "gross_profit": 7304,
            "gross_margin": 25.34,
            "gross_margin_4q_avg": 21.06,
            "net_income": -4998,
            "net_income_4q": null,
            "revenue": 28819,
            "revenue_4q": null,
            "common_shares": 190000,
            "book_valuer_per_share": 5.69,
            "book_valuer_per_share_4q_avg": 4.15,
            "equity": 112359,
            "current_ratio": 128.25,
            "debt_ratio": 59.93,
            "inventory_turnover_ratio": 0.24,
            "account_receivable_turnover_ratio": 0.75,
            "reinvestment_rate": null,
            "research_to_sale_ratio": 5.24,
            "price_fair": 0,
            "eps_avg_yearly": 0,
            "eps_latest_yearly": 0,
            "eps_growth_yearly": 0
        },
        "20222": {
            "year_quarter": 20222,
            "year": 2022,
            "quarter": 2,
            "eps": -0.52,
            "eps_growth_year": null,
            "eps_4q": -1.31,
            "eps_4q_growth_year": null,
            "roe": -14.11,
            "roe_4q": -31.26,
            "gross_profit": -3063,
            "gross_margin": -26.61,
            "gross_margin_4q_avg": 6.51,
            "net_income": -14812,
            "net_income_4q": null,
            "revenue": 11509,
            "revenue_4q": null,
            "common_shares": 190000,
            "book_valuer_per_share": 5.17,
            "book_valuer_per_share_4q_avg": 4.81,
            "equity": 97547,
            "current_ratio": 118.46,
            "debt_ratio": 63.18,
            "inventory_turnover_ratio": 0.18,
            "account_receivable_turnover_ratio": 0.29,
            "reinvestment_rate": null,
            "research_to_sale_ratio": 14.01,
            "price_fair": 0,
            "eps_avg_yearly": 0,
            "eps_latest_yearly": 0,
            "eps_growth_yearly": 0
        },
        "20223": {
            "year_quarter": 20223,
            "year": 2022,
            "quarter": 3,
            "eps": -0.44,
            "eps_growth_year": null,
            "eps_4q": -1.51,
            "eps_4q_growth_year": null,
            "roe": -12.7,
            "roe_4q": -38.839999999999996,
            "gross_profit": 720,
            "gross_margin": 3.42,
            "gross_margin_4q_avg": 2.26,
            "net_income": -11646,
            "net_income_4q": null,
            "revenue": 21062,
            "revenue_4q": null,
            "common_shares": 190000,
            "book_valuer_per_share": 4.73,
            "book_valuer_per_share_4q_avg": 5.37,
            "equity": 85901,
            "current_ratio": 97.37,
            "debt_ratio": 65.86,
            "inventory_turnover_ratio": 0.27,
            "account_receivable_turnover_ratio": 0.58,
            "reinvestment_rate": null,
            "research_to_sale_ratio": 7.4,
            "price_fair": 0,
            "eps_avg_yearly": 0,
            "eps_latest_yearly": 0,
            "eps_growth_yearly": 0
        },
        "20224": {
            "year_quarter": 20224,
            "year": 2022,
            "quarter": 4,
            "eps": -0.32,
            "eps_growth_year": null,
            "eps_4q": -1.48,
            "eps_4q_growth_year": null,
            "roe": -8.42,
            "roe_4q": -39.58,
            "gross_profit": 6718,
            "gross_margin": 24.36,
            "gross_margin_4q_avg": 6.63,
            "net_income": -7023,
            "net_income_4q": null,
            "revenue": 27578,
            "revenue_4q": null,
            "common_shares": 190000,
            "book_valuer_per_share": 4,
            "book_valuer_per_share_4q_avg": 4.9,
            "equity": 80972,
            "current_ratio": 99.95,
            "debt_ratio": 69.65,
            "inventory_turnover_ratio": 0.32,
            "account_receivable_turnover_ratio": 0.7,
            "reinvestment_rate": null,
            "research_to_sale_ratio": 8.59,
            "price_fair": 0,
            "eps_avg_yearly": 0,
            "eps_latest_yearly": 0,
            "eps_growth_yearly": 0
        },
        "20231": {
            "year_quarter": 20231,
            "year": 2023,
            "quarter": 1,
            "eps": -0.45,
            "eps_growth_year": null,
            "eps_4q": -0.87,
            "eps_4q_growth_year": null,
            "roe": -4.95,
            "roe_4q": -40.18,
            "gross_profit": 2746,
            "gross_margin": 13.92,
            "gross_margin_4q_avg": 3.77,
            "net_income": -12029,
            "net_income_4q": null,
            "revenue": 19726,
            "revenue_4q": null,
            "common_shares": 390000,
            "book_valuer_per_share": 10.32,
            "book_valuer_per_share_4q_avg": 6.06,
            "equity": 404943,
            "current_ratio": 367.37,
            "debt_ratio": 27.48,
            "inventory_turnover_ratio": 0.28,
            "account_receivable_turnover_ratio": 0.48,
            "reinvestment_rate": null,
            "research_to_sale_ratio": 20.23,
            "price_fair": 0,
            "eps_avg_yearly": 0,
            "eps_latest_yearly": 0,
            "eps_growth_yearly": 0
        },
        "20232": {
            "year_quarter": 20232,
            "year": 2023,
            "quarter": 2,
            "eps": -0.39,
            "eps_growth_year": null,
            "eps_4q": -1,
            "eps_4q_growth_year": null,
            "roe": -5.1,
            "roe_4q": -31.169999999999998,
            "gross_profit": -3410,
            "gross_margin": -26.93,
            "gross_margin_4q_avg": 3.69,
            "net_income": -20124,
            "net_income_4q": null,
            "revenue": 12661,
            "revenue_4q": null,
            "common_shares": 390000,
            "book_valuer_per_share": 9.93,
            "book_valuer_per_share_4q_avg": 7.25,
            "equity": 384819,
            "current_ratio": 329.07,
            "debt_ratio": 29.71,
            "inventory_turnover_ratio": 0.26,
            "account_receivable_turnover_ratio": 0.31,
            "reinvestment_rate": null,
            "research_to_sale_ratio": 40.64,
            "price_fair": 0,
            "eps_avg_yearly": 0,
            "eps_latest_yearly": 0,
            "eps_growth_yearly": 0
        },
        "20233": {
            "year_quarter": 20233,
            "year": 2023,
            "quarter": 3,
            "eps": -0.5,
            "eps_growth_year": null,
            "eps_4q": -1.29,
            "eps_4q_growth_year": null,
            "roe": -6.14,
            "roe_4q": -24.61,
            "gross_profit": -1500,
            "gross_margin": -10.72,
            "gross_margin_4q_avg": 0.16,
            "net_income": -23410,
            "net_income_4q": null,
            "revenue": 13999,
            "revenue_4q": null,
            "common_shares": 390000,
            "book_valuer_per_share": 9.43,
            "book_valuer_per_share_4q_avg": 8.42,
            "equity": 377409,
            "current_ratio": 298.16,
            "debt_ratio": 31.95,
            "inventory_turnover_ratio": 0.22,
            "account_receivable_turnover_ratio": 0.33,
            "reinvestment_rate": null,
            "research_to_sale_ratio": 70.66,
            "price_fair": 0,
            "eps_avg_yearly": 0,
            "eps_latest_yearly": 0,
            "eps_growth_yearly": 0
        }
    },
    "months": {
        "2003-10": {
            "month": "2003-10",
            "price": "12.77",
            "revenue": 3913
        },
        "2003-11": {
            "month": "2003-11",
            "price": "13.57",
            "revenue": 4574
        },
        "2003-12": {
            "month": "2003-12",
            "price": "17.70",
            "revenue": 4404
        },
        "2004-01": {
            "month": "2004-01",
            "price": "17.22",
            "revenue": 1306
        },
        "2004-02": {
            "month": "2004-02",
            "price": "18.47",
            "revenue": 3767
        },
        "2004-03": {
            "month": "2004-03",
            "price": "20.78",
            "revenue": 7790
        },
        "2004-04": {
            "month": "2004-04",
            "price": "21.82",
            "revenue": 10269
        },
        "2004-05": {
            "month": "2004-05",
            "price": "17.71",
            "revenue": 6484
        },
        "2004-06": {
            "month": "2004-06",
            "price": "14.56",
            "revenue": 8824
        },
        "2004-07": {
            "month": "2004-07",
            "price": "14.81",
            "revenue": 10540
        },
        "2004-08": {
            "month": "2004-08",
            "price": "13.96",
            "revenue": -14957
        },
        "2004-09": {
            "month": "2004-09",
            "price": "9.18",
            "revenue": 2407
        },
        "2004-10": {
            "month": "2004-10",
            "price": "7.85",
            "revenue": 2204
        },
        "2004-11": {
            "month": "2004-11",
            "price": "7.91",
            "revenue": 1068
        },
        "2004-12": {
            "month": "2004-12",
            "price": "8.17",
            "revenue": 774
        },
        "2005-01": {
            "month": "2005-01",
            "price": "7.99",
            "revenue": 2016
        },
        "2005-02": {
            "month": "2005-02",
            "price": "10.49",
            "revenue": 1746
        },
        "2005-03": {
            "month": "2005-03",
            "price": "9.86",
            "revenue": 988
        },
        "2005-04": {
            "month": "2005-04",
            "price": "8.51",
            "revenue": 830
        },
        "2005-05": {
            "month": "2005-05",
            "price": "7.04",
            "revenue": 1116
        },
        "2005-06": {
            "month": "2005-06",
            "price": "6.40",
            "revenue": 517
        },
        "2005-07": {
            "month": "2005-07",
            "price": "6.23",
            "revenue": 655
        },
        "2005-08": {
            "month": "2005-08",
            "price": "6.18",
            "revenue": 616
        },
        "2005-09": {
            "month": "2005-09",
            "price": "3.79",
            "revenue": 1470
        },
        "2005-10": {
            "month": "2005-10",
            "price": "3.24",
            "revenue": 1439
        },
        "2005-11": {
            "month": "2005-11",
            "price": "3.23",
            "revenue": 264
        },
        "2005-12": {
            "month": "2005-12",
            "price": "2.93",
            "revenue": 706
        },
        "2006-01": {
            "month": "2006-01",
            "price": "3.91",
            "revenue": 615
        },
        "2006-02": {
            "month": "2006-02",
            "price": "5.00",
            "revenue": 641
        },
        "2006-03": {
            "month": "2006-03",
            "price": "4.51",
            "revenue": 705
        },
        "2006-04": {
            "month": "2006-04",
            "price": "7.25",
            "revenue": 991
        },
        "2006-05": {
            "month": "2006-05",
            "price": "6.54",
            "revenue": 1003
        },
        "2006-06": {
            "month": "2006-06",
            "price": "6.68",
            "revenue": 828
        },
        "2006-07": {
            "month": "2006-07",
            "price": "7.20",
            "revenue": 1459
        },
        "2006-08": {
            "month": "2006-08",
            "price": "6.46",
            "revenue": 1613
        },
        "2006-09": {
            "month": "2006-09",
            "price": "5.93",
            "revenue": 1624
        },
        "2006-10": {
            "month": "2006-10",
            "price": "8.02",
            "revenue": 1747
        },
        "2006-11": {
            "month": "2006-11",
            "price": "11.22",
            "revenue": 2005
        },
        "2006-12": {
            "month": "2006-12",
            "price": "13.20",
            "revenue": 2087
        },
        "2007-01": {
            "month": "2007-01",
            "price": "15.77",
            "revenue": 2123
        },
        "2007-02": {
            "month": "2007-02",
            "price": "17.75",
            "revenue": 1775
        },
        "2007-03": {
            "month": "2007-03",
            "price": "23.28",
            "revenue": 2338
        },
        "2007-04": {
            "month": "2007-04",
            "price": "26.08",
            "revenue": 2451
        },
        "2007-05": {
            "month": "2007-05",
            "price": "43.85",
            "revenue": 2748
        },
        "2007-06": {
            "month": "2007-06",
            "price": "72.79",
            "revenue": 2886
        },
        "2007-07": {
            "month": "2007-07",
            "price": "83.35",
            "revenue": 3603
        },
        "2007-08": {
            "month": "2007-08",
            "price": "68.10",
            "revenue": 4024
        },
        "2007-09": {
            "month": "2007-09",
            "price": "66.77",
            "revenue": 4251
        },
        "2007-10": {
            "month": "2007-10",
            "price": "60.95",
            "revenue": 4364
        },
        "2007-11": {
            "month": "2007-11",
            "price": "64.15",
            "revenue": 4737
        },
        "2007-12": {
            "month": "2007-12",
            "price": "58.39",
            "revenue": 5004
        },
        "2008-01": {
            "month": "2008-01",
            "price": "62.74",
            "revenue": 4641
        },
        "2008-02": {
            "month": "2008-02",
            "price": "50.86",
            "revenue": 4511
        },
        "2008-03": {
            "month": "2008-03",
            "price": "54.23",
            "revenue": 5311
        },
        "2008-04": {
            "month": "2008-04",
            "price": "59.78",
            "revenue": 5017
        },
        "2008-05": {
            "month": "2008-05",
            "price": "53.67",
            "revenue": 5068
        },
        "2008-06": {
            "month": "2008-06",
            "price": "42.86",
            "revenue": 5545
        },
        "2008-07": {
            "month": "2008-07",
            "price": "36.25",
            "revenue": 5390
        },
        "2008-08": {
            "month": "2008-08",
            "price": "36.13",
            "revenue": 6046
        },
        "2008-09": {
            "month": "2008-09",
            "price": "32.75",
            "revenue": 6079
        },
        "2008-10": {
            "month": "2008-10",
            "price": "23.20",
            "revenue": 5513
        },
        "2008-11": {
            "month": "2008-11",
            "price": "22.59",
            "revenue": 5026
        },
        "2008-12": {
            "month": "2008-12",
            "price": "20.59",
            "revenue": 2210
        },
        "2009-01": {
            "month": "2009-01",
            "price": "20.95",
            "revenue": 3595
        },
        "2009-02": {
            "month": "2009-02",
            "price": "27.00",
            "revenue": 2254
        },
        "2009-03": {
            "month": "2009-03",
            "price": "39.27",
            "revenue": 3033
        },
        "2009-04": {
            "month": "2009-04",
            "price": "39.47",
            "revenue": 1867
        },
        "2009-05": {
            "month": "2009-05",
            "price": "39.32",
            "revenue": 2356
        },
        "2009-06": {
            "month": "2009-06",
            "price": "33.93",
            "revenue": 2758
        },
        "2009-07": {
            "month": "2009-07",
            "price": "35.88",
            "revenue": 3412
        },
        "2009-08": {
            "month": "2009-08",
            "price": "37.64",
            "revenue": 4137
        },
        "2009-09": {
            "month": "2009-09",
            "price": "39.06",
            "revenue": 4683
        },
        "2009-10": {
            "month": "2009-10",
            "price": "40.03",
            "revenue": 5169
        },
        "2009-11": {
            "month": "2009-11",
            "price": "36.95",
            "revenue": 5324
        },
        "2009-12": {
            "month": "2009-12",
            "price": "38.82",
            "revenue": 4085
        },
        "2010-01": {
            "month": "2010-01",
            "price": "39.51",
            "revenue": 3313
        },
        "2010-02": {
            "month": "2010-02",
            "price": "37.42",
            "revenue": 1661
        },
        "2010-03": {
            "month": "2010-03",
            "price": "53.09",
            "revenue": 2679
        },
        "2010-04": {
            "month": "2010-04",
            "price": "53.18",
            "revenue": 2848
        },
        "2010-05": {
            "month": "2010-05",
            "price": "44.84",
            "revenue": 2639
        },
        "2010-06": {
            "month": "2010-06",
            "price": "43.35",
            "revenue": 3012
        },
        "2010-07": {
            "month": "2010-07",
            "price": "41.59",
            "revenue": 3579
        },
        "2010-08": {
            "month": "2010-08",
            "price": "42.14",
            "revenue": 3599
        },
        "2010-09": {
            "month": "2010-09",
            "price": "39.35",
            "revenue": 3768
        },
        "2010-10": {
            "month": "2010-10",
            "price": "36.75",
            "revenue": 4111
        },
        "2010-11": {
            "month": "2010-11",
            "price": "30.09",
            "revenue": 4015
        },
        "2010-12": {
            "month": "2010-12",
            "price": "30.73",
            "revenue": 2512
        },
        "2011-01": {
            "month": "2011-01",
            "price": "29.03",
            "revenue": 3512
        },
        "2011-02": {
            "month": "2011-02",
            "price": "27.73",
            "revenue": 2011
        },
        "2011-03": {
            "month": "2011-03",
            "price": "28.19",
            "revenue": 3378
        },
        "2011-04": {
            "month": "2011-04",
            "price": "31.67",
            "revenue": 2513
        },
        "2011-05": {
            "month": "2011-05",
            "price": "28.41",
            "revenue": 3775
        },
        "2011-06": {
            "month": "2011-06",
            "price": "25.39",
            "revenue": 4519
        },
        "2011-07": {
            "month": "2011-07",
            "price": "23.38",
            "revenue": 4555
        },
        "2011-08": {
            "month": "2011-08",
            "price": "18.17",
            "revenue": 3620
        },
        "2011-09": {
            "month": "2011-09",
            "price": "14.23",
            "revenue": 2119
        },
        "2011-10": {
            "month": "2011-10",
            "price": "13.90",
            "revenue": 3040
        },
        "2011-11": {
            "month": "2011-11",
            "price": "14.43",
            "revenue": 2099
        },
        "2011-12": {
            "month": "2011-12",
            "price": "12.68",
            "revenue": 2616
        },
        "2012-01": {
            "month": "2012-01",
            "price": "12.41",
            "revenue": 2659
        },
        "2012-02": {
            "month": "2012-02",
            "price": "16.36",
            "revenue": 778
        },
        "2012-03": {
            "month": "2012-03",
            "price": "15.91",
            "revenue": 3931
        },
        "2012-04": {
            "month": "2012-04",
            "price": "12.52",
            "revenue": 2054
        },
        "2012-05": {
            "month": "2012-05",
            "price": "11.76",
            "revenue": 1786
        },
        "2012-06": {
            "month": "2012-06",
            "price": "11.39",
            "revenue": 2295
        },
        "2012-07": {
            "month": "2012-07",
            "price": "13.10",
            "revenue": 1661
        },
        "2012-08": {
            "month": "2012-08",
            "price": "12.50",
            "revenue": 2161
        },
        "2012-09": {
            "month": "2012-09",
            "price": "12.71",
            "revenue": 5734
        },
        "2012-10": {
            "month": "2012-10",
            "price": "15.99",
            "revenue": 6505
        },
        "2012-11": {
            "month": "2012-11",
            "price": "16.07",
            "revenue": 7436
        },
        "2012-12": {
            "month": "2012-12",
            "price": "22.16",
            "revenue": 4013
        },
        "2013-01": {
            "month": "2013-01",
            "price": "23.29",
            "revenue": 6829
        },
        "2013-02": {
            "month": "2013-02",
            "price": "24.89",
            "revenue": 7604
        },
        "2013-03": {
            "month": "2013-03",
            "price": "26.73",
            "revenue": 7081
        },
        "2013-04": {
            "month": "2013-04",
            "price": "23.54",
            "revenue": 7069
        },
        "2013-05": {
            "month": "2013-05",
            "price": "22.76",
            "revenue": 7088
        },
        "2013-06": {
            "month": "2013-06",
            "price": "21.76",
            "revenue": 15222
        },
        "2013-07": {
            "month": "2013-07",
            "price": "20.90",
            "revenue": 707
        },
        "2013-08": {
            "month": "2013-08",
            "price": "17.68",
            "revenue": 1443
        },
        "2013-09": {
            "month": "2013-09",
            "price": "8.66",
            "revenue": 1527
        },
        "2013-10": {
            "month": "2013-10",
            "price": "9.10",
            "revenue": 1315
        },
        "2013-11": {
            "month": "2013-11",
            "price": "9.04",
            "revenue": 1270
        },
        "2013-12": {
            "month": "2013-12",
            "price": "8.97",
            "revenue": 4815
        },
        "2014-01": {
            "month": "2014-01",
            "price": "8.90",
            "revenue": 748
        },
        "2014-02": {
            "month": "2014-02",
            "price": "9.08",
            "revenue": 929
        },
        "2014-03": {
            "month": "2014-03",
            "price": "8.79",
            "revenue": 4561
        },
        "2014-04": {
            "month": "2014-04",
            "price": "8.71",
            "revenue": 1250
        },
        "2014-05": {
            "month": "2014-05",
            "price": "8.92",
            "revenue": 1443
        },
        "2014-06": {
            "month": "2014-06",
            "price": "9.03",
            "revenue": 3291
        },
        "2014-07": {
            "month": "2014-07",
            "price": "8.98",
            "revenue": 2868
        },
        "2014-08": {
            "month": "2014-08",
            "price": "9.01",
            "revenue": 702
        },
        "2014-09": {
            "month": "2014-09",
            "price": "9.22",
            "revenue": 1708
        },
        "2014-10": {
            "month": "2014-10",
            "price": "9.91",
            "revenue": 845
        },
        "2014-11": {
            "month": "2014-11",
            "price": "9.72",
            "revenue": 7642
        },
        "2014-12": {
            "month": "2014-12",
            "price": "9.68",
            "revenue": 977
        },
        "2015-01": {
            "month": "2015-01",
            "price": "10.10",
            "revenue": 3022
        },
        "2015-02": {
            "month": "2015-02",
            "price": "11.32",
            "revenue": 2395
        },
        "2015-03": {
            "month": "2015-03",
            "price": "13.42",
            "revenue": 1416
        },
        "2015-04": {
            "month": "2015-04",
            "price": "13.02",
            "revenue": 1532
        },
        "2015-05": {
            "month": "2015-05",
            "price": "12.43",
            "revenue": 1989
        },
        "2015-06": {
            "month": "2015-06",
            "price": "10.54",
            "revenue": 1117
        },
        "2015-07": {
            "month": "2015-07",
            "price": "9.48",
            "revenue": 3245
        },
        "2015-08": {
            "month": "2015-08",
            "price": "7.89",
            "revenue": 1498
        },
        "2015-09": {
            "month": "2015-09",
            "price": "7.87",
            "revenue": 518
        },
        "2015-10": {
            "month": "2015-10",
            "price": "8.09",
            "revenue": 1879
        },
        "2015-11": {
            "month": "2015-11",
            "price": "8.98",
            "revenue": 1473
        },
        "2015-12": {
            "month": "2015-12",
            "price": "9.59",
            "revenue": 2755
        },
        "2016-01": {
            "month": "2016-01",
            "price": "9.79",
            "revenue": 1294
        },
        "2016-02": {
            "month": "2016-02",
            "price": "10.02",
            "revenue": 939
        },
        "2016-03": {
            "month": "2016-03",
            "price": "9.47",
            "revenue": 2108
        },
        "2016-04": {
            "month": "2016-04",
            "price": "8.79",
            "revenue": 993
        },
        "2016-05": {
            "month": "2016-05",
            "price": "8.96",
            "revenue": 848
        },
        "2016-06": {
            "month": "2016-06",
            "price": "8.79",
            "revenue": 1861
        },
        "2016-07": {
            "month": "2016-07",
            "price": "8.97",
            "revenue": 1395
        },
        "2016-08": {
            "month": "2016-08",
            "price": "8.47",
            "revenue": 932
        },
        "2016-09": {
            "month": "2016-09",
            "price": "7.59",
            "revenue": 2255
        },
        "2016-10": {
            "month": "2016-10",
            "price": "6.75",
            "revenue": 1639
        },
        "2016-11": {
            "month": "2016-11",
            "price": "6.47",
            "revenue": 789
        },
        "2016-12": {
            "month": "2016-12",
            "price": "5.65",
            "revenue": 1799
        },
        "2017-01": {
            "month": "2017-01",
            "price": "5.87",
            "revenue": 1675
        },
        "2017-02": {
            "month": "2017-02",
            "price": "9.09",
            "revenue": 718
        },
        "2017-03": {
            "month": "2017-03",
            "price": "8.04",
            "revenue": 1003
        },
        "2017-04": {
            "month": "2017-04",
            "price": "7.07",
            "revenue": 1104
        },
        "2017-05": {
            "month": "2017-05",
            "price": "7.79",
            "revenue": 976
        },
        "2017-06": {
            "month": "2017-06",
            "price": "9.73",
            "revenue": 2222
        },
        "2017-07": {
            "month": "2017-07",
            "price": "9.78",
            "revenue": 509
        },
        "2017-08": {
            "month": "2017-08",
            "price": "9.63",
            "revenue": 978
        },
        "2017-09": {
            "month": "2017-09",
            "price": "10.28",
            "revenue": 1196
        },
        "2017-10": {
            "month": "2017-10",
            "price": "10.02",
            "revenue": 907
        },
        "2017-11": {
            "month": "2017-11",
            "price": "8.98",
            "revenue": 675
        },
        "2017-12": {
            "month": "2017-12",
            "price": "8.39",
            "revenue": 579
        },
        "2018-01": {
            "month": "2018-01",
            "price": "7.42",
            "revenue": 1377
        },
        "2018-02": {
            "month": "2018-02",
            "price": "7.28",
            "revenue": 1012
        },
        "2018-03": {
            "month": "2018-03",
            "price": "8.18",
            "revenue": 675
        },
        "2018-04": {
            "month": "2018-04",
            "price": "8.18",
            "revenue": 557
        },
        "2018-05": {
            "month": "2018-05",
            "price": "8.24",
            "revenue": 920
        },
        "2018-06": {
            "month": "2018-06",
            "price": "8.61",
            "revenue": 8439
        },
        "2018-07": {
            "month": "2018-07",
            "price": "8.66",
            "revenue": 8292
        },
        "2018-08": {
            "month": "2018-08",
            "price": "8.29",
            "revenue": 9971
        },
        "2018-09": {
            "month": "2018-09",
            "price": "8.04",
            "revenue": 8683
        },
        "2018-10": {
            "month": "2018-10",
            "price": "7.57",
            "revenue": 10226
        },
        "2018-11": {
            "month": "2018-11",
            "price": "7.75",
            "revenue": 6201
        },
        "2018-12": {
            "month": "2018-12",
            "price": "7.72",
            "revenue": 13503
        },
        "2019-01": {
            "month": "2019-01",
            "price": "7.56",
            "revenue": 14054
        },
        "2019-02": {
            "month": "2019-02",
            "price": "7.51",
            "revenue": 6128
        },
        "2019-03": {
            "month": "2019-03",
            "price": "7.86",
            "revenue": 7698
        },
        "2019-04": {
            "month": "2019-04",
            "price": "7.27",
            "revenue": 5894
        },
        "2019-05": {
            "month": "2019-05",
            "price": "6.10",
            "revenue": 7090
        },
        "2019-06": {
            "month": "2019-06",
            "price": "5.83",
            "revenue": 10510
        },
        "2019-07": {
            "month": "2019-07",
            "price": "5.84",
            "revenue": 8263
        },
        "2019-08": {
            "month": "2019-08",
            "price": "5.38",
            "revenue": 9528
        },
        "2019-09": {
            "month": "2019-09",
            "price": "4.85",
            "revenue": 8194
        },
        "2019-10": {
            "month": "2019-10",
            "price": "4.95",
            "revenue": 8903
        },
        "2019-11": {
            "month": "2019-11",
            "price": "4.46",
            "revenue": 8618
        },
        "2019-12": {
            "month": "2019-12",
            "price": "4.75",
            "revenue": 9338
        },
        "2020-01": {
            "month": "2020-01",
            "price": "4.75",
            "revenue": 7715
        },
        "2020-02": {
            "month": "2020-02",
            "price": "5.01",
            "revenue": 6788
        },
        "2020-03": {
            "month": "2020-03",
            "price": "4.96",
            "revenue": 6606
        },
        "2020-04": {
            "month": "2020-04",
            "price": "5.02",
            "revenue": 4550
        },
        "2020-05": {
            "month": "2020-05",
            "price": "4.75",
            "revenue": 8098
        },
        "2020-06": {
            "month": "2020-06",
            "price": "5.16",
            "revenue": 9996
        },
        "2020-07": {
            "month": "2020-07",
            "price": "11.81",
            "revenue": 6777
        },
        "2020-08": {
            "month": "2020-08",
            "price": "10.60",
            "revenue": 9560
        },
        "2020-09": {
            "month": "2020-09",
            "price": "9.89",
            "revenue": 9083
        },
        "2020-10": {
            "month": "2020-10",
            "price": "8.72",
            "revenue": 7226
        },
        "2020-11": {
            "month": "2020-11",
            "price": "7.64",
            "revenue": 7311
        },
        "2020-12": {
            "month": "2020-12",
            "price": "6.75",
            "revenue": 9198
        },
        "2021-01": {
            "month": "2021-01",
            "price": "5.68",
            "revenue": 8626
        },
        "2021-02": {
            "month": "2021-02",
            "price": "5.90",
            "revenue": 8080
        },
        "2021-03": {
            "month": "2021-03",
            "price": "6.90",
            "revenue": 8283
        },
        "2021-04": {
            "month": "2021-04",
            "price": "6.94",
            "revenue": 7078
        },
        "2021-05": {
            "month": "2021-05",
            "price": "7.07",
            "revenue": 5735
        },
        "2021-06": {
            "month": "2021-06",
            "price": "6.62",
            "revenue": 6470
        },
        "2021-07": {
            "month": "2021-07",
            "price": "7.06",
            "revenue": 4121
        },
        "2021-08": {
            "month": "2021-08",
            "price": "6.13",
            "revenue": 7522
        },
        "2021-09": {
            "month": "2021-09",
            "price": "6.21",
            "revenue": 6752
        },
        "2021-10": {
            "month": "2021-10",
            "price": "5.90",
            "revenue": 8936
        },
        "2021-11": {
            "month": "2021-11",
            "price": "6.16",
            "revenue": 8443
        },
        "2021-12": {
            "month": "2021-12",
            "price": "6.46",
            "revenue": 8882
        },
        "2022-01": {
            "month": "2022-01",
            "price": "15.19",
            "revenue": 14930
        },
        "2022-02": {
            "month": "2022-02",
            "price": "15.29",
            "revenue": 5747
        },
        "2022-03": {
            "month": "2022-03",
            "price": "15.84",
            "revenue": 8141
        },
        "2022-04": {
            "month": "2022-04",
            "price": "14.45",
            "revenue": 3981
        },
        "2022-05": {
            "month": "2022-05",
            "price": "14.19",
            "revenue": 5706
        },
        "2022-06": {
            "month": "2022-06",
            "price": "16.82",
            "revenue": 7089
        },
        "2022-07": {
            "month": "2022-07",
            "price": "17.35",
            "revenue": 7763
        },
        "2022-08": {
            "month": "2022-08",
            "price": "19.41",
            "revenue": 8561
        },
        "2022-09": {
            "month": "2022-09",
            "price": "24.62",
            "revenue": 4738
        },
        "2022-10": {
            "month": "2022-10",
            "price": "22.02",
            "revenue": 8236
        },
        "2022-11": {
            "month": "2022-11",
            "price": "21.40",
            "revenue": 9603
        },
        "2022-12": {
            "month": "2022-12",
            "price": "20.42",
            "revenue": 9738
        },
        "2023-01": {
            "month": "2023-01",
            "price": "20.50",
            "revenue": 8280
        },
        "2023-02": {
            "month": "2023-02",
            "price": "20.47",
            "revenue": 3419
        },
        "2023-03": {
            "month": "2023-03",
            "price": "23.44",
            "revenue": 8027
        },
        "2023-04": {
            "month": "2023-04",
            "price": "27.08",
            "revenue": 3267
        },
        "2023-05": {
            "month": "2023-05",
            "price": "28.85",
            "revenue": 4829
        },
        "2023-06": {
            "month": "2023-06",
            "price": "27.61",
            "revenue": 4565
        },
        "2023-07": {
            "month": "2023-07",
            "price": "27.05",
            "revenue": 5359
        },
        "2023-08": {
            "month": "2023-08",
            "price": "24.42",
            "revenue": 4821
        },
        "2023-09": {
            "month": "2023-09",
            "price": "23.01",
            "revenue": 3819
        },
        "2023-10": {
            "month": "2023-10",
            "price": "21.57",
            "revenue": 4370
        },
        "2023-11": {
            "month": "2023-11",
            "price": "22.29",
            "revenue": 11435
        },
        "2023-12": {
            "month": "2023-12",
            "price": "23.20",
            "revenue": 2538
        }
    }
}
