{
    "summary": {
        "stock_name": "亞諾法",
        "stock_id": "4133",
        "category": "生技醫療",
        "main_business": "單株抗體、多株抗體、蛋白質、醫療檢測儀器及檢驗試劑",
        "website_url": "http://www.abnova.com",
        "ceo": "紀姵如",
        "pe_ratio": 32,
        "report_year_from": 2007,
        "report_year_to": 2023,
        "age": 16,
        "eps_negative_percentage": 0,
        "eps_growth_avg": {
            "last_all": 8.8,
            "last_2y": 59.02,
            "last_4y": 12.08,
            "last_8y": 5.32,
            "last_12y": 1.78,
            "last_16y": null,
            "last_20y": null,
            "at_2006_last_3y": null,
            "at_2007_last_3y": null,
            "at_2008_last_3y": null,
            "at_2009_last_3y": null,
            "at_2010_last_3y": null,
            "at_2011_last_3y": null,
            "at_2012_last_3y": 20.19,
            "at_2013_last_3y": -6.17,
            "at_2014_last_3y": -17.53,
            "at_2015_last_3y": -20.3,
            "at_2016_last_3y": -6.4,
            "at_2017_last_3y": -3.14,
            "at_2018_last_3y": -6.69,
            "at_2019_last_3y": -22.39,
            "at_2020_last_3y": -2.26,
            "at_2021_last_3y": -9.9,
            "at_2022_last_3y": 20.91,
            "at_2023_last_3y": 20.91,
            "at_2006_last_all": null,
            "at_2007_last_all": null,
            "at_2008_last_all": null,
            "at_2009_last_all": null,
            "at_2010_last_all": 68.21,
            "at_2011_last_all": 38.96,
            "at_2012_last_all": 20.19,
            "at_2013_last_all": 15.07,
            "at_2014_last_all": 11.05,
            "at_2015_last_all": 5.1,
            "at_2016_last_all": 6.89,
            "at_2017_last_all": 6.97,
            "at_2018_last_all": 3.95,
            "at_2019_last_all": -4.9,
            "at_2020_last_all": 3.84,
            "at_2021_last_all": 1.78,
            "at_2022_last_all": 8.8,
            "at_2023_last_all": 8.8
        },
        "latest_eps": 1.13,
        "latest_price": 35.85,
        "latest_roe": 5.56,
        "latest_gross_margin": 47.07,
        "latest_equity": 1253354,
        "latest_revenue": 95423,
        "latest_gross_profit": 44920,
        "latest_net_income": 10696,
        "latest_debt_ratio": 8.97,
        "latest_current_ratio": 816.12,
        "latest_account_receivable_turnover_ratio": 1.84,
        "latest_inventory_turnover_ratio": 0.13,
        "latest_reinvestment_rate": -45.47,
        "latest_research_to_sale_ratio": 10.71
    },
    "eps_dividends": {
        "2001": {
            "cash": 0,
            "stock": 0,
            "eps": 0
        },
        "2002": {
            "cash": 0,
            "stock": 0,
            "eps": 0
        },
        "2003": {
            "cash": 0,
            "stock": 0,
            "eps": 0
        },
        "2004": {
            "cash": 0,
            "stock": 0,
            "eps": 0
        },
        "2005": {
            "cash": 0,
            "stock": 0,
            "eps": 0
        },
        "2006": {
            "cash": 0,
            "stock": 0,
            "eps": 0
        },
        "2007": {
            "cash": 0,
            "stock": 0,
            "eps": 0
        },
        "2008": {
            "cash": 0,
            "stock": 0,
            "eps": 0.4
        },
        "2009": {
            "cash": 0,
            "stock": 0,
            "eps": 1.84
        },
        "2010": {
            "cash": 2,
            "stock": 0,
            "eps": 2.51
        },
        "2011": {
            "cash": 4,
            "stock": 0,
            "eps": 2.02
        },
        "2012": {
            "cash": 0,
            "stock": 0,
            "eps": 1.29
        },
        "2013": {
            "cash": 1,
            "stock": 0,
            "eps": 1.22
        },
        "2014": {
            "cash": 1,
            "stock": 0,
            "eps": 1.11
        },
        "2015": {
            "cash": 1,
            "stock": 0,
            "eps": 0.77
        },
        "2016": {
            "cash": 1,
            "stock": 0,
            "eps": 0.92
        },
        "2017": {
            "cash": 0,
            "stock": 0,
            "eps": 0.99
        },
        "2018": {
            "cash": 1,
            "stock": 0,
            "eps": 0.76
        },
        "2019": {
            "cash": 1,
            "stock": 0,
            "eps": 0.05
        },
        "2020": {
            "cash": 0,
            "stock": 0,
            "eps": 0.61
        },
        "2021": {
            "cash": 1,
            "stock": 0,
            "eps": 0.47
        },
        "2022": {
            "cash": 0,
            "stock": 0,
            "eps": 1.24
        },
        "2023": {
            "cash": 1,
            "stock": 0,
            "eps": 0.18
        }
    },
    "dividends": {
        "2010-03-26": {
            "cash": 1.5,
            "stock": 0
        },
        "2011-01-01": {
            "cash": 2,
            "stock": 0
        },
        "2011-03-28": {
            "cash": 2,
            "stock": 0
        },
        "2013-03-27": {
            "cash": 1.2,
            "stock": 0
        },
        "2014-08-08": {
            "cash": 1.1,
            "stock": 0
        },
        "2015-07-24": {
            "cash": 1.03,
            "stock": 0
        },
        "2016-09-14": {
            "cash": 0.67,
            "stock": 0.13
        },
        "2017-10-05": {
            "cash": 0.4,
            "stock": 0.3
        },
        "2018-07-25": {
            "cash": 0.8,
            "stock": 0
        },
        "2019-07-26": {
            "cash": 0.6,
            "stock": 0
        },
        "2020-07-31": {
            "cash": 0.1,
            "stock": 0
        },
        "2021-08-06": {
            "cash": 0.6,
            "stock": 0
        },
        "2022-07-01": {
            "cash": 0.46,
            "stock": 0
        },
        "2023-02-24": {
            "cash": 0.8,
            "stock": 0
        }
    },
    "prices": {
        "200101": "無",
        "200102": "無",
        "200103": "無",
        "200104": "無",
        "200105": "無",
        "200106": "無",
        "200107": "無",
        "200108": "無",
        "200109": "無",
        "200110": "無",
        "200111": "無",
        "200112": "無",
        "200201": "無",
        "200202": "無",
        "200203": "無",
        "200204": "無",
        "200205": "無",
        "200206": "無",
        "200207": "無",
        "200208": "無",
        "200209": "無",
        "200210": "無",
        "200211": "無",
        "200212": "無",
        "200301": "無",
        "200302": "無",
        "200303": "無",
        "200304": "無",
        "200305": "無",
        "200306": "無",
        "200307": "無",
        "200308": "無",
        "200309": "無",
        "200310": "無",
        "200311": "無",
        "200312": "無",
        "200401": "無",
        "200402": "無",
        "200403": "無",
        "200404": "無",
        "200405": "無",
        "200406": "無",
        "200407": "無",
        "200408": "無",
        "200409": "無",
        "200410": "無",
        "200411": "無",
        "200412": "無",
        "200501": "無",
        "200502": "無",
        "200503": "無",
        "200504": "無",
        "200505": "無",
        "200506": "無",
        "200507": "無",
        "200508": "無",
        "200509": "無",
        "200510": "無",
        "200511": "無",
        "200512": "無",
        "200601": "無",
        "200602": "無",
        "200603": "無",
        "200604": "無",
        "200605": "無",
        "200606": "無",
        "200607": "無",
        "200608": "無",
        "200609": "無",
        "200610": "無",
        "200611": "無",
        "200612": "無",
        "200701": "無",
        "200702": "無",
        "200703": "無",
        "200704": "無",
        "200705": "無",
        "200706": "無",
        "200707": "無",
        "200708": "無",
        "200709": "無",
        "200710": "無",
        "200711": "無",
        "200712": "無",
        "200801": "無",
        "200802": "無",
        "200803": "無",
        "200804": "無",
        "200805": "52.52",
        "200806": "46.53",
        "200807": "45.10",
        "200808": "44.66",
        "200809": "41.94",
        "200810": "34.75",
        "200811": "26.72",
        "200812": "23.54",
        "200901": "21.18",
        "200902": "23.95",
        "200903": "31.84",
        "200904": "45.36",
        "200905": "48.45",
        "200906": "57.99",
        "200907": "92.98",
        "200908": "94.18",
        "200909": "103.89",
        "200910": "106.58",
        "200911": "104.30",
        "200912": "114.38",
        "201001": "101.10",
        "201002": "89.54",
        "201003": "106.15",
        "201004": "103.39",
        "201005": "96.46",
        "201006": "88.42",
        "201007": "92.10",
        "201008": "93.37",
        "201009": "105.60",
        "201010": "105.10",
        "201011": "98.70",
        "201012": "94.39",
        "201101": "89.35",
        "201102": "84.68",
        "201103": "80.71",
        "201104": "82.86",
        "201105": "87.49",
        "201106": "78.92",
        "201107": "74.72",
        "201108": "59.24",
        "201109": "53.73",
        "201110": "52.76",
        "201111": "49.80",
        "201112": "42.86",
        "201201": "46.67",
        "201202": "55.04",
        "201203": "54.33",
        "201204": "47.48",
        "201205": "45.40",
        "201206": "44.40",
        "201207": "45.97",
        "201208": "48.73",
        "201209": "50.72",
        "201210": "49.25",
        "201211": "43.21",
        "201212": "49.18",
        "201301": "50.96",
        "201302": "50.41",
        "201303": "50.57",
        "201304": "50.62",
        "201305": "48.54",
        "201306": "46.83",
        "201307": "46.45",
        "201308": "46.41",
        "201309": "47.82",
        "201310": "47.67",
        "201311": "45.61",
        "201312": "44.52",
        "201401": "43.86",
        "201402": "45.30",
        "201403": "44.72",
        "201404": "43.14",
        "201405": "41.13",
        "201406": "42.32",
        "201407": "42.96",
        "201408": "38.63",
        "201409": "36.51",
        "201410": "33.31",
        "201411": "31.10",
        "201412": "33.79",
        "201501": "33.92",
        "201502": "34.92",
        "201503": "34.46",
        "201504": "32.74",
        "201505": "32.46",
        "201506": "29.47",
        "201507": "29.92",
        "201508": "26.71",
        "201509": "27.47",
        "201510": "31.42",
        "201511": "34.00",
        "201512": "33.79",
        "201601": "29.74",
        "201602": "30.23",
        "201603": "31.90",
        "201604": "30.01",
        "201605": "31.88",
        "201606": "36.81",
        "201607": "34.53",
        "201608": "34.27",
        "201609": "35.81",
        "201610": "36.58",
        "201611": "35.76",
        "201612": "36.82",
        "201701": "35.91",
        "201702": "37.23",
        "201703": "35.99",
        "201704": "34.85",
        "201705": "34.84",
        "201706": "34.79",
        "201707": "35.11",
        "201708": "36.70",
        "201709": "39.99",
        "201710": "40.22",
        "201711": "38.53",
        "201712": "37.56",
        "201801": "38.11",
        "201802": "34.44",
        "201803": "37.35",
        "201804": "36.68",
        "201805": "34.94",
        "201806": "36.78",
        "201807": "35.44",
        "201808": "36.45",
        "201809": "35.08",
        "201810": "30.85",
        "201811": "29.59",
        "201812": "29.55",
        "201901": "28.98",
        "201902": "31.16",
        "201903": "31.64",
        "201904": "30.38",
        "201905": "28.48",
        "201906": "27.77",
        "201907": "28.45",
        "201908": "27.38",
        "201909": "27.92",
        "201910": "27.97",
        "201911": "27.13",
        "201912": "25.93",
        "202001": "25.98",
        "202002": "33.29",
        "202003": "35.54",
        "202004": "37.68",
        "202005": "57.76",
        "202006": "77.54",
        "202007": "99.77",
        "202008": "81.65",
        "202009": "75.05",
        "202010": "70.77",
        "202011": "62.65",
        "202012": "58.08",
        "202101": "53.54",
        "202102": "53.80",
        "202103": "53.21",
        "202104": "52.23",
        "202105": "62.09",
        "202106": "68.78",
        "202107": "56.45",
        "202108": "49.43",
        "202109": "47.06",
        "202110": "37.80",
        "202111": "37.60",
        "202112": "41.25",
        "202201": "49.45",
        "202202": "41.91",
        "202203": "38.95",
        "202204": "68.79",
        "202205": "51.20",
        "202206": "42.30",
        "202207": "37.75",
        "202208": "37.99",
        "202209": "39.15",
        "202210": "33.48",
        "202211": "36.69",
        "202212": "39.23",
        "202301": "38.39",
        "202302": "38.61",
        "202303": "37.23",
        "202304": "36.41",
        "202305": "35.76"
    },
    "quarters": {
        "20011": {
            "year_quarter": 20011,
            "year": 2001,
            "quarter": 1,
            "eps": null,
            "eps_growth_year": null,
            "eps_4q": null,
            "eps_4q_growth_year": null,
            "roe": null,
            "roe_4q": 0,
            "gross_profit": null,
            "gross_margin": null,
            "gross_margin_4q_avg": 0,
            "net_income": null,
            "revenue": null,
            "common_shares": null,
            "book_valuer_per_share": null,
            "book_valuer_per_share_4q_avg": 0,
            "equity": null,
            "current_ratio": null,
            "debt_ratio": null,
            "inventory_turnover_ratio": null,
            "account_receivable_turnover_ratio": null,
            "reinvestment_rate": null,
            "research_to_sale_ratio": null,
            "price_fair": 0,
            "eps_avg_yearly": 0,
            "eps_latest_yearly": 0,
            "eps_growth_yearly": 0
        },
        "20012": {
            "year_quarter": 20012,
            "year": 2001,
            "quarter": 2,
            "eps": null,
            "eps_growth_year": null,
            "eps_4q": null,
            "eps_4q_growth_year": null,
            "roe": null,
            "roe_4q": 0,
            "gross_profit": null,
            "gross_margin": null,
            "gross_margin_4q_avg": 0,
            "net_income": null,
            "revenue": null,
            "common_shares": null,
            "book_valuer_per_share": null,
            "book_valuer_per_share_4q_avg": 0,
            "equity": null,
            "current_ratio": null,
            "debt_ratio": null,
            "inventory_turnover_ratio": null,
            "account_receivable_turnover_ratio": null,
            "reinvestment_rate": null,
            "research_to_sale_ratio": null,
            "price_fair": 0,
            "eps_avg_yearly": 0,
            "eps_latest_yearly": 0,
            "eps_growth_yearly": 0
        },
        "20013": {
            "year_quarter": 20013,
            "year": 2001,
            "quarter": 3,
            "eps": null,
            "eps_growth_year": null,
            "eps_4q": null,
            "eps_4q_growth_year": null,
            "roe": null,
            "roe_4q": 0,
            "gross_profit": null,
            "gross_margin": null,
            "gross_margin_4q_avg": 0,
            "net_income": null,
            "revenue": null,
            "common_shares": null,
            "book_valuer_per_share": null,
            "book_valuer_per_share_4q_avg": 0,
            "equity": null,
            "current_ratio": null,
            "debt_ratio": null,
            "inventory_turnover_ratio": null,
            "account_receivable_turnover_ratio": null,
            "reinvestment_rate": null,
            "research_to_sale_ratio": null,
            "price_fair": 0,
            "eps_avg_yearly": 0,
            "eps_latest_yearly": 0,
            "eps_growth_yearly": 0
        },
        "20014": {
            "year_quarter": 20014,
            "year": 2001,
            "quarter": 4,
            "eps": null,
            "eps_growth_year": null,
            "eps_4q": null,
            "eps_4q_growth_year": null,
            "roe": null,
            "roe_4q": 0,
            "gross_profit": null,
            "gross_margin": null,
            "gross_margin_4q_avg": 0,
            "net_income": null,
            "revenue": null,
            "common_shares": null,
            "book_valuer_per_share": null,
            "book_valuer_per_share_4q_avg": 0,
            "equity": null,
            "current_ratio": null,
            "debt_ratio": null,
            "inventory_turnover_ratio": null,
            "account_receivable_turnover_ratio": null,
            "reinvestment_rate": null,
            "research_to_sale_ratio": null,
            "price_fair": 0,
            "eps_avg_yearly": 0,
            "eps_latest_yearly": 0,
            "eps_growth_yearly": 0
        },
        "20021": {
            "year_quarter": 20021,
            "year": 2002,
            "quarter": 1,
            "eps": null,
            "eps_growth_year": null,
            "eps_4q": null,
            "eps_4q_growth_year": null,
            "roe": null,
            "roe_4q": 0,
            "gross_profit": null,
            "gross_margin": null,
            "gross_margin_4q_avg": 0,
            "net_income": null,
            "revenue": null,
            "common_shares": null,
            "book_valuer_per_share": null,
            "book_valuer_per_share_4q_avg": 0,
            "equity": null,
            "current_ratio": null,
            "debt_ratio": null,
            "inventory_turnover_ratio": null,
            "account_receivable_turnover_ratio": null,
            "reinvestment_rate": null,
            "research_to_sale_ratio": null,
            "price_fair": 0,
            "eps_avg_yearly": 0,
            "eps_latest_yearly": 0,
            "eps_growth_yearly": 0
        },
        "20022": {
            "year_quarter": 20022,
            "year": 2002,
            "quarter": 2,
            "eps": null,
            "eps_growth_year": null,
            "eps_4q": null,
            "eps_4q_growth_year": null,
            "roe": null,
            "roe_4q": 0,
            "gross_profit": null,
            "gross_margin": null,
            "gross_margin_4q_avg": 0,
            "net_income": null,
            "revenue": null,
            "common_shares": null,
            "book_valuer_per_share": null,
            "book_valuer_per_share_4q_avg": 0,
            "equity": null,
            "current_ratio": null,
            "debt_ratio": null,
            "inventory_turnover_ratio": null,
            "account_receivable_turnover_ratio": null,
            "reinvestment_rate": null,
            "research_to_sale_ratio": null,
            "price_fair": 0,
            "eps_avg_yearly": 0,
            "eps_latest_yearly": 0,
            "eps_growth_yearly": 0
        },
        "20023": {
            "year_quarter": 20023,
            "year": 2002,
            "quarter": 3,
            "eps": null,
            "eps_growth_year": null,
            "eps_4q": null,
            "eps_4q_growth_year": null,
            "roe": null,
            "roe_4q": 0,
            "gross_profit": null,
            "gross_margin": null,
            "gross_margin_4q_avg": 0,
            "net_income": null,
            "revenue": null,
            "common_shares": null,
            "book_valuer_per_share": null,
            "book_valuer_per_share_4q_avg": 0,
            "equity": null,
            "current_ratio": null,
            "debt_ratio": null,
            "inventory_turnover_ratio": null,
            "account_receivable_turnover_ratio": null,
            "reinvestment_rate": null,
            "research_to_sale_ratio": null,
            "price_fair": 0,
            "eps_avg_yearly": 0,
            "eps_latest_yearly": 0,
            "eps_growth_yearly": 0
        },
        "20024": {
            "year_quarter": 20024,
            "year": 2002,
            "quarter": 4,
            "eps": null,
            "eps_growth_year": null,
            "eps_4q": null,
            "eps_4q_growth_year": null,
            "roe": null,
            "roe_4q": 0,
            "gross_profit": null,
            "gross_margin": null,
            "gross_margin_4q_avg": 0,
            "net_income": null,
            "revenue": null,
            "common_shares": null,
            "book_valuer_per_share": null,
            "book_valuer_per_share_4q_avg": 0,
            "equity": null,
            "current_ratio": null,
            "debt_ratio": null,
            "inventory_turnover_ratio": null,
            "account_receivable_turnover_ratio": null,
            "reinvestment_rate": null,
            "research_to_sale_ratio": null,
            "price_fair": 0,
            "eps_avg_yearly": 0,
            "eps_latest_yearly": 0,
            "eps_growth_yearly": 0
        },
        "20031": {
            "year_quarter": 20031,
            "year": 2003,
            "quarter": 1,
            "eps": null,
            "eps_growth_year": null,
            "eps_4q": null,
            "eps_4q_growth_year": null,
            "roe": null,
            "roe_4q": 0,
            "gross_profit": null,
            "gross_margin": null,
            "gross_margin_4q_avg": 0,
            "net_income": null,
            "revenue": null,
            "common_shares": null,
            "book_valuer_per_share": null,
            "book_valuer_per_share_4q_avg": 0,
            "equity": null,
            "current_ratio": null,
            "debt_ratio": null,
            "inventory_turnover_ratio": null,
            "account_receivable_turnover_ratio": null,
            "reinvestment_rate": null,
            "research_to_sale_ratio": null,
            "price_fair": 0,
            "eps_avg_yearly": 0,
            "eps_latest_yearly": 0,
            "eps_growth_yearly": 0
        },
        "20032": {
            "year_quarter": 20032,
            "year": 2003,
            "quarter": 2,
            "eps": null,
            "eps_growth_year": null,
            "eps_4q": null,
            "eps_4q_growth_year": null,
            "roe": null,
            "roe_4q": 0,
            "gross_profit": null,
            "gross_margin": null,
            "gross_margin_4q_avg": 0,
            "net_income": null,
            "revenue": null,
            "common_shares": null,
            "book_valuer_per_share": null,
            "book_valuer_per_share_4q_avg": 0,
            "equity": null,
            "current_ratio": null,
            "debt_ratio": null,
            "inventory_turnover_ratio": null,
            "account_receivable_turnover_ratio": null,
            "reinvestment_rate": null,
            "research_to_sale_ratio": null,
            "price_fair": 0,
            "eps_avg_yearly": 0,
            "eps_latest_yearly": 0,
            "eps_growth_yearly": 0
        },
        "20033": {
            "year_quarter": 20033,
            "year": 2003,
            "quarter": 3,
            "eps": null,
            "eps_growth_year": null,
            "eps_4q": null,
            "eps_4q_growth_year": null,
            "roe": null,
            "roe_4q": 0,
            "gross_profit": null,
            "gross_margin": null,
            "gross_margin_4q_avg": 0,
            "net_income": null,
            "revenue": null,
            "common_shares": null,
            "book_valuer_per_share": null,
            "book_valuer_per_share_4q_avg": 0,
            "equity": null,
            "current_ratio": null,
            "debt_ratio": null,
            "inventory_turnover_ratio": null,
            "account_receivable_turnover_ratio": null,
            "reinvestment_rate": null,
            "research_to_sale_ratio": null,
            "price_fair": 0,
            "eps_avg_yearly": 0,
            "eps_latest_yearly": 0,
            "eps_growth_yearly": 0
        },
        "20034": {
            "year_quarter": 20034,
            "year": 2003,
            "quarter": 4,
            "eps": null,
            "eps_growth_year": null,
            "eps_4q": null,
            "eps_4q_growth_year": null,
            "roe": null,
            "roe_4q": 0,
            "gross_profit": null,
            "gross_margin": null,
            "gross_margin_4q_avg": 0,
            "net_income": null,
            "revenue": null,
            "common_shares": 214241,
            "book_valuer_per_share": 5.3,
            "book_valuer_per_share_4q_avg": 1.33,
            "equity": 113630,
            "current_ratio": 184.76,
            "debt_ratio": 18.6,
            "inventory_turnover_ratio": null,
            "account_receivable_turnover_ratio": null,
            "reinvestment_rate": null,
            "research_to_sale_ratio": null,
            "price_fair": 0,
            "eps_avg_yearly": 0,
            "eps_latest_yearly": 0,
            "eps_growth_yearly": 0
        },
        "20041": {
            "year_quarter": 20041,
            "year": 2004,
            "quarter": 1,
            "eps": null,
            "eps_growth_year": null,
            "eps_4q": null,
            "eps_4q_growth_year": null,
            "roe": null,
            "roe_4q": 0,
            "gross_profit": null,
            "gross_margin": null,
            "gross_margin_4q_avg": 0,
            "net_income": null,
            "revenue": null,
            "common_shares": null,
            "book_valuer_per_share": null,
            "book_valuer_per_share_4q_avg": 1.33,
            "equity": null,
            "current_ratio": null,
            "debt_ratio": null,
            "inventory_turnover_ratio": null,
            "account_receivable_turnover_ratio": null,
            "reinvestment_rate": null,
            "research_to_sale_ratio": null,
            "price_fair": 0,
            "eps_avg_yearly": 0,
            "eps_latest_yearly": 0,
            "eps_growth_yearly": 0
        },
        "20042": {
            "year_quarter": 20042,
            "year": 2004,
            "quarter": 2,
            "eps": null,
            "eps_growth_year": null,
            "eps_4q": null,
            "eps_4q_growth_year": null,
            "roe": null,
            "roe_4q": 0,
            "gross_profit": null,
            "gross_margin": null,
            "gross_margin_4q_avg": 0,
            "net_income": null,
            "revenue": null,
            "common_shares": null,
            "book_valuer_per_share": null,
            "book_valuer_per_share_4q_avg": 1.33,
            "equity": null,
            "current_ratio": null,
            "debt_ratio": null,
            "inventory_turnover_ratio": null,
            "account_receivable_turnover_ratio": null,
            "reinvestment_rate": null,
            "research_to_sale_ratio": null,
            "price_fair": 0,
            "eps_avg_yearly": 0,
            "eps_latest_yearly": 0,
            "eps_growth_yearly": 0
        },
        "20043": {
            "year_quarter": 20043,
            "year": 2004,
            "quarter": 3,
            "eps": null,
            "eps_growth_year": null,
            "eps_4q": null,
            "eps_4q_growth_year": null,
            "roe": null,
            "roe_4q": 0,
            "gross_profit": null,
            "gross_margin": null,
            "gross_margin_4q_avg": 0,
            "net_income": null,
            "revenue": null,
            "common_shares": null,
            "book_valuer_per_share": null,
            "book_valuer_per_share_4q_avg": 1.33,
            "equity": null,
            "current_ratio": null,
            "debt_ratio": null,
            "inventory_turnover_ratio": null,
            "account_receivable_turnover_ratio": null,
            "reinvestment_rate": null,
            "research_to_sale_ratio": null,
            "price_fair": 0,
            "eps_avg_yearly": 0,
            "eps_latest_yearly": 0,
            "eps_growth_yearly": 0
        },
        "20044": {
            "year_quarter": 20044,
            "year": 2004,
            "quarter": 4,
            "eps": null,
            "eps_growth_year": null,
            "eps_4q": null,
            "eps_4q_growth_year": null,
            "roe": null,
            "roe_4q": 0,
            "gross_profit": null,
            "gross_margin": null,
            "gross_margin_4q_avg": 0,
            "net_income": null,
            "revenue": null,
            "common_shares": 386692,
            "book_valuer_per_share": 4.24,
            "book_valuer_per_share_4q_avg": 1.06,
            "equity": 164069,
            "current_ratio": 160.77,
            "debt_ratio": 26.45,
            "inventory_turnover_ratio": null,
            "account_receivable_turnover_ratio": null,
            "reinvestment_rate": null,
            "research_to_sale_ratio": null,
            "price_fair": 0,
            "eps_avg_yearly": 0,
            "eps_latest_yearly": 0,
            "eps_growth_yearly": 0
        },
        "20051": {
            "year_quarter": 20051,
            "year": 2005,
            "quarter": 1,
            "eps": null,
            "eps_growth_year": null,
            "eps_4q": null,
            "eps_4q_growth_year": null,
            "roe": null,
            "roe_4q": 0,
            "gross_profit": null,
            "gross_margin": null,
            "gross_margin_4q_avg": 0,
            "net_income": null,
            "revenue": null,
            "common_shares": null,
            "book_valuer_per_share": null,
            "book_valuer_per_share_4q_avg": 1.06,
            "equity": null,
            "current_ratio": null,
            "debt_ratio": null,
            "inventory_turnover_ratio": null,
            "account_receivable_turnover_ratio": null,
            "reinvestment_rate": null,
            "research_to_sale_ratio": null,
            "price_fair": 0,
            "eps_avg_yearly": 0,
            "eps_latest_yearly": 0,
            "eps_growth_yearly": 0
        },
        "20052": {
            "year_quarter": 20052,
            "year": 2005,
            "quarter": 2,
            "eps": null,
            "eps_growth_year": null,
            "eps_4q": null,
            "eps_4q_growth_year": null,
            "roe": null,
            "roe_4q": 0,
            "gross_profit": null,
            "gross_margin": null,
            "gross_margin_4q_avg": 0,
            "net_income": null,
            "revenue": null,
            "common_shares": null,
            "book_valuer_per_share": null,
            "book_valuer_per_share_4q_avg": 1.06,
            "equity": null,
            "current_ratio": null,
            "debt_ratio": null,
            "inventory_turnover_ratio": null,
            "account_receivable_turnover_ratio": null,
            "reinvestment_rate": null,
            "research_to_sale_ratio": null,
            "price_fair": 0,
            "eps_avg_yearly": 0,
            "eps_latest_yearly": 0,
            "eps_growth_yearly": 0
        },
        "20053": {
            "year_quarter": 20053,
            "year": 2005,
            "quarter": 3,
            "eps": null,
            "eps_growth_year": null,
            "eps_4q": null,
            "eps_4q_growth_year": null,
            "roe": null,
            "roe_4q": 0,
            "gross_profit": null,
            "gross_margin": null,
            "gross_margin_4q_avg": 0,
            "net_income": null,
            "revenue": null,
            "common_shares": null,
            "book_valuer_per_share": null,
            "book_valuer_per_share_4q_avg": 1.06,
            "equity": null,
            "current_ratio": null,
            "debt_ratio": null,
            "inventory_turnover_ratio": null,
            "account_receivable_turnover_ratio": null,
            "reinvestment_rate": null,
            "research_to_sale_ratio": null,
            "price_fair": 0,
            "eps_avg_yearly": 0,
            "eps_latest_yearly": 0,
            "eps_growth_yearly": 0
        },
        "20054": {
            "year_quarter": 20054,
            "year": 2005,
            "quarter": 4,
            "eps": null,
            "eps_growth_year": null,
            "eps_4q": null,
            "eps_4q_growth_year": null,
            "roe": null,
            "roe_4q": 0,
            "gross_profit": null,
            "gross_margin": null,
            "gross_margin_4q_avg": 0,
            "net_income": null,
            "revenue": null,
            "common_shares": 442724,
            "book_valuer_per_share": 0.99,
            "book_valuer_per_share_4q_avg": 0.25,
            "equity": 43814,
            "current_ratio": 51.5,
            "debt_ratio": 74.49,
            "inventory_turnover_ratio": null,
            "account_receivable_turnover_ratio": null,
            "reinvestment_rate": null,
            "research_to_sale_ratio": null,
            "price_fair": 0,
            "eps_avg_yearly": 0,
            "eps_latest_yearly": 0,
            "eps_growth_yearly": 0
        },
        "20061": {
            "year_quarter": 20061,
            "year": 2006,
            "quarter": 1,
            "eps": null,
            "eps_growth_year": null,
            "eps_4q": null,
            "eps_4q_growth_year": null,
            "roe": null,
            "roe_4q": 0,
            "gross_profit": null,
            "gross_margin": null,
            "gross_margin_4q_avg": 0,
            "net_income": null,
            "revenue": null,
            "common_shares": null,
            "book_valuer_per_share": null,
            "book_valuer_per_share_4q_avg": 0.25,
            "equity": null,
            "current_ratio": null,
            "debt_ratio": null,
            "inventory_turnover_ratio": null,
            "account_receivable_turnover_ratio": null,
            "reinvestment_rate": null,
            "research_to_sale_ratio": null,
            "price_fair": 0,
            "eps_avg_yearly": 0,
            "eps_latest_yearly": 0,
            "eps_growth_yearly": 0
        },
        "20062": {
            "year_quarter": 20062,
            "year": 2006,
            "quarter": 2,
            "eps": null,
            "eps_growth_year": null,
            "eps_4q": null,
            "eps_4q_growth_year": null,
            "roe": null,
            "roe_4q": 0,
            "gross_profit": null,
            "gross_margin": null,
            "gross_margin_4q_avg": 0,
            "net_income": null,
            "revenue": null,
            "common_shares": null,
            "book_valuer_per_share": null,
            "book_valuer_per_share_4q_avg": 0.25,
            "equity": null,
            "current_ratio": null,
            "debt_ratio": null,
            "inventory_turnover_ratio": null,
            "account_receivable_turnover_ratio": null,
            "reinvestment_rate": null,
            "research_to_sale_ratio": null,
            "price_fair": 0,
            "eps_avg_yearly": 0,
            "eps_latest_yearly": 0,
            "eps_growth_yearly": 0
        },
        "20063": {
            "year_quarter": 20063,
            "year": 2006,
            "quarter": 3,
            "eps": null,
            "eps_growth_year": null,
            "eps_4q": null,
            "eps_4q_growth_year": null,
            "roe": null,
            "roe_4q": 0,
            "gross_profit": null,
            "gross_margin": null,
            "gross_margin_4q_avg": 0,
            "net_income": null,
            "revenue": null,
            "common_shares": null,
            "book_valuer_per_share": null,
            "book_valuer_per_share_4q_avg": 0.25,
            "equity": null,
            "current_ratio": null,
            "debt_ratio": null,
            "inventory_turnover_ratio": null,
            "account_receivable_turnover_ratio": null,
            "reinvestment_rate": null,
            "research_to_sale_ratio": null,
            "price_fair": 0,
            "eps_avg_yearly": 0,
            "eps_latest_yearly": 0,
            "eps_growth_yearly": 0
        },
        "20064": {
            "year_quarter": 20064,
            "year": 2006,
            "quarter": 4,
            "eps": null,
            "eps_growth_year": null,
            "eps_4q": null,
            "eps_4q_growth_year": null,
            "roe": null,
            "roe_4q": 0,
            "gross_profit": null,
            "gross_margin": null,
            "gross_margin_4q_avg": 0,
            "net_income": null,
            "revenue": null,
            "common_shares": 507946,
            "book_valuer_per_share": 2.46,
            "book_valuer_per_share_4q_avg": 0.62,
            "equity": 125066,
            "current_ratio": 120.5,
            "debt_ratio": 54.47,
            "inventory_turnover_ratio": null,
            "account_receivable_turnover_ratio": null,
            "reinvestment_rate": null,
            "research_to_sale_ratio": null,
            "price_fair": 0,
            "eps_avg_yearly": 0,
            "eps_latest_yearly": 0,
            "eps_growth_yearly": 0
        },
        "20071": {
            "year_quarter": 20071,
            "year": 2007,
            "quarter": 1,
            "eps": null,
            "eps_growth_year": null,
            "eps_4q": null,
            "eps_4q_growth_year": null,
            "roe": null,
            "roe_4q": 0,
            "gross_profit": null,
            "gross_margin": null,
            "gross_margin_4q_avg": 0,
            "net_income": null,
            "revenue": null,
            "common_shares": null,
            "book_valuer_per_share": null,
            "book_valuer_per_share_4q_avg": 0.62,
            "equity": null,
            "current_ratio": null,
            "debt_ratio": null,
            "inventory_turnover_ratio": null,
            "account_receivable_turnover_ratio": null,
            "reinvestment_rate": null,
            "research_to_sale_ratio": null,
            "price_fair": 0,
            "eps_avg_yearly": 0,
            "eps_latest_yearly": 0,
            "eps_growth_yearly": 0
        },
        "20072": {
            "year_quarter": 20072,
            "year": 2007,
            "quarter": 2,
            "eps": null,
            "eps_growth_year": null,
            "eps_4q": null,
            "eps_4q_growth_year": null,
            "roe": null,
            "roe_4q": 0,
            "gross_profit": null,
            "gross_margin": null,
            "gross_margin_4q_avg": 0,
            "net_income": null,
            "revenue": null,
            "common_shares": null,
            "book_valuer_per_share": null,
            "book_valuer_per_share_4q_avg": 0.62,
            "equity": null,
            "current_ratio": null,
            "debt_ratio": null,
            "inventory_turnover_ratio": null,
            "account_receivable_turnover_ratio": null,
            "reinvestment_rate": null,
            "research_to_sale_ratio": null,
            "price_fair": 0,
            "eps_avg_yearly": 0,
            "eps_latest_yearly": 0,
            "eps_growth_yearly": 0
        },
        "20073": {
            "year_quarter": 20073,
            "year": 2007,
            "quarter": 3,
            "eps": null,
            "eps_growth_year": null,
            "eps_4q": null,
            "eps_4q_growth_year": null,
            "roe": null,
            "roe_4q": 0,
            "gross_profit": null,
            "gross_margin": null,
            "gross_margin_4q_avg": 0,
            "net_income": null,
            "revenue": null,
            "common_shares": null,
            "book_valuer_per_share": null,
            "book_valuer_per_share_4q_avg": 0.62,
            "equity": null,
            "current_ratio": null,
            "debt_ratio": null,
            "inventory_turnover_ratio": null,
            "account_receivable_turnover_ratio": null,
            "reinvestment_rate": null,
            "research_to_sale_ratio": null,
            "price_fair": 0,
            "eps_avg_yearly": 0,
            "eps_latest_yearly": 0,
            "eps_growth_yearly": 0
        },
        "20074": {
            "year_quarter": 20074,
            "year": 2007,
            "quarter": 4,
            "eps": null,
            "eps_growth_year": null,
            "eps_4q": null,
            "eps_4q_growth_year": null,
            "roe": null,
            "roe_4q": 0,
            "gross_profit": null,
            "gross_margin": null,
            "gross_margin_4q_avg": 0,
            "net_income": null,
            "revenue": null,
            "common_shares": 528989,
            "book_valuer_per_share": 13.09,
            "book_valuer_per_share_4q_avg": 3.27,
            "equity": 692545,
            "current_ratio": 414.8,
            "debt_ratio": 21.2,
            "inventory_turnover_ratio": null,
            "account_receivable_turnover_ratio": null,
            "reinvestment_rate": null,
            "research_to_sale_ratio": null,
            "price_fair": 0,
            "eps_avg_yearly": 0,
            "eps_latest_yearly": 0,
            "eps_growth_yearly": 0
        },
        "20081": {
            "year_quarter": 20081,
            "year": 2008,
            "quarter": 1,
            "eps": null,
            "eps_growth_year": null,
            "eps_4q": null,
            "eps_4q_growth_year": null,
            "roe": null,
            "roe_4q": 0,
            "gross_profit": null,
            "gross_margin": null,
            "gross_margin_4q_avg": 0,
            "net_income": null,
            "revenue": null,
            "common_shares": null,
            "book_valuer_per_share": null,
            "book_valuer_per_share_4q_avg": 3.27,
            "equity": null,
            "current_ratio": null,
            "debt_ratio": null,
            "inventory_turnover_ratio": null,
            "account_receivable_turnover_ratio": null,
            "reinvestment_rate": null,
            "research_to_sale_ratio": null,
            "price_fair": 0,
            "eps_avg_yearly": 0,
            "eps_latest_yearly": 0,
            "eps_growth_yearly": 0
        },
        "20082": {
            "year_quarter": 20082,
            "year": 2008,
            "quarter": 2,
            "eps": null,
            "eps_growth_year": null,
            "eps_4q": null,
            "eps_4q_growth_year": null,
            "roe": null,
            "roe_4q": 0,
            "gross_profit": null,
            "gross_margin": null,
            "gross_margin_4q_avg": 0,
            "net_income": null,
            "revenue": null,
            "common_shares": null,
            "book_valuer_per_share": null,
            "book_valuer_per_share_4q_avg": 3.27,
            "equity": null,
            "current_ratio": null,
            "debt_ratio": null,
            "inventory_turnover_ratio": null,
            "account_receivable_turnover_ratio": null,
            "reinvestment_rate": null,
            "research_to_sale_ratio": null,
            "price_fair": 0,
            "eps_avg_yearly": 0,
            "eps_latest_yearly": 0,
            "eps_growth_yearly": 0
        },
        "20083": {
            "year_quarter": 20083,
            "year": 2008,
            "quarter": 3,
            "eps": 0.29,
            "eps_growth_year": null,
            "eps_4q": null,
            "eps_4q_growth_year": null,
            "roe": 2.13,
            "roe_4q": 2.13,
            "gross_profit": 44913,
            "gross_margin": 65.21,
            "gross_margin_4q_avg": 16.3,
            "net_income": 15729,
            "revenue": 68875,
            "common_shares": 540579,
            "book_valuer_per_share": 13.64,
            "book_valuer_per_share_4q_avg": 6.68,
            "equity": 737617,
            "current_ratio": 522.55,
            "debt_ratio": 15.53,
            "inventory_turnover_ratio": 0.07,
            "account_receivable_turnover_ratio": null,
            "reinvestment_rate": null,
            "research_to_sale_ratio": null,
            "price_fair": 0,
            "eps_avg_yearly": 0,
            "eps_latest_yearly": 0,
            "eps_growth_yearly": 0
        },
        "20084": {
            "year_quarter": 20084,
            "year": 2008,
            "quarter": 4,
            "eps": 0.11,
            "eps_growth_year": null,
            "eps_4q": null,
            "eps_4q_growth_year": null,
            "roe": 0.77,
            "roe_4q": 2.9,
            "gross_profit": 46002,
            "gross_margin": 61.32,
            "gross_margin_4q_avg": 31.63,
            "net_income": 5701,
            "revenue": 75015,
            "common_shares": 541579,
            "book_valuer_per_share": 13.74,
            "book_valuer_per_share_4q_avg": 6.85,
            "equity": 744307,
            "current_ratio": 615.88,
            "debt_ratio": 13.15,
            "inventory_turnover_ratio": 0.08,
            "account_receivable_turnover_ratio": 4.07,
            "reinvestment_rate": null,
            "research_to_sale_ratio": null,
            "price_fair": 1.32,
            "eps_avg_yearly": 0.44,
            "eps_latest_yearly": 0.44,
            "eps_growth_yearly": -248.28
        },
        "20091": {
            "year_quarter": 20091,
            "year": 2009,
            "quarter": 1,
            "eps": 0.46,
            "eps_growth_year": null,
            "eps_4q": null,
            "eps_4q_growth_year": null,
            "roe": 3.26,
            "roe_4q": 6.159999999999999,
            "gross_profit": 55077,
            "gross_margin": 59.53,
            "gross_margin_4q_avg": 46.52,
            "net_income": 24699,
            "revenue": 92514,
            "common_shares": 541579,
            "book_valuer_per_share": 14.2,
            "book_valuer_per_share_4q_avg": 10.4,
            "equity": 769005,
            "current_ratio": 759.32,
            "debt_ratio": 11.06,
            "inventory_turnover_ratio": 0.09,
            "account_receivable_turnover_ratio": 2,
            "reinvestment_rate": null,
            "research_to_sale_ratio": null,
            "price_fair": 39.9,
            "eps_avg_yearly": 1.14,
            "eps_latest_yearly": 1.84,
            "eps_growth_yearly": 512.23
        },
        "20092": {
            "year_quarter": 20092,
            "year": 2009,
            "quarter": 2,
            "eps": 0.61,
            "eps_growth_year": null,
            "eps_4q": 1.47,
            "eps_4q_growth_year": null,
            "roe": 4.18,
            "roe_4q": 10.34,
            "gross_profit": 54394,
            "gross_margin": 53.82,
            "gross_margin_4q_avg": 59.97,
            "net_income": 32799,
            "revenue": 101060,
            "common_shares": 541579,
            "book_valuer_per_share": 14.8,
            "book_valuer_per_share_4q_avg": 14.1,
            "equity": 801805,
            "current_ratio": 809.35,
            "debt_ratio": 10.67,
            "inventory_turnover_ratio": 0.11,
            "account_receivable_turnover_ratio": 1.98,
            "reinvestment_rate": null,
            "research_to_sale_ratio": null,
            "price_fair": 55.07,
            "eps_avg_yearly": 1.57,
            "eps_latest_yearly": 2.44,
            "eps_growth_yearly": 384.96
        },
        "20093": {
            "year_quarter": 20093,
            "year": 2009,
            "quarter": 3,
            "eps": 0.36,
            "eps_growth_year": 24.14,
            "eps_4q": 1.52,
            "eps_4q_growth_year": null,
            "roe": 2.42,
            "roe_4q": 10.629999999999999,
            "gross_profit": 55658,
            "gross_margin": 54.26,
            "gross_margin_4q_avg": 57.23,
            "net_income": 19653,
            "revenue": 102575,
            "common_shares": 541579,
            "book_valuer_per_share": 15.17,
            "book_valuer_per_share_4q_avg": 14.48,
            "equity": 821458,
            "current_ratio": 825.09,
            "debt_ratio": 10.66,
            "inventory_turnover_ratio": 0.1,
            "account_receivable_turnover_ratio": 1.98,
            "reinvestment_rate": null,
            "research_to_sale_ratio": null,
            "price_fair": 53.9,
            "eps_avg_yearly": 1.54,
            "eps_latest_yearly": 1.44,
            "eps_growth_yearly": 247.74
        },
        "20094": {
            "year_quarter": 20094,
            "year": 2009,
            "quarter": 4,
            "eps": 0.41,
            "eps_growth_year": 272.73,
            "eps_4q": 1.67,
            "eps_4q_growth_year": null,
            "roe": 2.21,
            "roe_4q": 12.069999999999999,
            "gross_profit": 65695,
            "gross_margin": 61.58,
            "gross_margin_4q_avg": 57.3,
            "net_income": 22407,
            "revenue": 106685,
            "common_shares": 595469,
            "book_valuer_per_share": 20.32,
            "book_valuer_per_share_4q_avg": 16.12,
            "equity": 1210173,
            "current_ratio": 1257.2,
            "debt_ratio": 7.3,
            "inventory_turnover_ratio": 0.09,
            "account_receivable_turnover_ratio": 3.48,
            "reinvestment_rate": null,
            "research_to_sale_ratio": null,
            "price_fair": 54.6,
            "eps_avg_yearly": 1.56,
            "eps_latest_yearly": 1.64,
            "eps_growth_yearly": 209.3
        },
        "20101": {
            "year_quarter": 20101,
            "year": 2010,
            "quarter": 1,
            "eps": 0.71,
            "eps_growth_year": 54.35,
            "eps_4q": 1.97,
            "eps_4q_growth_year": null,
            "roe": 3.44,
            "roe_4q": 12.25,
            "gross_profit": 67173,
            "gross_margin": 58.45,
            "gross_margin_4q_avg": 57.03,
            "net_income": 42421,
            "revenue": 114922,
            "common_shares": 595469,
            "book_valuer_per_share": 21.04,
            "book_valuer_per_share_4q_avg": 17.83,
            "equity": 1252594,
            "current_ratio": 2142.99,
            "debt_ratio": 4.37,
            "inventory_turnover_ratio": 0.1,
            "account_receivable_turnover_ratio": 1.73,
            "reinvestment_rate": null,
            "research_to_sale_ratio": 6.32,
            "price_fair": 62.07,
            "eps_avg_yearly": 1.77,
            "eps_latest_yearly": 2.84,
            "eps_growth_yearly": 223.2
        },
        "20102": {
            "year_quarter": 20102,
            "year": 2010,
            "quarter": 2,
            "eps": 0.77,
            "eps_growth_year": 25.8,
            "eps_4q": 2.19,
            "eps_4q_growth_year": 48.93,
            "roe": 3.71,
            "roe_4q": 11.78,
            "gross_profit": 73101,
            "gross_margin": 57.84,
            "gross_margin_4q_avg": 58.03,
            "net_income": 45694,
            "revenue": 126392,
            "common_shares": 595469,
            "book_valuer_per_share": 20.3,
            "book_valuer_per_share_4q_avg": 19.21,
            "equity": 1208968,
            "current_ratio": 814,
            "debt_ratio": 11.15,
            "inventory_turnover_ratio": 0.11,
            "account_receivable_turnover_ratio": 1.72,
            "reinvestment_rate": null,
            "research_to_sale_ratio": 5.89,
            "price_fair": 68.6,
            "eps_avg_yearly": 1.96,
            "eps_latest_yearly": 3.08,
            "eps_growth_yearly": 196.14
        },
        "20103": {
            "year_quarter": 20103,
            "year": 2010,
            "quarter": 3,
            "eps": 0.69,
            "eps_growth_year": 90.85,
            "eps_4q": 2.54,
            "eps_4q_growth_year": 67.57,
            "roe": 3.33,
            "roe_4q": 12.690000000000001,
            "gross_profit": 74721,
            "gross_margin": 61.85,
            "gross_margin_4q_avg": 59.93,
            "net_income": 40912,
            "revenue": 120818,
            "common_shares": 595469,
            "book_valuer_per_share": 20.99,
            "book_valuer_per_share_4q_avg": 20.66,
            "equity": 1249881,
            "current_ratio": 2121.44,
            "debt_ratio": 4.35,
            "inventory_turnover_ratio": 0.09,
            "account_receivable_turnover_ratio": 1.74,
            "reinvestment_rate": null,
            "research_to_sale_ratio": 6.91,
            "price_fair": 72.1,
            "eps_avg_yearly": 2.06,
            "eps_latest_yearly": 2.76,
            "eps_growth_yearly": 166.43
        },
        "20104": {
            "year_quarter": 20104,
            "year": 2010,
            "quarter": 4,
            "eps": 0.34,
            "eps_growth_year": -18.01,
            "eps_4q": 2.5,
            "eps_4q_growth_year": 49.71,
            "roe": 1.59,
            "roe_4q": 12.069999999999999,
            "gross_profit": 66672,
            "gross_margin": 59.03,
            "gross_margin_4q_avg": 59.29,
            "net_income": 20018,
            "revenue": 112940,
            "common_shares": 595469,
            "book_valuer_per_share": 21.33,
            "book_valuer_per_share_4q_avg": 20.92,
            "equity": 1269898,
            "current_ratio": 1903.97,
            "debt_ratio": 4.82,
            "inventory_turnover_ratio": 0.09,
            "account_receivable_turnover_ratio": 1.93,
            "reinvestment_rate": null,
            "research_to_sale_ratio": 6.71,
            "price_fair": 69.38,
            "eps_avg_yearly": 1.98,
            "eps_latest_yearly": 1.36,
            "eps_growth_yearly": 125.39
        },
        "20111": {
            "year_quarter": 20111,
            "year": 2011,
            "quarter": 1,
            "eps": 0.66,
            "eps_growth_year": -7.04,
            "eps_4q": 2.45,
            "eps_4q_growth_year": 24.32,
            "roe": 3.04,
            "roe_4q": 11.67,
            "gross_profit": 68040,
            "gross_margin": 55.41,
            "gross_margin_4q_avg": 58.53,
            "net_income": 39178,
            "revenue": 122783,
            "common_shares": 595469,
            "book_valuer_per_share": 21.98,
            "book_valuer_per_share_4q_avg": 21.15,
            "equity": 1309076,
            "current_ratio": 2003.93,
            "debt_ratio": 4.62,
            "inventory_turnover_ratio": 0.1,
            "account_receivable_turnover_ratio": 1.88,
            "reinvestment_rate": null,
            "research_to_sale_ratio": 5.89,
            "price_fair": 71.68,
            "eps_avg_yearly": 2.05,
            "eps_latest_yearly": 2.64,
            "eps_growth_yearly": 150.5
        },
        "20112": {
            "year_quarter": 20112,
            "year": 2011,
            "quarter": 2,
            "eps": 0.39,
            "eps_growth_year": -49.02,
            "eps_4q": 2.07,
            "eps_4q_growth_year": -5.2,
            "roe": 1.85,
            "roe_4q": 9.81,
            "gross_profit": 66212,
            "gross_margin": 56.41,
            "gross_margin_4q_avg": 58.18,
            "net_income": 23293,
            "revenue": 117386,
            "common_shares": 595469,
            "book_valuer_per_share": 20.38,
            "book_valuer_per_share_4q_avg": 21.17,
            "equity": 1213274,
            "current_ratio": 715.11,
            "debt_ratio": 12.92,
            "inventory_turnover_ratio": 0.1,
            "account_receivable_turnover_ratio": 1.56,
            "reinvestment_rate": null,
            "research_to_sale_ratio": 6.87,
            "price_fair": 70.13,
            "eps_avg_yearly": 2,
            "eps_latest_yearly": 1.56,
            "eps_growth_yearly": 121.94
        },
        "20113": {
            "year_quarter": 20113,
            "year": 2011,
            "quarter": 3,
            "eps": 0.48,
            "eps_growth_year": -30.79,
            "eps_4q": 1.86,
            "eps_4q_growth_year": -26.83,
            "roe": 2.31,
            "roe_4q": 8.790000000000001,
            "gross_profit": 63462,
            "gross_margin": 56.38,
            "gross_margin_4q_avg": 56.81,
            "net_income": 28315,
            "revenue": 112555,
            "common_shares": 595469,
            "book_valuer_per_share": 20.85,
            "book_valuer_per_share_4q_avg": 21.14,
            "equity": 1241590,
            "current_ratio": 1984.04,
            "debt_ratio": 4.69,
            "inventory_turnover_ratio": 0.09,
            "account_receivable_turnover_ratio": 1.48,
            "reinvestment_rate": null,
            "research_to_sale_ratio": 5.43,
            "price_fair": 69.88,
            "eps_avg_yearly": 2,
            "eps_latest_yearly": 1.92,
            "eps_growth_yearly": 119.47
        },
        "20114": {
            "year_quarter": 20114,
            "year": 2011,
            "quarter": 4,
            "eps": 0.49,
            "eps_growth_year": 45.26,
            "eps_4q": 2.01,
            "eps_4q_growth_year": -19.58,
            "roe": 2.32,
            "roe_4q": 9.52,
            "gross_profit": 70825,
            "gross_margin": 59.1,
            "gross_margin_4q_avg": 56.83,
            "net_income": 29079,
            "revenue": 119845,
            "common_shares": 595469,
            "book_valuer_per_share": 21.34,
            "book_valuer_per_share_4q_avg": 21.14,
            "equity": 1270668,
            "current_ratio": 1486.55,
            "debt_ratio": 6.24,
            "inventory_turnover_ratio": 0.09,
            "account_receivable_turnover_ratio": 1.65,
            "reinvestment_rate": null,
            "research_to_sale_ratio": 6.21,
            "price_fair": 69.78,
            "eps_avg_yearly": 1.99,
            "eps_latest_yearly": 1.96,
            "eps_growth_yearly": 110.92
        },
        "20121": {
            "year_quarter": 20121,
            "year": 2012,
            "quarter": 1,
            "eps": 0.46,
            "eps_growth_year": -30.3,
            "eps_4q": 1.81,
            "eps_4q_growth_year": -25.89,
            "roe": 2.13,
            "roe_4q": 8.61,
            "gross_profit": 73863,
            "gross_margin": 61.41,
            "gross_margin_4q_avg": 58.33,
            "net_income": 27360,
            "revenue": 120279,
            "common_shares": 595469,
            "book_valuer_per_share": 21.8,
            "book_valuer_per_share_4q_avg": 21.09,
            "equity": 1298028,
            "current_ratio": 1808.99,
            "debt_ratio": 5.15,
            "inventory_turnover_ratio": 0.08,
            "account_receivable_turnover_ratio": 1.76,
            "reinvestment_rate": null,
            "research_to_sale_ratio": 7.21,
            "price_fair": 69.4,
            "eps_avg_yearly": 1.98,
            "eps_latest_yearly": 1.84,
            "eps_growth_yearly": 101.25
        },
        "20122": {
            "year_quarter": 20122,
            "year": 2012,
            "quarter": 2,
            "eps": 0.25,
            "eps_growth_year": -36.07,
            "eps_4q": 1.67,
            "eps_4q_growth_year": -19.25,
            "roe": 1.2,
            "roe_4q": 7.960000000000001,
            "gross_profit": 58863,
            "gross_margin": 53.24,
            "gross_margin_4q_avg": 57.53,
            "net_income": 14892,
            "revenue": 110555,
            "common_shares": 595469,
            "book_valuer_per_share": 20.06,
            "book_valuer_per_share_4q_avg": 21.01,
            "equity": 1194351,
            "current_ratio": 687.16,
            "debt_ratio": 13.53,
            "inventory_turnover_ratio": 0.09,
            "account_receivable_turnover_ratio": 1.54,
            "reinvestment_rate": 12.98,
            "research_to_sale_ratio": 7.68,
            "price_fair": 67.11,
            "eps_avg_yearly": 1.92,
            "eps_latest_yearly": 1,
            "eps_growth_yearly": 82.33
        },
        "20123": {
            "year_quarter": 20123,
            "year": 2012,
            "quarter": 3,
            "eps": 0.31,
            "eps_growth_year": -35.68,
            "eps_4q": 1.5,
            "eps_4q_growth_year": -19.19,
            "roe": 1.51,
            "roe_4q": 7.16,
            "gross_profit": 59655,
            "gross_margin": 51.57,
            "gross_margin_4q_avg": 56.33,
            "net_income": 18213,
            "revenue": 115673,
            "common_shares": 595469,
            "book_valuer_per_share": 20.36,
            "book_valuer_per_share_4q_avg": 20.89,
            "equity": 1212564,
            "current_ratio": 1743.77,
            "debt_ratio": 5.31,
            "inventory_turnover_ratio": 0.1,
            "account_receivable_turnover_ratio": 1.63,
            "reinvestment_rate": -14.93,
            "research_to_sale_ratio": 8.04,
            "price_fair": 65.63,
            "eps_avg_yearly": 1.88,
            "eps_latest_yearly": 1.24,
            "eps_growth_yearly": 83.18
        },
        "20124": {
            "year_quarter": 20124,
            "year": 2012,
            "quarter": 4,
            "eps": 0.27,
            "eps_growth_year": -43.69,
            "eps_4q": 1.29,
            "eps_4q_growth_year": -35.9,
            "roe": 1.34,
            "roe_4q": 6.18,
            "gross_profit": 61845,
            "gross_margin": 52.74,
            "gross_margin_4q_avg": 54.74,
            "net_income": 16373,
            "revenue": 117267,
            "common_shares": 595469,
            "book_valuer_per_share": 20.64,
            "book_valuer_per_share_4q_avg": 20.72,
            "equity": 1228937,
            "current_ratio": 1890.38,
            "debt_ratio": 4.89,
            "inventory_turnover_ratio": 0.1,
            "account_receivable_turnover_ratio": 1.63,
            "reinvestment_rate": -12.33,
            "research_to_sale_ratio": 10.31,
            "price_fair": 67.03,
            "eps_avg_yearly": 1.92,
            "eps_latest_yearly": 1.08,
            "eps_growth_yearly": 95.47
        },
        "20131": {
            "year_quarter": 20131,
            "year": 2013,
            "quarter": 1,
            "eps": 0.42,
            "eps_growth_year": -8.7,
            "eps_4q": 1.25,
            "eps_4q_growth_year": -31.19,
            "roe": 2,
            "roe_4q": 6.05,
            "gross_profit": 67504,
            "gross_margin": 52.04,
            "gross_margin_4q_avg": 52.4,
            "net_income": 24870,
            "revenue": 129722,
            "common_shares": 595469,
            "book_valuer_per_share": 21.04,
            "book_valuer_per_share_4q_avg": 20.53,
            "equity": 1252612,
            "current_ratio": 1631.62,
            "debt_ratio": 5.49,
            "inventory_turnover_ratio": 0.11,
            "account_receivable_turnover_ratio": 1.65,
            "reinvestment_rate": -12.16,
            "research_to_sale_ratio": 6.84,
            "price_fair": 66.68,
            "eps_avg_yearly": 1.91,
            "eps_latest_yearly": 1.68,
            "eps_growth_yearly": 29.82
        },
        "20132": {
            "year_quarter": 20132,
            "year": 2013,
            "quarter": 2,
            "eps": 0.33,
            "eps_growth_year": 31.95,
            "eps_4q": 1.33,
            "eps_4q_growth_year": -20.43,
            "roe": 1.62,
            "roe_4q": 6.47,
            "gross_profit": 60066,
            "gross_margin": 51.69,
            "gross_margin_4q_avg": 52.01,
            "net_income": 19830,
            "revenue": 116209,
            "common_shares": 595469,
            "book_valuer_per_share": 20.17,
            "book_valuer_per_share_4q_avg": 20.55,
            "equity": 1200986,
            "current_ratio": 910.86,
            "debt_ratio": 9.88,
            "inventory_turnover_ratio": 0.1,
            "account_receivable_turnover_ratio": 1.52,
            "reinvestment_rate": -11.05,
            "research_to_sale_ratio": 7.03,
            "price_fair": 48.27,
            "eps_avg_yearly": 1.84,
            "eps_latest_yearly": 1.32,
            "eps_growth_yearly": 16.31
        },
        "20133": {
            "year_quarter": 20133,
            "year": 2013,
            "quarter": 3,
            "eps": 0.26,
            "eps_growth_year": -14.99,
            "eps_4q": 1.29,
            "eps_4q_growth_year": -14.47,
            "roe": 1.28,
            "roe_4q": 6.24,
            "gross_profit": 55376,
            "gross_margin": 49.9,
            "gross_margin_4q_avg": 51.59,
            "net_income": 15513,
            "revenue": 110975,
            "common_shares": 595469,
            "book_valuer_per_share": 20.43,
            "book_valuer_per_share_4q_avg": 20.57,
            "equity": 1216499,
            "current_ratio": 2244.3,
            "debt_ratio": 4,
            "inventory_turnover_ratio": 0.1,
            "account_receivable_turnover_ratio": 1.59,
            "reinvestment_rate": -10.23,
            "research_to_sale_ratio": 8.4,
            "price_fair": 56.56,
            "eps_avg_yearly": 1.81,
            "eps_latest_yearly": 1.04,
            "eps_growth_yearly": 21.25
        },
        "20134": {
            "year_quarter": 20134,
            "year": 2013,
            "quarter": 4,
            "eps": 0.21,
            "eps_growth_year": -22.54,
            "eps_4q": 1.22,
            "eps_4q_growth_year": -5.13,
            "roe": 1.04,
            "roe_4q": 5.94,
            "gross_profit": 53242,
            "gross_margin": 49.86,
            "gross_margin_4q_avg": 50.87,
            "net_income": 12683,
            "revenue": 106793,
            "common_shares": 595469,
            "book_valuer_per_share": 20.65,
            "book_valuer_per_share_4q_avg": 20.57,
            "equity": 1229757,
            "current_ratio": 2065.93,
            "debt_ratio": 4.31,
            "inventory_turnover_ratio": 0.09,
            "account_receivable_turnover_ratio": 1.66,
            "reinvestment_rate": -7.49,
            "research_to_sale_ratio": 13.4,
            "price_fair": 40.43,
            "eps_avg_yearly": 1.76,
            "eps_latest_yearly": 0.84,
            "eps_growth_yearly": 12.97
        },
        "20141": {
            "year_quarter": 20141,
            "year": 2014,
            "quarter": 1,
            "eps": 0.23,
            "eps_growth_year": -45.24,
            "eps_4q": 1.04,
            "eps_4q_growth_year": -16.93,
            "roe": 1.11,
            "roe_4q": 5.050000000000001,
            "gross_profit": 54754,
            "gross_margin": 50.36,
            "gross_margin_4q_avg": 50.45,
            "net_income": 13736,
            "revenue": 108728,
            "common_shares": 595469,
            "book_valuer_per_share": 20.88,
            "book_valuer_per_share_4q_avg": 20.53,
            "equity": 1243493,
            "current_ratio": 2115,
            "debt_ratio": 4.25,
            "inventory_turnover_ratio": 0.09,
            "account_receivable_turnover_ratio": 1.68,
            "reinvestment_rate": -7.12,
            "research_to_sale_ratio": 9.62,
            "price_fair": 4.92,
            "eps_avg_yearly": 1.64,
            "eps_latest_yearly": 0.92,
            "eps_growth_yearly": -2.94
        },
        "20142": {
            "year_quarter": 20142,
            "year": 2014,
            "quarter": 2,
            "eps": 0.21,
            "eps_growth_year": -36.36,
            "eps_4q": 0.91,
            "eps_4q_growth_year": -31.66,
            "roe": 1.01,
            "roe_4q": 4.44,
            "gross_profit": 54920,
            "gross_margin": 49.76,
            "gross_margin_4q_avg": 49.97,
            "net_income": 12254,
            "revenue": 110371,
            "common_shares": 595469,
            "book_valuer_per_share": 19.99,
            "book_valuer_per_share_4q_avg": 20.49,
            "equity": 1190245,
            "current_ratio": 925.84,
            "debt_ratio": 9.73,
            "inventory_turnover_ratio": 0.09,
            "account_receivable_turnover_ratio": 1.57,
            "reinvestment_rate": -6.71,
            "research_to_sale_ratio": 9.7,
            "price_fair": 4.5,
            "eps_avg_yearly": 1.5,
            "eps_latest_yearly": 0.84,
            "eps_growth_yearly": -7.23
        },
        "20143": {
            "year_quarter": 20143,
            "year": 2014,
            "quarter": 3,
            "eps": 0.28,
            "eps_growth_year": 7.69,
            "eps_4q": 0.92,
            "eps_4q_growth_year": -28.1,
            "roe": 1.37,
            "roe_4q": 4.53,
            "gross_profit": 55957,
            "gross_margin": 51.51,
            "gross_margin_4q_avg": 50.37,
            "net_income": 16393,
            "revenue": 108636,
            "common_shares": 595469,
            "book_valuer_per_share": 20.26,
            "book_valuer_per_share_4q_avg": 20.45,
            "equity": 1206638,
            "current_ratio": 1810.66,
            "debt_ratio": 4.95,
            "inventory_turnover_ratio": 0.09,
            "account_receivable_turnover_ratio": 1.6,
            "reinvestment_rate": -5.05,
            "research_to_sale_ratio": 9.28,
            "price_fair": 19.15,
            "eps_avg_yearly": 1.4,
            "eps_latest_yearly": 1.12,
            "eps_growth_yearly": 3.7
        },
        "20144": {
            "year_quarter": 20144,
            "year": 2014,
            "quarter": 4,
            "eps": 0.39,
            "eps_growth_year": 83.39,
            "eps_4q": 1.1,
            "eps_4q_growth_year": -9.95,
            "roe": 1.91,
            "roe_4q": 5.4,
            "gross_profit": 58121,
            "gross_margin": 52.66,
            "gross_margin_4q_avg": 51.07,
            "net_income": 23260,
            "revenue": 110377,
            "common_shares": 595469,
            "book_valuer_per_share": 20.65,
            "book_valuer_per_share_4q_avg": 20.45,
            "equity": 1229724,
            "current_ratio": 1506.76,
            "debt_ratio": 5.98,
            "inventory_turnover_ratio": 0.09,
            "account_receivable_turnover_ratio": 1.83,
            "reinvestment_rate": -4.89,
            "research_to_sale_ratio": 10.42,
            "price_fair": 49.35,
            "eps_avg_yearly": 1.41,
            "eps_latest_yearly": 1.56,
            "eps_growth_yearly": 26.21
        },
        "20151": {
            "year_quarter": 20151,
            "year": 2015,
            "quarter": 1,
            "eps": 0.01,
            "eps_growth_year": -95.65,
            "eps_4q": 0.88,
            "eps_4q_growth_year": -15,
            "roe": 0.05,
            "roe_4q": 4.34,
            "gross_profit": 44190,
            "gross_margin": 39.73,
            "gross_margin_4q_avg": 48.42,
            "net_income": 591,
            "revenue": 111236,
            "common_shares": 595469,
            "book_valuer_per_share": 20.66,
            "book_valuer_per_share_4q_avg": 20.39,
            "equity": 1230396,
            "current_ratio": 1671.54,
            "debt_ratio": 5.39,
            "inventory_turnover_ratio": 0.11,
            "account_receivable_turnover_ratio": 1.82,
            "reinvestment_rate": -5.75,
            "research_to_sale_ratio": 10.92,
            "price_fair": 3.74,
            "eps_avg_yearly": 1.25,
            "eps_latest_yearly": 0.04,
            "eps_growth_yearly": -21.68
        },
        "20152": {
            "year_quarter": 20152,
            "year": 2015,
            "quarter": 2,
            "eps": 0.43,
            "eps_growth_year": 104.76,
            "eps_4q": 1.13,
            "eps_4q_growth_year": 24.29,
            "roe": 2.14,
            "roe_4q": 5.47,
            "gross_profit": 71892,
            "gross_margin": 58.36,
            "gross_margin_4q_avg": 50.57,
            "net_income": 25406,
            "revenue": 123189,
            "common_shares": 595469,
            "book_valuer_per_share": 19.77,
            "book_valuer_per_share_4q_avg": 20.34,
            "equity": 1147611,
            "current_ratio": 811.28,
            "debt_ratio": 10.41,
            "inventory_turnover_ratio": 0.09,
            "account_receivable_turnover_ratio": 1.82,
            "reinvestment_rate": -4.67,
            "research_to_sale_ratio": 9.49,
            "price_fair": 44.01,
            "eps_avg_yearly": 1.26,
            "eps_latest_yearly": 1.72,
            "eps_growth_yearly": 1038.54
        },
        "20153": {
            "year_quarter": 20153,
            "year": 2015,
            "quarter": 3,
            "eps": 0.15,
            "eps_growth_year": -46.43,
            "eps_4q": 1,
            "eps_4q_growth_year": 8.06,
            "roe": 0.76,
            "roe_4q": 4.86,
            "gross_profit": 44749,
            "gross_margin": 42.75,
            "gross_margin_4q_avg": 48.38,
            "net_income": 8748,
            "revenue": 104678,
            "common_shares": 580469,
            "book_valuer_per_share": 19.94,
            "book_valuer_per_share_4q_avg": 20.26,
            "equity": 1157421,
            "current_ratio": 1463.26,
            "debt_ratio": 5.31,
            "inventory_turnover_ratio": 0.1,
            "account_receivable_turnover_ratio": 1.52,
            "reinvestment_rate": 43.03,
            "research_to_sale_ratio": 12.48,
            "price_fair": 41.13,
            "eps_avg_yearly": 1.18,
            "eps_latest_yearly": 0.6,
            "eps_growth_yearly": 1016.5
        },
        "20154": {
            "year_quarter": 20154,
            "year": 2015,
            "quarter": 4,
            "eps": 0.18,
            "eps_growth_year": -55.16,
            "eps_4q": 0.77,
            "eps_4q_growth_year": -29.82,
            "roe": 0.87,
            "roe_4q": 3.82,
            "gross_profit": 52874,
            "gross_margin": 47.1,
            "gross_margin_4q_avg": 46.99,
            "net_income": 10166,
            "revenue": 112264,
            "common_shares": 580469,
            "book_valuer_per_share": 20.1,
            "book_valuer_per_share_4q_avg": 20.12,
            "equity": 1166627,
            "current_ratio": 1170.89,
            "debt_ratio": 6.59,
            "inventory_turnover_ratio": 0.1,
            "account_receivable_turnover_ratio": 1.73,
            "reinvestment_rate": 41,
            "research_to_sale_ratio": 10.66,
            "price_fair": 38.41,
            "eps_avg_yearly": 1.1,
            "eps_latest_yearly": 0.72,
            "eps_growth_yearly": 1020.98
        },
        "20161": {
            "year_quarter": 20161,
            "year": 2016,
            "quarter": 1,
            "eps": 0.25,
            "eps_growth_year": 2400,
            "eps_4q": 1.02,
            "eps_4q_growth_year": 15.25,
            "roe": 1.25,
            "roe_4q": 5.02,
            "gross_profit": 56223,
            "gross_margin": 47.72,
            "gross_margin_4q_avg": 48.98,
            "net_income": 14660,
            "revenue": 117808,
            "common_shares": 580469,
            "book_valuer_per_share": 20.35,
            "book_valuer_per_share_4q_avg": 20.04,
            "equity": 1180969,
            "current_ratio": 1297.39,
            "debt_ratio": 5.89,
            "inventory_turnover_ratio": 0.1,
            "account_receivable_turnover_ratio": 1.83,
            "reinvestment_rate": 46.76,
            "research_to_sale_ratio": 9.67,
            "price_fair": 36.58,
            "eps_avg_yearly": 1.05,
            "eps_latest_yearly": 1,
            "eps_growth_yearly": 1032.23
        },
        "20162": {
            "year_quarter": 20162,
            "year": 2016,
            "quarter": 2,
            "eps": 0.23,
            "eps_growth_year": -46.51,
            "eps_4q": 0.8,
            "eps_4q_growth_year": -29.63,
            "roe": 1.13,
            "roe_4q": 4.01,
            "gross_profit": 51341,
            "gross_margin": 46.04,
            "gross_margin_4q_avg": 45.9,
            "net_income": 13216,
            "revenue": 111519,
            "common_shares": 580469,
            "book_valuer_per_share": 19.9,
            "book_valuer_per_share_4q_avg": 20.07,
            "equity": 1154845,
            "current_ratio": 890.2,
            "debt_ratio": 8.52,
            "inventory_turnover_ratio": 0.1,
            "account_receivable_turnover_ratio": 1.68,
            "reinvestment_rate": 48.67,
            "research_to_sale_ratio": 10.62,
            "price_fair": 36.4,
            "eps_avg_yearly": 1.04,
            "eps_latest_yearly": 0.92,
            "eps_growth_yearly": 1041.64
        },
        "20163": {
            "year_quarter": 20163,
            "year": 2016,
            "quarter": 3,
            "eps": 0.14,
            "eps_growth_year": -6.67,
            "eps_4q": 0.79,
            "eps_4q_growth_year": -21.09,
            "roe": 0.72,
            "roe_4q": 3.9699999999999998,
            "gross_profit": 50213,
            "gross_margin": 46.86,
            "gross_margin_4q_avg": 46.93,
            "net_income": 8316,
            "revenue": 107156,
            "common_shares": 587899,
            "book_valuer_per_share": 19.76,
            "book_valuer_per_share_4q_avg": 20.03,
            "equity": 1161746,
            "current_ratio": 1178.66,
            "debt_ratio": 6.29,
            "inventory_turnover_ratio": 0.1,
            "account_receivable_turnover_ratio": 1.63,
            "reinvestment_rate": 65.56,
            "research_to_sale_ratio": 11.93,
            "price_fair": 34.91,
            "eps_avg_yearly": 1,
            "eps_latest_yearly": 0.56,
            "eps_growth_yearly": 1025.86
        },
        "20164": {
            "year_quarter": 20164,
            "year": 2016,
            "quarter": 4,
            "eps": 0.3,
            "eps_growth_year": 68.48,
            "eps_4q": 0.91,
            "eps_4q_growth_year": 17.7,
            "roe": 1.48,
            "roe_4q": 4.58,
            "gross_profit": 48879,
            "gross_margin": 47.3,
            "gross_margin_4q_avg": 46.98,
            "net_income": 17347,
            "revenue": 103343,
            "common_shares": 587899,
            "book_valuer_per_share": 20.01,
            "book_valuer_per_share_4q_avg": 20.01,
            "equity": 1176217,
            "current_ratio": 1247.94,
            "debt_ratio": 5.77,
            "inventory_turnover_ratio": 0.09,
            "account_receivable_turnover_ratio": 1.57,
            "reinvestment_rate": 82.01,
            "research_to_sale_ratio": 12.12,
            "price_fair": 35.18,
            "eps_avg_yearly": 1.01,
            "eps_latest_yearly": 1.2,
            "eps_growth_yearly": 1057.66
        },
        "20171": {
            "year_quarter": 20171,
            "year": 2017,
            "quarter": 1,
            "eps": 0.2,
            "eps_growth_year": -20,
            "eps_4q": 0.86,
            "eps_4q_growth_year": -15.06,
            "roe": 1,
            "roe_4q": 4.33,
            "gross_profit": 58035,
            "gross_margin": 48.5,
            "gross_margin_4q_avg": 47.18,
            "net_income": 11857,
            "revenue": 119657,
            "common_shares": 587899,
            "book_valuer_per_share": 20.16,
            "book_valuer_per_share_4q_avg": 19.96,
            "equity": 1185090,
            "current_ratio": 1092.42,
            "debt_ratio": 6.51,
            "inventory_turnover_ratio": 0.11,
            "account_receivable_turnover_ratio": 1.68,
            "reinvestment_rate": 94.61,
            "research_to_sale_ratio": 10.66,
            "price_fair": 33.25,
            "eps_avg_yearly": 0.95,
            "eps_latest_yearly": 0.8,
            "eps_growth_yearly": 1035.43
        },
        "20172": {
            "year_quarter": 20172,
            "year": 2017,
            "quarter": 2,
            "eps": 0.29,
            "eps_growth_year": 26.09,
            "eps_4q": 0.9,
            "eps_4q_growth_year": 13.18,
            "roe": 1.43,
            "roe_4q": 4.63,
            "gross_profit": 54984,
            "gross_margin": 44.94,
            "gross_margin_4q_avg": 46.9,
            "net_income": 17027,
            "revenue": 122348,
            "common_shares": 587899,
            "book_valuer_per_share": 20.21,
            "book_valuer_per_share_4q_avg": 20.04,
            "equity": 1188351,
            "current_ratio": 864.77,
            "debt_ratio": 7.9,
            "inventory_turnover_ratio": 0.12,
            "account_receivable_turnover_ratio": 1.52,
            "reinvestment_rate": 116.61,
            "research_to_sale_ratio": 11.44,
            "price_fair": 32.9,
            "eps_avg_yearly": 0.94,
            "eps_latest_yearly": 1.16,
            "eps_growth_yearly": 1052.04
        },
        "20173": {
            "year_quarter": 20173,
            "year": 2017,
            "quarter": 3,
            "eps": 0.28,
            "eps_growth_year": 100,
            "eps_4q": 1.04,
            "eps_4q_growth_year": 31.97,
            "roe": 1.4,
            "roe_4q": 5.3100000000000005,
            "gross_profit": 60132,
            "gross_margin": 49.46,
            "gross_margin_4q_avg": 47.55,
            "net_income": 16785,
            "revenue": 121588,
            "common_shares": 605536,
            "book_valuer_per_share": 20.08,
            "book_valuer_per_share_4q_avg": 20.12,
            "equity": 1215998,
            "current_ratio": 854.48,
            "debt_ratio": 8.06,
            "inventory_turnover_ratio": 0.11,
            "account_receivable_turnover_ratio": 1.39,
            "reinvestment_rate": 118.26,
            "research_to_sale_ratio": 11.34,
            "price_fair": 33.08,
            "eps_avg_yearly": 0.95,
            "eps_latest_yearly": 1.12,
            "eps_growth_yearly": 1056.48
        },
        "20174": {
            "year_quarter": 20174,
            "year": 2017,
            "quarter": 4,
            "eps": 0.22,
            "eps_growth_year": -25.58,
            "eps_4q": 0.97,
            "eps_4q_growth_year": 6.93,
            "roe": 1.09,
            "roe_4q": 4.92,
            "gross_profit": 51542,
            "gross_margin": 46.23,
            "gross_margin_4q_avg": 47.28,
            "net_income": 13297,
            "revenue": 111480,
            "common_shares": 605536,
            "book_valuer_per_share": 20.23,
            "book_valuer_per_share_4q_avg": 20.17,
            "equity": 1224730,
            "current_ratio": 1117.58,
            "debt_ratio": 6.06,
            "inventory_turnover_ratio": 0.11,
            "account_receivable_turnover_ratio": 1.18,
            "reinvestment_rate": 121.26,
            "research_to_sale_ratio": 10.92,
            "price_fair": 33.16,
            "eps_avg_yearly": 0.95,
            "eps_latest_yearly": 0.88,
            "eps_growth_yearly": 1055.93
        },
        "20181": {
            "year_quarter": 20181,
            "year": 2018,
            "quarter": 1,
            "eps": 0.14,
            "eps_growth_year": -30,
            "eps_4q": 0.91,
            "eps_4q_growth_year": 5.91,
            "roe": 0.67,
            "roe_4q": 4.59,
            "gross_profit": 44979,
            "gross_margin": 41.13,
            "gross_margin_4q_avg": 45.44,
            "net_income": 8236,
            "revenue": 109371,
            "common_shares": 605536,
            "book_valuer_per_share": 20.14,
            "book_valuer_per_share_4q_avg": 20.17,
            "equity": 1219771,
            "current_ratio": 1144.86,
            "debt_ratio": 5.55,
            "inventory_turnover_ratio": 0.12,
            "account_receivable_turnover_ratio": 1.09,
            "reinvestment_rate": 118.86,
            "research_to_sale_ratio": 12.79,
            "price_fair": 32.38,
            "eps_avg_yearly": 0.93,
            "eps_latest_yearly": 0.56,
            "eps_growth_yearly": 1044.46
        },
        "20182": {
            "year_quarter": 20182,
            "year": 2018,
            "quarter": 2,
            "eps": 0.21,
            "eps_growth_year": -27.59,
            "eps_4q": 0.85,
            "eps_4q_growth_year": -6.05,
            "roe": 1.08,
            "roe_4q": 4.24,
            "gross_profit": 49626,
            "gross_margin": 43.44,
            "gross_margin_4q_avg": 45.07,
            "net_income": 12930,
            "revenue": 114246,
            "common_shares": 605536,
            "book_valuer_per_share": 19.55,
            "book_valuer_per_share_4q_avg": 20,
            "equity": 1183561,
            "current_ratio": 748.77,
            "debt_ratio": 8.51,
            "inventory_turnover_ratio": 0.12,
            "account_receivable_turnover_ratio": 1.03,
            "reinvestment_rate": 117.85,
            "research_to_sale_ratio": 12.84,
            "price_fair": 32.38,
            "eps_avg_yearly": 0.93,
            "eps_latest_yearly": 0.84,
            "eps_growth_yearly": 1059.13
        },
        "20183": {
            "year_quarter": 20183,
            "year": 2018,
            "quarter": 3,
            "eps": 0.16,
            "eps_growth_year": -42.86,
            "eps_4q": 0.73,
            "eps_4q_growth_year": -29.66,
            "roe": 0.83,
            "roe_4q": 3.67,
            "gross_profit": 48673,
            "gross_margin": 45.85,
            "gross_margin_4q_avg": 44.16,
            "net_income": 9863,
            "revenue": 106153,
            "common_shares": 605536,
            "book_valuer_per_share": 19.66,
            "book_valuer_per_share_4q_avg": 19.9,
            "equity": 1190285,
            "current_ratio": 1179.94,
            "debt_ratio": 5.35,
            "inventory_turnover_ratio": 0.11,
            "account_receivable_turnover_ratio": 0.87,
            "reinvestment_rate": 119.23,
            "research_to_sale_ratio": 13.74,
            "price_fair": 31.33,
            "eps_avg_yearly": 0.9,
            "eps_latest_yearly": 0.64,
            "eps_growth_yearly": 1044.85
        },
        "20184": {
            "year_quarter": 20184,
            "year": 2018,
            "quarter": 4,
            "eps": 0.25,
            "eps_growth_year": 13.48,
            "eps_4q": 0.76,
            "eps_4q_growth_year": -21.79,
            "roe": 1.25,
            "roe_4q": 3.83,
            "gross_profit": 42102,
            "gross_margin": 43.74,
            "gross_margin_4q_avg": 43.54,
            "net_income": 15089,
            "revenue": 96253,
            "common_shares": 605536,
            "book_valuer_per_share": 20.27,
            "book_valuer_per_share_4q_avg": 19.91,
            "equity": 1227232,
            "current_ratio": 1102.85,
            "debt_ratio": 5.23,
            "inventory_turnover_ratio": 0.1,
            "account_receivable_turnover_ratio": 0.93,
            "reinvestment_rate": 146.7,
            "research_to_sale_ratio": 13.9,
            "price_fair": 30.1,
            "eps_avg_yearly": 0.86,
            "eps_latest_yearly": 1,
            "eps_growth_yearly": 1049.09
        },
        "20191": {
            "year_quarter": 20191,
            "year": 2019,
            "quarter": 1,
            "eps": -0.03,
            "eps_growth_year": -121.43,
            "eps_4q": 0.59,
            "eps_4q_growth_year": -34.93,
            "roe": -0.15,
            "roe_4q": 3.0100000000000002,
            "gross_profit": 42678,
            "gross_margin": 39.31,
            "gross_margin_4q_avg": 43.09,
            "net_income": -1869,
            "revenue": 108581,
            "common_shares": 605536,
            "book_valuer_per_share": 20.3,
            "book_valuer_per_share_4q_avg": 19.95,
            "equity": 1229165,
            "current_ratio": 1324.05,
            "debt_ratio": 5.1,
            "inventory_turnover_ratio": 0.14,
            "account_receivable_turnover_ratio": 1.3,
            "reinvestment_rate": 144.2,
            "research_to_sale_ratio": 14.24,
            "price_fair": 32.01,
            "eps_avg_yearly": 0.91,
            "eps_latest_yearly": 1,
            "eps_growth_yearly": 1145.01
        },
        "20192": {
            "year_quarter": 20192,
            "year": 2019,
            "quarter": 2,
            "eps": 0.04,
            "eps_growth_year": -80.95,
            "eps_4q": 0.42,
            "eps_4q_growth_year": -50.07,
            "roe": 0.21,
            "roe_4q": 2.14,
            "gross_profit": 43870,
            "gross_margin": 42.35,
            "gross_margin_4q_avg": 42.81,
            "net_income": 2503,
            "revenue": 103591,
            "common_shares": 605536,
            "book_valuer_per_share": 19.84,
            "book_valuer_per_share_4q_avg": 20.02,
            "equity": 1201647,
            "current_ratio": 786.93,
            "debt_ratio": 7.86,
            "inventory_turnover_ratio": 0.13,
            "account_receivable_turnover_ratio": 1.21,
            "reinvestment_rate": 160.26,
            "research_to_sale_ratio": 13.15,
            "price_fair": 30,
            "eps_avg_yearly": 0.86,
            "eps_latest_yearly": 1,
            "eps_growth_yearly": 26.8
        },
        "20193": {
            "year_quarter": 20193,
            "year": 2019,
            "quarter": 3,
            "eps": 0.01,
            "eps_growth_year": -93.75,
            "eps_4q": 0.27,
            "eps_4q_growth_year": -63.3,
            "roe": 0.05,
            "roe_4q": 1.36,
            "gross_profit": 48988,
            "gross_margin": 49.65,
            "gross_margin_4q_avg": 43.76,
            "net_income": 544,
            "revenue": 98661,
            "common_shares": 605536,
            "book_valuer_per_share": 19.7,
            "book_valuer_per_share_4q_avg": 20.03,
            "equity": 1193072,
            "current_ratio": 1027.5,
            "debt_ratio": 6,
            "inventory_turnover_ratio": 0.11,
            "account_receivable_turnover_ratio": 1.17,
            "reinvestment_rate": 85.26,
            "research_to_sale_ratio": 13.41,
            "price_fair": 27.76,
            "eps_avg_yearly": 0.82,
            "eps_latest_yearly": 0.04,
            "eps_growth_yearly": 23.97
        },
        "20194": {
            "year_quarter": 20194,
            "year": 2019,
            "quarter": 4,
            "eps": 0.03,
            "eps_growth_year": -86.18,
            "eps_4q": 0.05,
            "eps_4q_growth_year": -92.92,
            "roe": 0.17,
            "roe_4q": 0.28,
            "gross_profit": 49814,
            "gross_margin": 48.21,
            "gross_margin_4q_avg": 44.88,
            "net_income": 2085,
            "revenue": 103325,
            "common_shares": 605536,
            "book_valuer_per_share": 19.69,
            "book_valuer_per_share_4q_avg": 19.88,
            "equity": 1192403,
            "current_ratio": 1093.83,
            "debt_ratio": 5.66,
            "inventory_turnover_ratio": 0.12,
            "account_receivable_turnover_ratio": 1.44,
            "reinvestment_rate": 86.2,
            "research_to_sale_ratio": 12.02,
            "price_fair": 27.1,
            "eps_avg_yearly": 0.77,
            "eps_latest_yearly": 0.12,
            "eps_growth_yearly": 75.4
        },
        "20201": {
            "year_quarter": 20201,
            "year": 2020,
            "quarter": 1,
            "eps": 0.13,
            "eps_growth_year": null,
            "eps_4q": 0.21,
            "eps_4q_growth_year": -64.38,
            "roe": 0.65,
            "roe_4q": 1.08,
            "gross_profit": 45996,
            "gross_margin": 46.04,
            "gross_margin_4q_avg": 46.56,
            "net_income": 7696,
            "revenue": 99910,
            "common_shares": 605536,
            "book_valuer_per_share": 19.7,
            "book_valuer_per_share_4q_avg": 19.73,
            "equity": 1193096,
            "current_ratio": 1015.06,
            "debt_ratio": 6,
            "inventory_turnover_ratio": 0.12,
            "account_receivable_turnover_ratio": 1.53,
            "reinvestment_rate": 84.51,
            "research_to_sale_ratio": 11.31,
            "price_fair": 25.9,
            "eps_avg_yearly": 0.74,
            "eps_latest_yearly": 0.52,
            "eps_growth_yearly": 159.53
        },
        "20202": {
            "year_quarter": 20202,
            "year": 2020,
            "quarter": 2,
            "eps": 0.07,
            "eps_growth_year": 75,
            "eps_4q": 0.24,
            "eps_4q_growth_year": -43.54,
            "roe": 0.35,
            "roe_4q": 1.22,
            "gross_profit": 46710,
            "gross_margin": 45.21,
            "gross_margin_4q_avg": 47.28,
            "net_income": 4122,
            "revenue": 103319,
            "common_shares": 605536,
            "book_valuer_per_share": 19.74,
            "book_valuer_per_share_4q_avg": 19.71,
            "equity": 1195528,
            "current_ratio": 1101.2,
            "debt_ratio": 5.51,
            "inventory_turnover_ratio": 0.12,
            "account_receivable_turnover_ratio": 1.68,
            "reinvestment_rate": 87.29,
            "research_to_sale_ratio": 12.12,
            "price_fair": 24.3,
            "eps_avg_yearly": 0.69,
            "eps_latest_yearly": 0.28,
            "eps_growth_yearly": 148.63
        },
        "20203": {
            "year_quarter": 20203,
            "year": 2020,
            "quarter": 3,
            "eps": 0.25,
            "eps_growth_year": 2400,
            "eps_4q": 0.48,
            "eps_4q_growth_year": 77.35,
            "roe": 1.24,
            "roe_4q": 2.4099999999999997,
            "gross_profit": 64623,
            "gross_margin": 48.32,
            "gross_margin_4q_avg": 46.95,
            "net_income": 14947,
            "revenue": 133740,
            "common_shares": 605536,
            "book_valuer_per_share": 19.92,
            "book_valuer_per_share_4q_avg": 19.76,
            "equity": 1206288,
            "current_ratio": 978.43,
            "debt_ratio": 6.37,
            "inventory_turnover_ratio": 0.15,
            "account_receivable_turnover_ratio": 2.31,
            "reinvestment_rate": 59.23,
            "research_to_sale_ratio": 10.27,
            "price_fair": 25.4,
            "eps_avg_yearly": 0.73,
            "eps_latest_yearly": 1,
            "eps_growth_yearly": 233.28
        },
        "20204": {
            "year_quarter": 20204,
            "year": 2020,
            "quarter": 4,
            "eps": 0.16,
            "eps_growth_year": 368.16,
            "eps_4q": 0.6,
            "eps_4q_growth_year": 1019.4,
            "roe": 0.81,
            "roe_4q": 3.05,
            "gross_profit": 56172,
            "gross_margin": 47.01,
            "gross_margin_4q_avg": 46.65,
            "net_income": 9761,
            "revenue": 119480,
            "common_shares": 605536,
            "book_valuer_per_share": 20,
            "book_valuer_per_share_4q_avg": 19.84,
            "equity": 1211094,
            "current_ratio": 1037.69,
            "debt_ratio": 6.45,
            "inventory_turnover_ratio": 0.14,
            "account_receivable_turnover_ratio": 2.17,
            "reinvestment_rate": 34.28,
            "research_to_sale_ratio": 11.22,
            "price_fair": 24,
            "eps_avg_yearly": 0.69,
            "eps_latest_yearly": 0.64,
            "eps_growth_yearly": 190.34
        },
        "20211": {
            "year_quarter": 20211,
            "year": 2021,
            "quarter": 1,
            "eps": 0.16,
            "eps_growth_year": 23.08,
            "eps_4q": 0.64,
            "eps_4q_growth_year": 200.84,
            "roe": 0.82,
            "roe_4q": 3.22,
            "gross_profit": 51508,
            "gross_margin": 45.05,
            "gross_margin_4q_avg": 46.4,
            "net_income": 9762,
            "revenue": 114328,
            "common_shares": 605536,
            "book_valuer_per_share": 19.5,
            "book_valuer_per_share_4q_avg": 19.79,
            "equity": 1180520,
            "current_ratio": 776.87,
            "debt_ratio": 8.4,
            "inventory_turnover_ratio": 0.14,
            "account_receivable_turnover_ratio": 2.26,
            "reinvestment_rate": 21.93,
            "research_to_sale_ratio": 11.63,
            "price_fair": 23.6,
            "eps_avg_yearly": 0.67,
            "eps_latest_yearly": 0.64,
            "eps_growth_yearly": 199.86
        },
        "20212": {
            "year_quarter": 20212,
            "year": 2021,
            "quarter": 2,
            "eps": 0.11,
            "eps_growth_year": 57.14,
            "eps_4q": 0.68,
            "eps_4q_growth_year": 186.47,
            "roe": 0.58,
            "roe_4q": 3.45,
            "gross_profit": 53697,
            "gross_margin": 43.22,
            "gross_margin_4q_avg": 45.9,
            "net_income": 6917,
            "revenue": 124254,
            "common_shares": 605536,
            "book_valuer_per_share": 19.58,
            "book_valuer_per_share_4q_avg": 19.75,
            "equity": 1185430,
            "current_ratio": 695.08,
            "debt_ratio": 9.39,
            "inventory_turnover_ratio": 0.16,
            "account_receivable_turnover_ratio": 2.3,
            "reinvestment_rate": -15.84,
            "research_to_sale_ratio": 10.99,
            "price_fair": 21.8,
            "eps_avg_yearly": 0.62,
            "eps_latest_yearly": 0.44,
            "eps_growth_yearly": 178.08
        },
        "20213": {
            "year_quarter": 20213,
            "year": 2021,
            "quarter": 3,
            "eps": 0.22,
            "eps_growth_year": -12,
            "eps_4q": 0.65,
            "eps_4q_growth_year": 37.11,
            "roe": 1.1,
            "roe_4q": 3.31,
            "gross_profit": 53661,
            "gross_margin": 46.25,
            "gross_margin_4q_avg": 45.38,
            "net_income": 13115,
            "revenue": 116024,
            "common_shares": 605536,
            "book_valuer_per_share": 19.78,
            "book_valuer_per_share_4q_avg": 19.72,
            "equity": 1197598,
            "current_ratio": 1232.54,
            "debt_ratio": 5.39,
            "inventory_turnover_ratio": 0.14,
            "account_receivable_turnover_ratio": 2.34,
            "reinvestment_rate": -22.28,
            "research_to_sale_ratio": 11.29,
            "price_fair": 21.2,
            "eps_avg_yearly": 0.61,
            "eps_latest_yearly": 0.88,
            "eps_growth_yearly": 207.63
        },
        "20214": {
            "year_quarter": 20214,
            "year": 2021,
            "quarter": 4,
            "eps": -0.02,
            "eps_growth_year": -114.6,
            "eps_4q": 0.47,
            "eps_4q_growth_year": -22.33,
            "roe": -0.12,
            "roe_4q": 2.38,
            "gross_profit": 38473,
            "gross_margin": 39.71,
            "gross_margin_4q_avg": 43.56,
            "net_income": -1425,
            "revenue": 96881,
            "common_shares": 605536,
            "book_valuer_per_share": 20.01,
            "book_valuer_per_share_4q_avg": 19.72,
            "equity": 1211756,
            "current_ratio": 1253.53,
            "debt_ratio": 5.56,
            "inventory_turnover_ratio": 0.14,
            "account_receivable_turnover_ratio": 2.1,
            "reinvestment_rate": -43.45,
            "research_to_sale_ratio": 13.5,
            "price_fair": 20.46,
            "eps_avg_yearly": 0.58,
            "eps_latest_yearly": 0.88,
            "eps_growth_yearly": 230.2
        },
        "20221": {
            "year_quarter": 20221,
            "year": 2022,
            "quarter": 1,
            "eps": 0.29,
            "eps_growth_year": 81.25,
            "eps_4q": 0.59,
            "eps_4q_growth_year": -6.98,
            "roe": 1.43,
            "roe_4q": 2.99,
            "gross_profit": 47782,
            "gross_margin": 48.15,
            "gross_margin_4q_avg": 44.33,
            "net_income": 17290,
            "revenue": 99232,
            "common_shares": 605536,
            "book_valuer_per_share": 19.88,
            "book_valuer_per_share_4q_avg": 19.81,
            "equity": 1203713,
            "current_ratio": 903.42,
            "debt_ratio": 7.29,
            "inventory_turnover_ratio": 0.13,
            "account_receivable_turnover_ratio": 1.96,
            "reinvestment_rate": -31.69,
            "research_to_sale_ratio": 11.63,
            "price_fair": 20.53,
            "eps_avg_yearly": 0.59,
            "eps_latest_yearly": 0.88,
            "eps_growth_yearly": 261.5
        },
        "20222": {
            "year_quarter": 20222,
            "year": 2022,
            "quarter": 2,
            "eps": 0.31,
            "eps_growth_year": 181.82,
            "eps_4q": 0.79,
            "eps_4q_growth_year": 15.6,
            "roe": 1.56,
            "roe_4q": 3.97,
            "gross_profit": 50104,
            "gross_margin": 48.67,
            "gross_margin_4q_avg": 45.7,
            "net_income": 18863,
            "revenue": 102944,
            "common_shares": 605536,
            "book_valuer_per_share": 20.03,
            "book_valuer_per_share_4q_avg": 19.93,
            "equity": 1213074,
            "current_ratio": 1146.75,
            "debt_ratio": 6.06,
            "inventory_turnover_ratio": 0.13,
            "account_receivable_turnover_ratio": 1.86,
            "reinvestment_rate": -30.37,
            "research_to_sale_ratio": 12.73,
            "price_fair": 21.7,
            "eps_avg_yearly": 0.62,
            "eps_latest_yearly": 1.24,
            "eps_growth_yearly": 247.14
        },
        "20223": {
            "year_quarter": 20223,
            "year": 2022,
            "quarter": 3,
            "eps": 0.44,
            "eps_growth_year": 100,
            "eps_4q": 1.02,
            "eps_4q_growth_year": 55.73,
            "roe": 2.19,
            "roe_4q": 5.06,
            "gross_profit": 49173,
            "gross_margin": 48.4,
            "gross_margin_4q_avg": 46.23,
            "net_income": 26872,
            "revenue": 101602,
            "common_shares": 605536,
            "book_valuer_per_share": 20.5,
            "book_valuer_per_share_4q_avg": 20.11,
            "equity": 1241508,
            "current_ratio": 1004.9,
            "debt_ratio": 6.93,
            "inventory_turnover_ratio": 0.13,
            "account_receivable_turnover_ratio": 1.73,
            "reinvestment_rate": -27.14,
            "research_to_sale_ratio": 12.02,
            "price_fair": 24.97,
            "eps_avg_yearly": 0.71,
            "eps_latest_yearly": 1.76,
            "eps_growth_yearly": 269.05
        },
        "20224": {
            "year_quarter": 20224,
            "year": 2022,
            "quarter": 4,
            "eps": 0.2,
            "eps_growth_year": null,
            "eps_4q": 1.24,
            "eps_4q_growth_year": 163.82,
            "roe": 0.93,
            "roe_4q": 6.109999999999999,
            "gross_profit": 54370,
            "gross_margin": 50.35,
            "gross_margin_4q_avg": 48.89,
            "net_income": 11818,
            "revenue": 107978,
            "common_shares": 605536,
            "book_valuer_per_share": 21.34,
            "book_valuer_per_share_4q_avg": 20.44,
            "equity": 1291994,
            "current_ratio": 1274.66,
            "debt_ratio": 6.03,
            "inventory_turnover_ratio": 0.14,
            "account_receivable_turnover_ratio": 1.81,
            "reinvestment_rate": -59.82,
            "research_to_sale_ratio": 11.01,
            "price_fair": 24.38,
            "eps_avg_yearly": 0.7,
            "eps_latest_yearly": 0.8,
            "eps_growth_yearly": 232.12
        },
        "20231": {
            "year_quarter": 20231,
            "year": 2023,
            "quarter": 1,
            "eps": 0.18,
            "eps_growth_year": -37.93,
            "eps_4q": 1.13,
            "eps_4q_growth_year": 90.12,
            "roe": 0.84,
            "roe_4q": 5.52,
            "gross_profit": 44920,
            "gross_margin": 47.07,
            "gross_margin_4q_avg": 48.62,
            "net_income": 10696,
            "revenue": 95423,
            "common_shares": 605536,
            "book_valuer_per_share": 20.7,
            "book_valuer_per_share_4q_avg": 20.64,
            "equity": 1253354,
            "current_ratio": 816.12,
            "debt_ratio": 8.97,
            "inventory_turnover_ratio": 0.13,
            "account_receivable_turnover_ratio": 1.84,
            "reinvestment_rate": -45.47,
            "research_to_sale_ratio": 10.71,
            "price_fair": 24.45,
            "eps_avg_yearly": 0.7,
            "eps_latest_yearly": 0.72,
            "eps_growth_yearly": 211.19
        }
    },
    "months": {
        "2008-05": {
            "month": "2008-05",
            "price": "52.52",
            "revenue": 21631
        },
        "2008-06": {
            "month": "2008-06",
            "price": "46.53",
            "revenue": 22036
        },
        "2008-07": {
            "month": "2008-07",
            "price": "45.10",
            "revenue": 21903
        },
        "2008-08": {
            "month": "2008-08",
            "price": "44.66",
            "revenue": 20715
        },
        "2008-09": {
            "month": "2008-09",
            "price": "41.94",
            "revenue": 25528
        },
        "2008-10": {
            "month": "2008-10",
            "price": "34.75",
            "revenue": 25865
        },
        "2008-11": {
            "month": "2008-11",
            "price": "26.72",
            "revenue": 26370
        },
        "2008-12": {
            "month": "2008-12",
            "price": "23.54",
            "revenue": 26566
        },
        "2009-01": {
            "month": "2009-01",
            "price": "21.18",
            "revenue": 27967
        },
        "2009-02": {
            "month": "2009-02",
            "price": "23.95",
            "revenue": 30824
        },
        "2009-03": {
            "month": "2009-03",
            "price": "31.84",
            "revenue": 33724
        },
        "2009-04": {
            "month": "2009-04",
            "price": "45.36",
            "revenue": 33759
        },
        "2009-05": {
            "month": "2009-05",
            "price": "48.45",
            "revenue": 34092
        },
        "2009-06": {
            "month": "2009-06",
            "price": "57.99",
            "revenue": 33210
        },
        "2009-07": {
            "month": "2009-07",
            "price": "92.98",
            "revenue": 35778
        },
        "2009-08": {
            "month": "2009-08",
            "price": "94.18",
            "revenue": 31063
        },
        "2009-09": {
            "month": "2009-09",
            "price": "103.89",
            "revenue": 35733
        },
        "2009-10": {
            "month": "2009-10",
            "price": "106.58",
            "revenue": 37914
        },
        "2009-11": {
            "month": "2009-11",
            "price": "104.30",
            "revenue": 34000
        },
        "2009-12": {
            "month": "2009-12",
            "price": "114.38",
            "revenue": 34772
        },
        "2010-01": {
            "month": "2010-01",
            "price": "101.10",
            "revenue": 35090
        },
        "2010-02": {
            "month": "2010-02",
            "price": "89.54",
            "revenue": 38428
        },
        "2010-03": {
            "month": "2010-03",
            "price": "106.15",
            "revenue": 41403
        },
        "2010-04": {
            "month": "2010-04",
            "price": "103.39",
            "revenue": 42627
        },
        "2010-05": {
            "month": "2010-05",
            "price": "96.46",
            "revenue": 40929
        },
        "2010-06": {
            "month": "2010-06",
            "price": "88.42",
            "revenue": 42836
        },
        "2010-07": {
            "month": "2010-07",
            "price": "92.10",
            "revenue": 42910
        },
        "2010-08": {
            "month": "2010-08",
            "price": "93.37",
            "revenue": 38232
        },
        "2010-09": {
            "month": "2010-09",
            "price": "105.60",
            "revenue": 39678
        },
        "2010-10": {
            "month": "2010-10",
            "price": "105.10",
            "revenue": 42704
        },
        "2010-11": {
            "month": "2010-11",
            "price": "98.70",
            "revenue": 37798
        },
        "2010-12": {
            "month": "2010-12",
            "price": "94.39",
            "revenue": 32437
        },
        "2011-01": {
            "month": "2011-01",
            "price": "89.35",
            "revenue": 37075
        },
        "2011-02": {
            "month": "2011-02",
            "price": "84.68",
            "revenue": 40761
        },
        "2011-03": {
            "month": "2011-03",
            "price": "80.71",
            "revenue": 44947
        },
        "2011-04": {
            "month": "2011-04",
            "price": "82.86",
            "revenue": 41568
        },
        "2011-05": {
            "month": "2011-05",
            "price": "87.49",
            "revenue": 38310
        },
        "2011-06": {
            "month": "2011-06",
            "price": "78.92",
            "revenue": 37508
        },
        "2011-07": {
            "month": "2011-07",
            "price": "74.72",
            "revenue": 34025
        },
        "2011-08": {
            "month": "2011-08",
            "price": "59.24",
            "revenue": 37618
        },
        "2011-09": {
            "month": "2011-09",
            "price": "53.73",
            "revenue": 40913
        },
        "2011-10": {
            "month": "2011-10",
            "price": "52.76",
            "revenue": 42848
        },
        "2011-11": {
            "month": "2011-11",
            "price": "49.80",
            "revenue": 40620
        },
        "2011-12": {
            "month": "2011-12",
            "price": "42.86",
            "revenue": 36376
        },
        "2012-01": {
            "month": "2012-01",
            "price": "46.67",
            "revenue": 37909
        },
        "2012-02": {
            "month": "2012-02",
            "price": "55.04",
            "revenue": 41664
        },
        "2012-03": {
            "month": "2012-03",
            "price": "54.33",
            "revenue": 40706
        },
        "2012-04": {
            "month": "2012-04",
            "price": "47.48",
            "revenue": 33804
        },
        "2012-05": {
            "month": "2012-05",
            "price": "45.40",
            "revenue": 37678
        },
        "2012-06": {
            "month": "2012-06",
            "price": "44.40",
            "revenue": 39074
        },
        "2012-07": {
            "month": "2012-07",
            "price": "45.97",
            "revenue": 40465
        },
        "2012-08": {
            "month": "2012-08",
            "price": "48.73",
            "revenue": 41015
        },
        "2012-09": {
            "month": "2012-09",
            "price": "50.72",
            "revenue": 34193
        },
        "2012-10": {
            "month": "2012-10",
            "price": "49.25",
            "revenue": 40200
        },
        "2012-11": {
            "month": "2012-11",
            "price": "43.21",
            "revenue": 41542
        },
        "2012-12": {
            "month": "2012-12",
            "price": "49.18",
            "revenue": 35525
        },
        "2013-01": {
            "month": "2013-01",
            "price": "50.96",
            "revenue": 42270
        },
        "2013-02": {
            "month": "2013-02",
            "price": "50.41",
            "revenue": 44295
        },
        "2013-03": {
            "month": "2013-03",
            "price": "50.57",
            "revenue": 43158
        },
        "2013-04": {
            "month": "2013-04",
            "price": "50.62",
            "revenue": 36591
        },
        "2013-05": {
            "month": "2013-05",
            "price": "48.54",
            "revenue": 41739
        },
        "2013-06": {
            "month": "2013-06",
            "price": "46.83",
            "revenue": 37878
        },
        "2013-07": {
            "month": "2013-07",
            "price": "46.45",
            "revenue": 36331
        },
        "2013-08": {
            "month": "2013-08",
            "price": "46.41",
            "revenue": 39375
        },
        "2013-09": {
            "month": "2013-09",
            "price": "47.82",
            "revenue": 35269
        },
        "2013-10": {
            "month": "2013-10",
            "price": "47.67",
            "revenue": 38544
        },
        "2013-11": {
            "month": "2013-11",
            "price": "45.61",
            "revenue": 37288
        },
        "2013-12": {
            "month": "2013-12",
            "price": "44.52",
            "revenue": 30961
        },
        "2014-01": {
            "month": "2014-01",
            "price": "43.86",
            "revenue": 31789
        },
        "2014-02": {
            "month": "2014-02",
            "price": "45.30",
            "revenue": 38402
        },
        "2014-03": {
            "month": "2014-03",
            "price": "44.72",
            "revenue": 38537
        },
        "2014-04": {
            "month": "2014-04",
            "price": "43.14",
            "revenue": 35419
        },
        "2014-05": {
            "month": "2014-05",
            "price": "41.13",
            "revenue": 39296
        },
        "2014-06": {
            "month": "2014-06",
            "price": "42.32",
            "revenue": 35655
        },
        "2014-07": {
            "month": "2014-07",
            "price": "42.96",
            "revenue": 38145
        },
        "2014-08": {
            "month": "2014-08",
            "price": "38.63",
            "revenue": 35963
        },
        "2014-09": {
            "month": "2014-09",
            "price": "36.51",
            "revenue": 34528
        },
        "2014-10": {
            "month": "2014-10",
            "price": "33.31",
            "revenue": 39453
        },
        "2014-11": {
            "month": "2014-11",
            "price": "31.10",
            "revenue": 35024
        },
        "2014-12": {
            "month": "2014-12",
            "price": "33.79",
            "revenue": 35901
        },
        "2015-01": {
            "month": "2015-01",
            "price": "33.92",
            "revenue": 37623
        },
        "2015-02": {
            "month": "2015-02",
            "price": "34.92",
            "revenue": 32046
        },
        "2015-03": {
            "month": "2015-03",
            "price": "34.46",
            "revenue": 41567
        },
        "2015-04": {
            "month": "2015-04",
            "price": "32.74",
            "revenue": 42326
        },
        "2015-05": {
            "month": "2015-05",
            "price": "32.46",
            "revenue": 41670
        },
        "2015-06": {
            "month": "2015-06",
            "price": "29.47",
            "revenue": 39193
        },
        "2015-07": {
            "month": "2015-07",
            "price": "29.92",
            "revenue": 37243
        },
        "2015-08": {
            "month": "2015-08",
            "price": "26.71",
            "revenue": 33900
        },
        "2015-09": {
            "month": "2015-09",
            "price": "27.47",
            "revenue": 33536
        },
        "2015-10": {
            "month": "2015-10",
            "price": "31.42",
            "revenue": 40222
        },
        "2015-11": {
            "month": "2015-11",
            "price": "34.00",
            "revenue": 37776
        },
        "2015-12": {
            "month": "2015-12",
            "price": "33.79",
            "revenue": 34265
        },
        "2016-01": {
            "month": "2016-01",
            "price": "29.74",
            "revenue": 40286
        },
        "2016-02": {
            "month": "2016-02",
            "price": "30.23",
            "revenue": 35148
        },
        "2016-03": {
            "month": "2016-03",
            "price": "31.90",
            "revenue": 42374
        },
        "2016-04": {
            "month": "2016-04",
            "price": "30.01",
            "revenue": 36623
        },
        "2016-05": {
            "month": "2016-05",
            "price": "31.88",
            "revenue": 37727
        },
        "2016-06": {
            "month": "2016-06",
            "price": "36.81",
            "revenue": 37233
        },
        "2016-07": {
            "month": "2016-07",
            "price": "34.53",
            "revenue": 38431
        },
        "2016-08": {
            "month": "2016-08",
            "price": "34.27",
            "revenue": 33726
        },
        "2016-09": {
            "month": "2016-09",
            "price": "35.81",
            "revenue": 34991
        },
        "2016-10": {
            "month": "2016-10",
            "price": "36.58",
            "revenue": 36158
        },
        "2016-11": {
            "month": "2016-11",
            "price": "35.76",
            "revenue": 34212
        },
        "2016-12": {
            "month": "2016-12",
            "price": "36.82",
            "revenue": 32981
        },
        "2017-01": {
            "month": "2017-01",
            "price": "35.91",
            "revenue": 37595
        },
        "2017-02": {
            "month": "2017-02",
            "price": "37.23",
            "revenue": 38979
        },
        "2017-03": {
            "month": "2017-03",
            "price": "35.99",
            "revenue": 43084
        },
        "2017-04": {
            "month": "2017-04",
            "price": "34.85",
            "revenue": 40969
        },
        "2017-05": {
            "month": "2017-05",
            "price": "34.84",
            "revenue": 39240
        },
        "2017-06": {
            "month": "2017-06",
            "price": "34.79",
            "revenue": 42138
        },
        "2017-07": {
            "month": "2017-07",
            "price": "35.11",
            "revenue": 43857
        },
        "2017-08": {
            "month": "2017-08",
            "price": "36.70",
            "revenue": 35503
        },
        "2017-09": {
            "month": "2017-09",
            "price": "39.99",
            "revenue": 42228
        },
        "2017-10": {
            "month": "2017-10",
            "price": "40.22",
            "revenue": 41155
        },
        "2017-11": {
            "month": "2017-11",
            "price": "38.53",
            "revenue": 34398
        },
        "2017-12": {
            "month": "2017-12",
            "price": "37.56",
            "revenue": 35927
        },
        "2018-01": {
            "month": "2018-01",
            "price": "38.11",
            "revenue": 37503
        },
        "2018-02": {
            "month": "2018-02",
            "price": "34.44",
            "revenue": 33380
        },
        "2018-03": {
            "month": "2018-03",
            "price": "37.35",
            "revenue": 38488
        },
        "2018-04": {
            "month": "2018-04",
            "price": "36.68",
            "revenue": 37163
        },
        "2018-05": {
            "month": "2018-05",
            "price": "34.94",
            "revenue": 37453
        },
        "2018-06": {
            "month": "2018-06",
            "price": "36.78",
            "revenue": 39629
        },
        "2018-07": {
            "month": "2018-07",
            "price": "35.44",
            "revenue": 36206
        },
        "2018-08": {
            "month": "2018-08",
            "price": "36.45",
            "revenue": 36352
        },
        "2018-09": {
            "month": "2018-09",
            "price": "35.08",
            "revenue": 33596
        },
        "2018-10": {
            "month": "2018-10",
            "price": "30.85",
            "revenue": 34183
        },
        "2018-11": {
            "month": "2018-11",
            "price": "29.59",
            "revenue": 34863
        },
        "2018-12": {
            "month": "2018-12",
            "price": "29.55",
            "revenue": 27207
        },
        "2019-01": {
            "month": "2019-01",
            "price": "28.98",
            "revenue": 40221
        },
        "2019-02": {
            "month": "2019-02",
            "price": "31.16",
            "revenue": 29590
        },
        "2019-03": {
            "month": "2019-03",
            "price": "31.64",
            "revenue": 38771
        },
        "2019-04": {
            "month": "2019-04",
            "price": "30.38",
            "revenue": 32308
        },
        "2019-05": {
            "month": "2019-05",
            "price": "28.48",
            "revenue": 39141
        },
        "2019-06": {
            "month": "2019-06",
            "price": "27.77",
            "revenue": 32142
        },
        "2019-07": {
            "month": "2019-07",
            "price": "28.45",
            "revenue": 34458
        },
        "2019-08": {
            "month": "2019-08",
            "price": "27.38",
            "revenue": 33678
        },
        "2019-09": {
            "month": "2019-09",
            "price": "27.92",
            "revenue": 30524
        },
        "2019-10": {
            "month": "2019-10",
            "price": "27.97",
            "revenue": 37199
        },
        "2019-11": {
            "month": "2019-11",
            "price": "27.13",
            "revenue": 35509
        },
        "2019-12": {
            "month": "2019-12",
            "price": "25.93",
            "revenue": 30617
        },
        "2020-01": {
            "month": "2020-01",
            "price": "25.98",
            "revenue": 33596
        },
        "2020-02": {
            "month": "2020-02",
            "price": "33.29",
            "revenue": 28196
        },
        "2020-03": {
            "month": "2020-03",
            "price": "35.54",
            "revenue": 38118
        },
        "2020-04": {
            "month": "2020-04",
            "price": "37.68",
            "revenue": 34838
        },
        "2020-05": {
            "month": "2020-05",
            "price": "57.76",
            "revenue": 38021
        },
        "2020-06": {
            "month": "2020-06",
            "price": "77.54",
            "revenue": 30459
        },
        "2020-07": {
            "month": "2020-07",
            "price": "99.77",
            "revenue": 44995
        },
        "2020-08": {
            "month": "2020-08",
            "price": "81.65",
            "revenue": 45825
        },
        "2020-09": {
            "month": "2020-09",
            "price": "75.05",
            "revenue": 42920
        },
        "2020-10": {
            "month": "2020-10",
            "price": "70.77",
            "revenue": 48878
        },
        "2020-11": {
            "month": "2020-11",
            "price": "62.65",
            "revenue": 36348
        },
        "2020-12": {
            "month": "2020-12",
            "price": "58.08",
            "revenue": 34254
        },
        "2021-01": {
            "month": "2021-01",
            "price": "53.54",
            "revenue": 44034
        },
        "2021-02": {
            "month": "2021-02",
            "price": "53.80",
            "revenue": 34687
        },
        "2021-03": {
            "month": "2021-03",
            "price": "53.21",
            "revenue": 35608
        },
        "2021-04": {
            "month": "2021-04",
            "price": "52.23",
            "revenue": 32203
        },
        "2021-05": {
            "month": "2021-05",
            "price": "62.09",
            "revenue": 47627
        },
        "2021-06": {
            "month": "2021-06",
            "price": "68.78",
            "revenue": 44424
        },
        "2021-07": {
            "month": "2021-07",
            "price": "56.45",
            "revenue": 51807
        },
        "2021-08": {
            "month": "2021-08",
            "price": "49.43",
            "revenue": 34436
        },
        "2021-09": {
            "month": "2021-09",
            "price": "47.06",
            "revenue": 29782
        },
        "2021-10": {
            "month": "2021-10",
            "price": "37.80",
            "revenue": 29002
        },
        "2021-11": {
            "month": "2021-11",
            "price": "37.60",
            "revenue": 35482
        },
        "2021-12": {
            "month": "2021-12",
            "price": "41.25",
            "revenue": 32397
        },
        "2022-01": {
            "month": "2022-01",
            "price": "49.45",
            "revenue": 34836
        },
        "2022-02": {
            "month": "2022-02",
            "price": "41.91",
            "revenue": 27531
        },
        "2022-03": {
            "month": "2022-03",
            "price": "38.95",
            "revenue": 36865
        },
        "2022-04": {
            "month": "2022-04",
            "price": "68.79",
            "revenue": 36697
        },
        "2022-05": {
            "month": "2022-05",
            "price": "51.20",
            "revenue": 37073
        },
        "2022-06": {
            "month": "2022-06",
            "price": "42.30",
            "revenue": 29174
        },
        "2022-07": {
            "month": "2022-07",
            "price": "37.75",
            "revenue": 30430
        },
        "2022-08": {
            "month": "2022-08",
            "price": "37.99",
            "revenue": 42019
        },
        "2022-09": {
            "month": "2022-09",
            "price": "39.15",
            "revenue": 29153
        },
        "2022-10": {
            "month": "2022-10",
            "price": "33.48",
            "revenue": 43035
        },
        "2022-11": {
            "month": "2022-11",
            "price": "36.69",
            "revenue": 39023
        },
        "2022-12": {
            "month": "2022-12",
            "price": "39.23",
            "revenue": 25920
        },
        "2023-01": {
            "month": "2023-01",
            "price": "38.39",
            "revenue": 26069
        },
        "2023-02": {
            "month": "2023-02",
            "price": "38.61",
            "revenue": 32338
        },
        "2023-03": {
            "month": "2023-03",
            "price": "37.23",
            "revenue": 37016
        },
        "2023-04": {
            "month": "2023-04",
            "price": "36.41",
            "revenue": 33841
        }
    }
}
