{
    "summary": {
        "stock_name": "麗豐-KY",
        "stock_id": "4137",
        "category": "生技醫療",
        "main_business": "美容產品與護理套組之研發、製造及銷售業務<br>特許經營美容連鎖加盟店之經營與推廣業務<br>除許可業務外，得經營法令非禁止或限制之業務",
        "website_url": "http://www.chlitina.com",
        "ceo": "趙承佑",
        "pe_ratio": 23,
        "report_year_from": 2011,
        "report_year_to": 2023,
        "age": 12,
        "eps_negative_percentage": 0,
        "eps_growth_avg": {
            "last_all": 16.56,
            "last_2y": -13.61,
            "last_4y": 15.23,
            "last_8y": 16.56,
            "last_12y": null,
            "last_16y": null,
            "last_20y": null,
            "at_2006_last_3y": null,
            "at_2007_last_3y": null,
            "at_2008_last_3y": null,
            "at_2009_last_3y": null,
            "at_2010_last_3y": null,
            "at_2011_last_3y": null,
            "at_2012_last_3y": null,
            "at_2013_last_3y": null,
            "at_2014_last_3y": null,
            "at_2015_last_3y": null,
            "at_2016_last_3y": null,
            "at_2017_last_3y": 18.22,
            "at_2018_last_3y": 23.93,
            "at_2019_last_3y": 15.02,
            "at_2020_last_3y": 16.15,
            "at_2021_last_3y": 31.28,
            "at_2022_last_3y": -5.97,
            "at_2023_last_3y": -5.97,
            "at_2006_last_all": null,
            "at_2007_last_all": null,
            "at_2008_last_all": null,
            "at_2009_last_all": null,
            "at_2010_last_all": null,
            "at_2011_last_all": null,
            "at_2012_last_all": null,
            "at_2013_last_all": null,
            "at_2014_last_all": null,
            "at_2015_last_all": 64.88,
            "at_2016_last_all": 30.79,
            "at_2017_last_all": 18.22,
            "at_2018_last_all": 34.58,
            "at_2019_last_all": 31.64,
            "at_2020_last_all": 22.42,
            "at_2021_last_all": 24.75,
            "at_2022_last_all": 16.56,
            "at_2023_last_all": 16.56
        },
        "latest_eps": 9.92,
        "latest_price": 229.5,
        "latest_roe": 14.81,
        "latest_gross_margin": 83.38,
        "latest_equity": 5050438,
        "latest_revenue": 946265,
        "latest_gross_profit": 788986,
        "latest_net_income": 397228,
        "latest_debt_ratio": 44.31,
        "latest_current_ratio": 276.66,
        "latest_account_receivable_turnover_ratio": 467.98,
        "latest_inventory_turnover_ratio": 0.33,
        "latest_reinvestment_rate": 6.75,
        "latest_research_to_sale_ratio": 0.53
    },
    "eps_dividends": {
        "2001": {
            "cash": 0,
            "stock": 0,
            "eps": 0
        },
        "2002": {
            "cash": 0,
            "stock": 0,
            "eps": 0
        },
        "2003": {
            "cash": 0,
            "stock": 0,
            "eps": 0
        },
        "2004": {
            "cash": 0,
            "stock": 0,
            "eps": 0
        },
        "2005": {
            "cash": 0,
            "stock": 0,
            "eps": 0
        },
        "2006": {
            "cash": 0,
            "stock": 0,
            "eps": 0
        },
        "2007": {
            "cash": 0,
            "stock": 0,
            "eps": 0
        },
        "2008": {
            "cash": 0,
            "stock": 0,
            "eps": 0
        },
        "2009": {
            "cash": 0,
            "stock": 0,
            "eps": 0
        },
        "2010": {
            "cash": 0,
            "stock": 0,
            "eps": 0
        },
        "2011": {
            "cash": 0,
            "stock": 0,
            "eps": 0
        },
        "2012": {
            "cash": 0,
            "stock": 0,
            "eps": 0
        },
        "2013": {
            "cash": 4,
            "stock": 0,
            "eps": 5.43
        },
        "2014": {
            "cash": 7,
            "stock": 1,
            "eps": 9.62
        },
        "2015": {
            "cash": 7,
            "stock": 0,
            "eps": 14.68
        },
        "2016": {
            "cash": 10,
            "stock": 0,
            "eps": 9.19
        },
        "2017": {
            "cash": 7,
            "stock": 0,
            "eps": 7.4
        },
        "2018": {
            "cash": 8,
            "stock": 0,
            "eps": 15.4
        },
        "2019": {
            "cash": 12,
            "stock": 0,
            "eps": 18.01
        },
        "2020": {
            "cash": 13,
            "stock": 0,
            "eps": 12.09
        },
        "2021": {
            "cash": 9,
            "stock": 0,
            "eps": 17.05
        },
        "2022": {
            "cash": 12,
            "stock": 0,
            "eps": 8.7
        },
        "2023": {
            "cash": 7,
            "stock": 0,
            "eps": 5.03
        }
    },
    "dividends": {
        "2013-03-29": {
            "cash": 4.2,
            "stock": 0
        },
        "2014-08-26": {
            "cash": 6.5,
            "stock": 0.5
        },
        "2015-08-27": {
            "cash": 7,
            "stock": 0
        },
        "2016-09-08": {
            "cash": 10,
            "stock": 0
        },
        "2017-09-08": {
            "cash": 6.5,
            "stock": 0
        },
        "2018-08-30": {
            "cash": 8.08,
            "stock": 0
        },
        "2019-08-29": {
            "cash": 12,
            "stock": 0
        },
        "2020-10-13": {
            "cash": 13,
            "stock": 0
        },
        "2021-08-27": {
            "cash": 8.5,
            "stock": 0
        },
        "2022-08-25": {
            "cash": 12,
            "stock": 0
        },
        "2023-03-09": {
            "cash": 7,
            "stock": 0
        }
    },
    "prices": {
        "200101": "無",
        "200102": "無",
        "200103": "無",
        "200104": "無",
        "200105": "無",
        "200106": "無",
        "200107": "無",
        "200108": "無",
        "200109": "無",
        "200110": "無",
        "200111": "無",
        "200112": "無",
        "200201": "無",
        "200202": "無",
        "200203": "無",
        "200204": "無",
        "200205": "無",
        "200206": "無",
        "200207": "無",
        "200208": "無",
        "200209": "無",
        "200210": "無",
        "200211": "無",
        "200212": "無",
        "200301": "無",
        "200302": "無",
        "200303": "無",
        "200304": "無",
        "200305": "無",
        "200306": "無",
        "200307": "無",
        "200308": "無",
        "200309": "無",
        "200310": "無",
        "200311": "無",
        "200312": "無",
        "200401": "無",
        "200402": "無",
        "200403": "無",
        "200404": "無",
        "200405": "無",
        "200406": "無",
        "200407": "無",
        "200408": "無",
        "200409": "無",
        "200410": "無",
        "200411": "無",
        "200412": "無",
        "200501": "無",
        "200502": "無",
        "200503": "無",
        "200504": "無",
        "200505": "無",
        "200506": "無",
        "200507": "無",
        "200508": "無",
        "200509": "無",
        "200510": "無",
        "200511": "無",
        "200512": "無",
        "200601": "無",
        "200602": "無",
        "200603": "無",
        "200604": "無",
        "200605": "無",
        "200606": "無",
        "200607": "無",
        "200608": "無",
        "200609": "無",
        "200610": "無",
        "200611": "無",
        "200612": "無",
        "200701": "無",
        "200702": "無",
        "200703": "無",
        "200704": "無",
        "200705": "無",
        "200706": "無",
        "200707": "無",
        "200708": "無",
        "200709": "無",
        "200710": "無",
        "200711": "無",
        "200712": "無",
        "200801": "無",
        "200802": "無",
        "200803": "無",
        "200804": "無",
        "200805": "無",
        "200806": "無",
        "200807": "無",
        "200808": "無",
        "200809": "無",
        "200810": "無",
        "200811": "無",
        "200812": "無",
        "200901": "無",
        "200902": "無",
        "200903": "無",
        "200904": "無",
        "200905": "無",
        "200906": "無",
        "200907": "無",
        "200908": "無",
        "200909": "無",
        "200910": "無",
        "200911": "無",
        "200912": "無",
        "201001": "無",
        "201002": "無",
        "201003": "無",
        "201004": "無",
        "201005": "無",
        "201006": "無",
        "201007": "無",
        "201008": "無",
        "201009": "無",
        "201010": "無",
        "201011": "無",
        "201012": "無",
        "201101": "無",
        "201102": "無",
        "201103": "無",
        "201104": "無",
        "201105": "無",
        "201106": "無",
        "201107": "無",
        "201108": "無",
        "201109": "無",
        "201110": "無",
        "201111": "無",
        "201112": "無",
        "201201": "無",
        "201202": "無",
        "201203": "無",
        "201204": "無",
        "201205": "無",
        "201206": "無",
        "201207": "無",
        "201208": "無",
        "201209": "無",
        "201210": "無",
        "201211": "無",
        "201212": "無",
        "201301": "無",
        "201302": "無",
        "201303": "無",
        "201304": "無",
        "201305": "無",
        "201306": "無",
        "201307": "無",
        "201308": "無",
        "201309": "無",
        "201310": "無",
        "201311": "285.00",
        "201312": "331.20",
        "201401": "298.06",
        "201402": "270.18",
        "201403": "290.83",
        "201404": "279.48",
        "201405": "244.14",
        "201406": "254.60",
        "201407": "242.18",
        "201408": "193.12",
        "201409": "187.24",
        "201410": "166.55",
        "201411": "146.45",
        "201412": "150.35",
        "201501": "160.38",
        "201502": "159.50",
        "201503": "148.75",
        "201504": "171.12",
        "201505": "175.80",
        "201506": "199.76",
        "201507": "224.30",
        "201508": "229.81",
        "201509": "236.95",
        "201510": "265.67",
        "201511": "332.21",
        "201512": "342.24",
        "201601": "321.55",
        "201602": "302.58",
        "201603": "286.22",
        "201604": "250.08",
        "201605": "185.57",
        "201606": "173.02",
        "201607": "181.10",
        "201608": "163.78",
        "201609": "158.68",
        "201610": "147.55",
        "201611": "131.95",
        "201612": "146.30",
        "201701": "150.04",
        "201702": "153.47",
        "201703": "155.63",
        "201704": "139.50",
        "201705": "139.80",
        "201706": "136.57",
        "201707": "130.95",
        "201708": "106.98",
        "201709": "110.14",
        "201710": "108.34",
        "201711": "123.25",
        "201712": "150.62",
        "201801": "136.66",
        "201802": "140.85",
        "201803": "165.83",
        "201804": "204.81",
        "201805": "251.45",
        "201806": "279.00",
        "201807": "299.02",
        "201808": "267.59",
        "201809": "240.66",
        "201810": "212.77",
        "201811": "225.82",
        "201812": "254.55",
        "201901": "261.57",
        "201902": "299.73",
        "201903": "281.25",
        "201904": "265.62",
        "201905": "258.68",
        "201906": "257.79",
        "201907": "269.41",
        "201908": "227.10",
        "201909": "212.39",
        "201910": "233.17",
        "201911": "247.21",
        "201912": "235.68",
        "202001": "236.93",
        "202002": "196.11",
        "202003": "171.57",
        "202004": "184.45",
        "202005": "195.42",
        "202006": "207.28",
        "202007": "207.09",
        "202008": "208.17",
        "202009": "195.09",
        "202010": "178.32",
        "202011": "194.45",
        "202012": "199.80",
        "202101": "205.00",
        "202102": "224.38",
        "202103": "227.55",
        "202104": "222.68",
        "202105": "207.69",
        "202106": "207.17",
        "202107": "213.82",
        "202108": "192.84",
        "202109": "195.85",
        "202110": "221.30",
        "202111": "246.16",
        "202112": "239.27",
        "202201": "215.44",
        "202202": "215.67",
        "202203": "205.93",
        "202204": "194.87",
        "202205": "184.86",
        "202206": "189.52",
        "202207": "191.33",
        "202208": "174.74",
        "202209": "162.90",
        "202210": "152.00",
        "202211": "161.43",
        "202212": "199.11",
        "202301": "203.23",
        "202302": "222.39",
        "202303": "214.28",
        "202304": "222.91",
        "202305": "230.31"
    },
    "quarters": {
        "20011": {
            "year_quarter": 20011,
            "year": 2001,
            "quarter": 1,
            "eps": null,
            "eps_growth_year": null,
            "eps_4q": null,
            "eps_4q_growth_year": null,
            "roe": null,
            "roe_4q": 0,
            "gross_profit": null,
            "gross_margin": null,
            "gross_margin_4q_avg": 0,
            "net_income": null,
            "revenue": null,
            "common_shares": null,
            "book_valuer_per_share": null,
            "book_valuer_per_share_4q_avg": 0,
            "equity": null,
            "current_ratio": null,
            "debt_ratio": null,
            "inventory_turnover_ratio": null,
            "account_receivable_turnover_ratio": null,
            "reinvestment_rate": null,
            "research_to_sale_ratio": null,
            "price_fair": 0,
            "eps_avg_yearly": 0,
            "eps_latest_yearly": 0,
            "eps_growth_yearly": 0
        },
        "20012": {
            "year_quarter": 20012,
            "year": 2001,
            "quarter": 2,
            "eps": null,
            "eps_growth_year": null,
            "eps_4q": null,
            "eps_4q_growth_year": null,
            "roe": null,
            "roe_4q": 0,
            "gross_profit": null,
            "gross_margin": null,
            "gross_margin_4q_avg": 0,
            "net_income": null,
            "revenue": null,
            "common_shares": null,
            "book_valuer_per_share": null,
            "book_valuer_per_share_4q_avg": 0,
            "equity": null,
            "current_ratio": null,
            "debt_ratio": null,
            "inventory_turnover_ratio": null,
            "account_receivable_turnover_ratio": null,
            "reinvestment_rate": null,
            "research_to_sale_ratio": null,
            "price_fair": 0,
            "eps_avg_yearly": 0,
            "eps_latest_yearly": 0,
            "eps_growth_yearly": 0
        },
        "20013": {
            "year_quarter": 20013,
            "year": 2001,
            "quarter": 3,
            "eps": null,
            "eps_growth_year": null,
            "eps_4q": null,
            "eps_4q_growth_year": null,
            "roe": null,
            "roe_4q": 0,
            "gross_profit": null,
            "gross_margin": null,
            "gross_margin_4q_avg": 0,
            "net_income": null,
            "revenue": null,
            "common_shares": null,
            "book_valuer_per_share": null,
            "book_valuer_per_share_4q_avg": 0,
            "equity": null,
            "current_ratio": null,
            "debt_ratio": null,
            "inventory_turnover_ratio": null,
            "account_receivable_turnover_ratio": null,
            "reinvestment_rate": null,
            "research_to_sale_ratio": null,
            "price_fair": 0,
            "eps_avg_yearly": 0,
            "eps_latest_yearly": 0,
            "eps_growth_yearly": 0
        },
        "20014": {
            "year_quarter": 20014,
            "year": 2001,
            "quarter": 4,
            "eps": null,
            "eps_growth_year": null,
            "eps_4q": null,
            "eps_4q_growth_year": null,
            "roe": null,
            "roe_4q": 0,
            "gross_profit": null,
            "gross_margin": null,
            "gross_margin_4q_avg": 0,
            "net_income": null,
            "revenue": null,
            "common_shares": null,
            "book_valuer_per_share": null,
            "book_valuer_per_share_4q_avg": 0,
            "equity": null,
            "current_ratio": null,
            "debt_ratio": null,
            "inventory_turnover_ratio": null,
            "account_receivable_turnover_ratio": null,
            "reinvestment_rate": null,
            "research_to_sale_ratio": null,
            "price_fair": 0,
            "eps_avg_yearly": 0,
            "eps_latest_yearly": 0,
            "eps_growth_yearly": 0
        },
        "20021": {
            "year_quarter": 20021,
            "year": 2002,
            "quarter": 1,
            "eps": null,
            "eps_growth_year": null,
            "eps_4q": null,
            "eps_4q_growth_year": null,
            "roe": null,
            "roe_4q": 0,
            "gross_profit": null,
            "gross_margin": null,
            "gross_margin_4q_avg": 0,
            "net_income": null,
            "revenue": null,
            "common_shares": null,
            "book_valuer_per_share": null,
            "book_valuer_per_share_4q_avg": 0,
            "equity": null,
            "current_ratio": null,
            "debt_ratio": null,
            "inventory_turnover_ratio": null,
            "account_receivable_turnover_ratio": null,
            "reinvestment_rate": null,
            "research_to_sale_ratio": null,
            "price_fair": 0,
            "eps_avg_yearly": 0,
            "eps_latest_yearly": 0,
            "eps_growth_yearly": 0
        },
        "20022": {
            "year_quarter": 20022,
            "year": 2002,
            "quarter": 2,
            "eps": null,
            "eps_growth_year": null,
            "eps_4q": null,
            "eps_4q_growth_year": null,
            "roe": null,
            "roe_4q": 0,
            "gross_profit": null,
            "gross_margin": null,
            "gross_margin_4q_avg": 0,
            "net_income": null,
            "revenue": null,
            "common_shares": null,
            "book_valuer_per_share": null,
            "book_valuer_per_share_4q_avg": 0,
            "equity": null,
            "current_ratio": null,
            "debt_ratio": null,
            "inventory_turnover_ratio": null,
            "account_receivable_turnover_ratio": null,
            "reinvestment_rate": null,
            "research_to_sale_ratio": null,
            "price_fair": 0,
            "eps_avg_yearly": 0,
            "eps_latest_yearly": 0,
            "eps_growth_yearly": 0
        },
        "20023": {
            "year_quarter": 20023,
            "year": 2002,
            "quarter": 3,
            "eps": null,
            "eps_growth_year": null,
            "eps_4q": null,
            "eps_4q_growth_year": null,
            "roe": null,
            "roe_4q": 0,
            "gross_profit": null,
            "gross_margin": null,
            "gross_margin_4q_avg": 0,
            "net_income": null,
            "revenue": null,
            "common_shares": null,
            "book_valuer_per_share": null,
            "book_valuer_per_share_4q_avg": 0,
            "equity": null,
            "current_ratio": null,
            "debt_ratio": null,
            "inventory_turnover_ratio": null,
            "account_receivable_turnover_ratio": null,
            "reinvestment_rate": null,
            "research_to_sale_ratio": null,
            "price_fair": 0,
            "eps_avg_yearly": 0,
            "eps_latest_yearly": 0,
            "eps_growth_yearly": 0
        },
        "20024": {
            "year_quarter": 20024,
            "year": 2002,
            "quarter": 4,
            "eps": null,
            "eps_growth_year": null,
            "eps_4q": null,
            "eps_4q_growth_year": null,
            "roe": null,
            "roe_4q": 0,
            "gross_profit": null,
            "gross_margin": null,
            "gross_margin_4q_avg": 0,
            "net_income": null,
            "revenue": null,
            "common_shares": null,
            "book_valuer_per_share": null,
            "book_valuer_per_share_4q_avg": 0,
            "equity": null,
            "current_ratio": null,
            "debt_ratio": null,
            "inventory_turnover_ratio": null,
            "account_receivable_turnover_ratio": null,
            "reinvestment_rate": null,
            "research_to_sale_ratio": null,
            "price_fair": 0,
            "eps_avg_yearly": 0,
            "eps_latest_yearly": 0,
            "eps_growth_yearly": 0
        },
        "20031": {
            "year_quarter": 20031,
            "year": 2003,
            "quarter": 1,
            "eps": null,
            "eps_growth_year": null,
            "eps_4q": null,
            "eps_4q_growth_year": null,
            "roe": null,
            "roe_4q": 0,
            "gross_profit": null,
            "gross_margin": null,
            "gross_margin_4q_avg": 0,
            "net_income": null,
            "revenue": null,
            "common_shares": null,
            "book_valuer_per_share": null,
            "book_valuer_per_share_4q_avg": 0,
            "equity": null,
            "current_ratio": null,
            "debt_ratio": null,
            "inventory_turnover_ratio": null,
            "account_receivable_turnover_ratio": null,
            "reinvestment_rate": null,
            "research_to_sale_ratio": null,
            "price_fair": 0,
            "eps_avg_yearly": 0,
            "eps_latest_yearly": 0,
            "eps_growth_yearly": 0
        },
        "20032": {
            "year_quarter": 20032,
            "year": 2003,
            "quarter": 2,
            "eps": null,
            "eps_growth_year": null,
            "eps_4q": null,
            "eps_4q_growth_year": null,
            "roe": null,
            "roe_4q": 0,
            "gross_profit": null,
            "gross_margin": null,
            "gross_margin_4q_avg": 0,
            "net_income": null,
            "revenue": null,
            "common_shares": null,
            "book_valuer_per_share": null,
            "book_valuer_per_share_4q_avg": 0,
            "equity": null,
            "current_ratio": null,
            "debt_ratio": null,
            "inventory_turnover_ratio": null,
            "account_receivable_turnover_ratio": null,
            "reinvestment_rate": null,
            "research_to_sale_ratio": null,
            "price_fair": 0,
            "eps_avg_yearly": 0,
            "eps_latest_yearly": 0,
            "eps_growth_yearly": 0
        },
        "20033": {
            "year_quarter": 20033,
            "year": 2003,
            "quarter": 3,
            "eps": null,
            "eps_growth_year": null,
            "eps_4q": null,
            "eps_4q_growth_year": null,
            "roe": null,
            "roe_4q": 0,
            "gross_profit": null,
            "gross_margin": null,
            "gross_margin_4q_avg": 0,
            "net_income": null,
            "revenue": null,
            "common_shares": null,
            "book_valuer_per_share": null,
            "book_valuer_per_share_4q_avg": 0,
            "equity": null,
            "current_ratio": null,
            "debt_ratio": null,
            "inventory_turnover_ratio": null,
            "account_receivable_turnover_ratio": null,
            "reinvestment_rate": null,
            "research_to_sale_ratio": null,
            "price_fair": 0,
            "eps_avg_yearly": 0,
            "eps_latest_yearly": 0,
            "eps_growth_yearly": 0
        },
        "20034": {
            "year_quarter": 20034,
            "year": 2003,
            "quarter": 4,
            "eps": null,
            "eps_growth_year": null,
            "eps_4q": null,
            "eps_4q_growth_year": null,
            "roe": null,
            "roe_4q": 0,
            "gross_profit": null,
            "gross_margin": null,
            "gross_margin_4q_avg": 0,
            "net_income": null,
            "revenue": null,
            "common_shares": null,
            "book_valuer_per_share": null,
            "book_valuer_per_share_4q_avg": 0,
            "equity": null,
            "current_ratio": null,
            "debt_ratio": null,
            "inventory_turnover_ratio": null,
            "account_receivable_turnover_ratio": null,
            "reinvestment_rate": null,
            "research_to_sale_ratio": null,
            "price_fair": 0,
            "eps_avg_yearly": 0,
            "eps_latest_yearly": 0,
            "eps_growth_yearly": 0
        },
        "20041": {
            "year_quarter": 20041,
            "year": 2004,
            "quarter": 1,
            "eps": null,
            "eps_growth_year": null,
            "eps_4q": null,
            "eps_4q_growth_year": null,
            "roe": null,
            "roe_4q": 0,
            "gross_profit": null,
            "gross_margin": null,
            "gross_margin_4q_avg": 0,
            "net_income": null,
            "revenue": null,
            "common_shares": null,
            "book_valuer_per_share": null,
            "book_valuer_per_share_4q_avg": 0,
            "equity": null,
            "current_ratio": null,
            "debt_ratio": null,
            "inventory_turnover_ratio": null,
            "account_receivable_turnover_ratio": null,
            "reinvestment_rate": null,
            "research_to_sale_ratio": null,
            "price_fair": 0,
            "eps_avg_yearly": 0,
            "eps_latest_yearly": 0,
            "eps_growth_yearly": 0
        },
        "20042": {
            "year_quarter": 20042,
            "year": 2004,
            "quarter": 2,
            "eps": null,
            "eps_growth_year": null,
            "eps_4q": null,
            "eps_4q_growth_year": null,
            "roe": null,
            "roe_4q": 0,
            "gross_profit": null,
            "gross_margin": null,
            "gross_margin_4q_avg": 0,
            "net_income": null,
            "revenue": null,
            "common_shares": null,
            "book_valuer_per_share": null,
            "book_valuer_per_share_4q_avg": 0,
            "equity": null,
            "current_ratio": null,
            "debt_ratio": null,
            "inventory_turnover_ratio": null,
            "account_receivable_turnover_ratio": null,
            "reinvestment_rate": null,
            "research_to_sale_ratio": null,
            "price_fair": 0,
            "eps_avg_yearly": 0,
            "eps_latest_yearly": 0,
            "eps_growth_yearly": 0
        },
        "20043": {
            "year_quarter": 20043,
            "year": 2004,
            "quarter": 3,
            "eps": null,
            "eps_growth_year": null,
            "eps_4q": null,
            "eps_4q_growth_year": null,
            "roe": null,
            "roe_4q": 0,
            "gross_profit": null,
            "gross_margin": null,
            "gross_margin_4q_avg": 0,
            "net_income": null,
            "revenue": null,
            "common_shares": null,
            "book_valuer_per_share": null,
            "book_valuer_per_share_4q_avg": 0,
            "equity": null,
            "current_ratio": null,
            "debt_ratio": null,
            "inventory_turnover_ratio": null,
            "account_receivable_turnover_ratio": null,
            "reinvestment_rate": null,
            "research_to_sale_ratio": null,
            "price_fair": 0,
            "eps_avg_yearly": 0,
            "eps_latest_yearly": 0,
            "eps_growth_yearly": 0
        },
        "20044": {
            "year_quarter": 20044,
            "year": 2004,
            "quarter": 4,
            "eps": null,
            "eps_growth_year": null,
            "eps_4q": null,
            "eps_4q_growth_year": null,
            "roe": null,
            "roe_4q": 0,
            "gross_profit": null,
            "gross_margin": null,
            "gross_margin_4q_avg": 0,
            "net_income": null,
            "revenue": null,
            "common_shares": null,
            "book_valuer_per_share": null,
            "book_valuer_per_share_4q_avg": 0,
            "equity": null,
            "current_ratio": null,
            "debt_ratio": null,
            "inventory_turnover_ratio": null,
            "account_receivable_turnover_ratio": null,
            "reinvestment_rate": null,
            "research_to_sale_ratio": null,
            "price_fair": 0,
            "eps_avg_yearly": 0,
            "eps_latest_yearly": 0,
            "eps_growth_yearly": 0
        },
        "20051": {
            "year_quarter": 20051,
            "year": 2005,
            "quarter": 1,
            "eps": null,
            "eps_growth_year": null,
            "eps_4q": null,
            "eps_4q_growth_year": null,
            "roe": null,
            "roe_4q": 0,
            "gross_profit": null,
            "gross_margin": null,
            "gross_margin_4q_avg": 0,
            "net_income": null,
            "revenue": null,
            "common_shares": null,
            "book_valuer_per_share": null,
            "book_valuer_per_share_4q_avg": 0,
            "equity": null,
            "current_ratio": null,
            "debt_ratio": null,
            "inventory_turnover_ratio": null,
            "account_receivable_turnover_ratio": null,
            "reinvestment_rate": null,
            "research_to_sale_ratio": null,
            "price_fair": 0,
            "eps_avg_yearly": 0,
            "eps_latest_yearly": 0,
            "eps_growth_yearly": 0
        },
        "20052": {
            "year_quarter": 20052,
            "year": 2005,
            "quarter": 2,
            "eps": null,
            "eps_growth_year": null,
            "eps_4q": null,
            "eps_4q_growth_year": null,
            "roe": null,
            "roe_4q": 0,
            "gross_profit": null,
            "gross_margin": null,
            "gross_margin_4q_avg": 0,
            "net_income": null,
            "revenue": null,
            "common_shares": null,
            "book_valuer_per_share": null,
            "book_valuer_per_share_4q_avg": 0,
            "equity": null,
            "current_ratio": null,
            "debt_ratio": null,
            "inventory_turnover_ratio": null,
            "account_receivable_turnover_ratio": null,
            "reinvestment_rate": null,
            "research_to_sale_ratio": null,
            "price_fair": 0,
            "eps_avg_yearly": 0,
            "eps_latest_yearly": 0,
            "eps_growth_yearly": 0
        },
        "20053": {
            "year_quarter": 20053,
            "year": 2005,
            "quarter": 3,
            "eps": null,
            "eps_growth_year": null,
            "eps_4q": null,
            "eps_4q_growth_year": null,
            "roe": null,
            "roe_4q": 0,
            "gross_profit": null,
            "gross_margin": null,
            "gross_margin_4q_avg": 0,
            "net_income": null,
            "revenue": null,
            "common_shares": null,
            "book_valuer_per_share": null,
            "book_valuer_per_share_4q_avg": 0,
            "equity": null,
            "current_ratio": null,
            "debt_ratio": null,
            "inventory_turnover_ratio": null,
            "account_receivable_turnover_ratio": null,
            "reinvestment_rate": null,
            "research_to_sale_ratio": null,
            "price_fair": 0,
            "eps_avg_yearly": 0,
            "eps_latest_yearly": 0,
            "eps_growth_yearly": 0
        },
        "20054": {
            "year_quarter": 20054,
            "year": 2005,
            "quarter": 4,
            "eps": null,
            "eps_growth_year": null,
            "eps_4q": null,
            "eps_4q_growth_year": null,
            "roe": null,
            "roe_4q": 0,
            "gross_profit": null,
            "gross_margin": null,
            "gross_margin_4q_avg": 0,
            "net_income": null,
            "revenue": null,
            "common_shares": null,
            "book_valuer_per_share": null,
            "book_valuer_per_share_4q_avg": 0,
            "equity": null,
            "current_ratio": null,
            "debt_ratio": null,
            "inventory_turnover_ratio": null,
            "account_receivable_turnover_ratio": null,
            "reinvestment_rate": null,
            "research_to_sale_ratio": null,
            "price_fair": 0,
            "eps_avg_yearly": 0,
            "eps_latest_yearly": 0,
            "eps_growth_yearly": 0
        },
        "20061": {
            "year_quarter": 20061,
            "year": 2006,
            "quarter": 1,
            "eps": null,
            "eps_growth_year": null,
            "eps_4q": null,
            "eps_4q_growth_year": null,
            "roe": null,
            "roe_4q": 0,
            "gross_profit": null,
            "gross_margin": null,
            "gross_margin_4q_avg": 0,
            "net_income": null,
            "revenue": null,
            "common_shares": null,
            "book_valuer_per_share": null,
            "book_valuer_per_share_4q_avg": 0,
            "equity": null,
            "current_ratio": null,
            "debt_ratio": null,
            "inventory_turnover_ratio": null,
            "account_receivable_turnover_ratio": null,
            "reinvestment_rate": null,
            "research_to_sale_ratio": null,
            "price_fair": 0,
            "eps_avg_yearly": 0,
            "eps_latest_yearly": 0,
            "eps_growth_yearly": 0
        },
        "20062": {
            "year_quarter": 20062,
            "year": 2006,
            "quarter": 2,
            "eps": null,
            "eps_growth_year": null,
            "eps_4q": null,
            "eps_4q_growth_year": null,
            "roe": null,
            "roe_4q": 0,
            "gross_profit": null,
            "gross_margin": null,
            "gross_margin_4q_avg": 0,
            "net_income": null,
            "revenue": null,
            "common_shares": null,
            "book_valuer_per_share": null,
            "book_valuer_per_share_4q_avg": 0,
            "equity": null,
            "current_ratio": null,
            "debt_ratio": null,
            "inventory_turnover_ratio": null,
            "account_receivable_turnover_ratio": null,
            "reinvestment_rate": null,
            "research_to_sale_ratio": null,
            "price_fair": 0,
            "eps_avg_yearly": 0,
            "eps_latest_yearly": 0,
            "eps_growth_yearly": 0
        },
        "20063": {
            "year_quarter": 20063,
            "year": 2006,
            "quarter": 3,
            "eps": null,
            "eps_growth_year": null,
            "eps_4q": null,
            "eps_4q_growth_year": null,
            "roe": null,
            "roe_4q": 0,
            "gross_profit": null,
            "gross_margin": null,
            "gross_margin_4q_avg": 0,
            "net_income": null,
            "revenue": null,
            "common_shares": null,
            "book_valuer_per_share": null,
            "book_valuer_per_share_4q_avg": 0,
            "equity": null,
            "current_ratio": null,
            "debt_ratio": null,
            "inventory_turnover_ratio": null,
            "account_receivable_turnover_ratio": null,
            "reinvestment_rate": null,
            "research_to_sale_ratio": null,
            "price_fair": 0,
            "eps_avg_yearly": 0,
            "eps_latest_yearly": 0,
            "eps_growth_yearly": 0
        },
        "20064": {
            "year_quarter": 20064,
            "year": 2006,
            "quarter": 4,
            "eps": null,
            "eps_growth_year": null,
            "eps_4q": null,
            "eps_4q_growth_year": null,
            "roe": null,
            "roe_4q": 0,
            "gross_profit": null,
            "gross_margin": null,
            "gross_margin_4q_avg": 0,
            "net_income": null,
            "revenue": null,
            "common_shares": null,
            "book_valuer_per_share": null,
            "book_valuer_per_share_4q_avg": 0,
            "equity": null,
            "current_ratio": null,
            "debt_ratio": null,
            "inventory_turnover_ratio": null,
            "account_receivable_turnover_ratio": null,
            "reinvestment_rate": null,
            "research_to_sale_ratio": null,
            "price_fair": 0,
            "eps_avg_yearly": 0,
            "eps_latest_yearly": 0,
            "eps_growth_yearly": 0
        },
        "20071": {
            "year_quarter": 20071,
            "year": 2007,
            "quarter": 1,
            "eps": null,
            "eps_growth_year": null,
            "eps_4q": null,
            "eps_4q_growth_year": null,
            "roe": null,
            "roe_4q": 0,
            "gross_profit": null,
            "gross_margin": null,
            "gross_margin_4q_avg": 0,
            "net_income": null,
            "revenue": null,
            "common_shares": null,
            "book_valuer_per_share": null,
            "book_valuer_per_share_4q_avg": 0,
            "equity": null,
            "current_ratio": null,
            "debt_ratio": null,
            "inventory_turnover_ratio": null,
            "account_receivable_turnover_ratio": null,
            "reinvestment_rate": null,
            "research_to_sale_ratio": null,
            "price_fair": 0,
            "eps_avg_yearly": 0,
            "eps_latest_yearly": 0,
            "eps_growth_yearly": 0
        },
        "20072": {
            "year_quarter": 20072,
            "year": 2007,
            "quarter": 2,
            "eps": null,
            "eps_growth_year": null,
            "eps_4q": null,
            "eps_4q_growth_year": null,
            "roe": null,
            "roe_4q": 0,
            "gross_profit": null,
            "gross_margin": null,
            "gross_margin_4q_avg": 0,
            "net_income": null,
            "revenue": null,
            "common_shares": null,
            "book_valuer_per_share": null,
            "book_valuer_per_share_4q_avg": 0,
            "equity": null,
            "current_ratio": null,
            "debt_ratio": null,
            "inventory_turnover_ratio": null,
            "account_receivable_turnover_ratio": null,
            "reinvestment_rate": null,
            "research_to_sale_ratio": null,
            "price_fair": 0,
            "eps_avg_yearly": 0,
            "eps_latest_yearly": 0,
            "eps_growth_yearly": 0
        },
        "20073": {
            "year_quarter": 20073,
            "year": 2007,
            "quarter": 3,
            "eps": null,
            "eps_growth_year": null,
            "eps_4q": null,
            "eps_4q_growth_year": null,
            "roe": null,
            "roe_4q": 0,
            "gross_profit": null,
            "gross_margin": null,
            "gross_margin_4q_avg": 0,
            "net_income": null,
            "revenue": null,
            "common_shares": null,
            "book_valuer_per_share": null,
            "book_valuer_per_share_4q_avg": 0,
            "equity": null,
            "current_ratio": null,
            "debt_ratio": null,
            "inventory_turnover_ratio": null,
            "account_receivable_turnover_ratio": null,
            "reinvestment_rate": null,
            "research_to_sale_ratio": null,
            "price_fair": 0,
            "eps_avg_yearly": 0,
            "eps_latest_yearly": 0,
            "eps_growth_yearly": 0
        },
        "20074": {
            "year_quarter": 20074,
            "year": 2007,
            "quarter": 4,
            "eps": null,
            "eps_growth_year": null,
            "eps_4q": null,
            "eps_4q_growth_year": null,
            "roe": null,
            "roe_4q": 0,
            "gross_profit": null,
            "gross_margin": null,
            "gross_margin_4q_avg": 0,
            "net_income": null,
            "revenue": null,
            "common_shares": null,
            "book_valuer_per_share": null,
            "book_valuer_per_share_4q_avg": 0,
            "equity": null,
            "current_ratio": null,
            "debt_ratio": null,
            "inventory_turnover_ratio": null,
            "account_receivable_turnover_ratio": null,
            "reinvestment_rate": null,
            "research_to_sale_ratio": null,
            "price_fair": 0,
            "eps_avg_yearly": 0,
            "eps_latest_yearly": 0,
            "eps_growth_yearly": 0
        },
        "20081": {
            "year_quarter": 20081,
            "year": 2008,
            "quarter": 1,
            "eps": null,
            "eps_growth_year": null,
            "eps_4q": null,
            "eps_4q_growth_year": null,
            "roe": null,
            "roe_4q": 0,
            "gross_profit": null,
            "gross_margin": null,
            "gross_margin_4q_avg": 0,
            "net_income": null,
            "revenue": null,
            "common_shares": null,
            "book_valuer_per_share": null,
            "book_valuer_per_share_4q_avg": 0,
            "equity": null,
            "current_ratio": null,
            "debt_ratio": null,
            "inventory_turnover_ratio": null,
            "account_receivable_turnover_ratio": null,
            "reinvestment_rate": null,
            "research_to_sale_ratio": null,
            "price_fair": 0,
            "eps_avg_yearly": 0,
            "eps_latest_yearly": 0,
            "eps_growth_yearly": 0
        },
        "20082": {
            "year_quarter": 20082,
            "year": 2008,
            "quarter": 2,
            "eps": null,
            "eps_growth_year": null,
            "eps_4q": null,
            "eps_4q_growth_year": null,
            "roe": null,
            "roe_4q": 0,
            "gross_profit": null,
            "gross_margin": null,
            "gross_margin_4q_avg": 0,
            "net_income": null,
            "revenue": null,
            "common_shares": null,
            "book_valuer_per_share": null,
            "book_valuer_per_share_4q_avg": 0,
            "equity": null,
            "current_ratio": null,
            "debt_ratio": null,
            "inventory_turnover_ratio": null,
            "account_receivable_turnover_ratio": null,
            "reinvestment_rate": null,
            "research_to_sale_ratio": null,
            "price_fair": 0,
            "eps_avg_yearly": 0,
            "eps_latest_yearly": 0,
            "eps_growth_yearly": 0
        },
        "20083": {
            "year_quarter": 20083,
            "year": 2008,
            "quarter": 3,
            "eps": null,
            "eps_growth_year": null,
            "eps_4q": null,
            "eps_4q_growth_year": null,
            "roe": null,
            "roe_4q": 0,
            "gross_profit": null,
            "gross_margin": null,
            "gross_margin_4q_avg": 0,
            "net_income": null,
            "revenue": null,
            "common_shares": null,
            "book_valuer_per_share": null,
            "book_valuer_per_share_4q_avg": 0,
            "equity": null,
            "current_ratio": null,
            "debt_ratio": null,
            "inventory_turnover_ratio": null,
            "account_receivable_turnover_ratio": null,
            "reinvestment_rate": null,
            "research_to_sale_ratio": null,
            "price_fair": 0,
            "eps_avg_yearly": 0,
            "eps_latest_yearly": 0,
            "eps_growth_yearly": 0
        },
        "20084": {
            "year_quarter": 20084,
            "year": 2008,
            "quarter": 4,
            "eps": null,
            "eps_growth_year": null,
            "eps_4q": null,
            "eps_4q_growth_year": null,
            "roe": null,
            "roe_4q": 0,
            "gross_profit": null,
            "gross_margin": null,
            "gross_margin_4q_avg": 0,
            "net_income": null,
            "revenue": null,
            "common_shares": null,
            "book_valuer_per_share": null,
            "book_valuer_per_share_4q_avg": 0,
            "equity": null,
            "current_ratio": null,
            "debt_ratio": null,
            "inventory_turnover_ratio": null,
            "account_receivable_turnover_ratio": null,
            "reinvestment_rate": null,
            "research_to_sale_ratio": null,
            "price_fair": 0,
            "eps_avg_yearly": 0,
            "eps_latest_yearly": 0,
            "eps_growth_yearly": 0
        },
        "20091": {
            "year_quarter": 20091,
            "year": 2009,
            "quarter": 1,
            "eps": null,
            "eps_growth_year": null,
            "eps_4q": null,
            "eps_4q_growth_year": null,
            "roe": null,
            "roe_4q": 0,
            "gross_profit": null,
            "gross_margin": null,
            "gross_margin_4q_avg": 0,
            "net_income": null,
            "revenue": null,
            "common_shares": null,
            "book_valuer_per_share": null,
            "book_valuer_per_share_4q_avg": 0,
            "equity": null,
            "current_ratio": null,
            "debt_ratio": null,
            "inventory_turnover_ratio": null,
            "account_receivable_turnover_ratio": null,
            "reinvestment_rate": null,
            "research_to_sale_ratio": null,
            "price_fair": 0,
            "eps_avg_yearly": 0,
            "eps_latest_yearly": 0,
            "eps_growth_yearly": 0
        },
        "20092": {
            "year_quarter": 20092,
            "year": 2009,
            "quarter": 2,
            "eps": null,
            "eps_growth_year": null,
            "eps_4q": null,
            "eps_4q_growth_year": null,
            "roe": null,
            "roe_4q": 0,
            "gross_profit": null,
            "gross_margin": null,
            "gross_margin_4q_avg": 0,
            "net_income": null,
            "revenue": null,
            "common_shares": null,
            "book_valuer_per_share": null,
            "book_valuer_per_share_4q_avg": 0,
            "equity": null,
            "current_ratio": null,
            "debt_ratio": null,
            "inventory_turnover_ratio": null,
            "account_receivable_turnover_ratio": null,
            "reinvestment_rate": null,
            "research_to_sale_ratio": null,
            "price_fair": 0,
            "eps_avg_yearly": 0,
            "eps_latest_yearly": 0,
            "eps_growth_yearly": 0
        },
        "20093": {
            "year_quarter": 20093,
            "year": 2009,
            "quarter": 3,
            "eps": null,
            "eps_growth_year": null,
            "eps_4q": null,
            "eps_4q_growth_year": null,
            "roe": null,
            "roe_4q": 0,
            "gross_profit": null,
            "gross_margin": null,
            "gross_margin_4q_avg": 0,
            "net_income": null,
            "revenue": null,
            "common_shares": null,
            "book_valuer_per_share": null,
            "book_valuer_per_share_4q_avg": 0,
            "equity": null,
            "current_ratio": null,
            "debt_ratio": null,
            "inventory_turnover_ratio": null,
            "account_receivable_turnover_ratio": null,
            "reinvestment_rate": null,
            "research_to_sale_ratio": null,
            "price_fair": 0,
            "eps_avg_yearly": 0,
            "eps_latest_yearly": 0,
            "eps_growth_yearly": 0
        },
        "20094": {
            "year_quarter": 20094,
            "year": 2009,
            "quarter": 4,
            "eps": null,
            "eps_growth_year": null,
            "eps_4q": null,
            "eps_4q_growth_year": null,
            "roe": null,
            "roe_4q": 0,
            "gross_profit": null,
            "gross_margin": null,
            "gross_margin_4q_avg": 0,
            "net_income": null,
            "revenue": null,
            "common_shares": null,
            "book_valuer_per_share": null,
            "book_valuer_per_share_4q_avg": 0,
            "equity": null,
            "current_ratio": null,
            "debt_ratio": null,
            "inventory_turnover_ratio": null,
            "account_receivable_turnover_ratio": null,
            "reinvestment_rate": null,
            "research_to_sale_ratio": null,
            "price_fair": 0,
            "eps_avg_yearly": 0,
            "eps_latest_yearly": 0,
            "eps_growth_yearly": 0
        },
        "20101": {
            "year_quarter": 20101,
            "year": 2010,
            "quarter": 1,
            "eps": null,
            "eps_growth_year": null,
            "eps_4q": null,
            "eps_4q_growth_year": null,
            "roe": null,
            "roe_4q": 0,
            "gross_profit": null,
            "gross_margin": null,
            "gross_margin_4q_avg": 0,
            "net_income": null,
            "revenue": null,
            "common_shares": null,
            "book_valuer_per_share": null,
            "book_valuer_per_share_4q_avg": 0,
            "equity": null,
            "current_ratio": null,
            "debt_ratio": null,
            "inventory_turnover_ratio": null,
            "account_receivable_turnover_ratio": null,
            "reinvestment_rate": null,
            "research_to_sale_ratio": null,
            "price_fair": 0,
            "eps_avg_yearly": 0,
            "eps_latest_yearly": 0,
            "eps_growth_yearly": 0
        },
        "20102": {
            "year_quarter": 20102,
            "year": 2010,
            "quarter": 2,
            "eps": null,
            "eps_growth_year": null,
            "eps_4q": null,
            "eps_4q_growth_year": null,
            "roe": null,
            "roe_4q": 0,
            "gross_profit": null,
            "gross_margin": null,
            "gross_margin_4q_avg": 0,
            "net_income": null,
            "revenue": null,
            "common_shares": null,
            "book_valuer_per_share": null,
            "book_valuer_per_share_4q_avg": 0,
            "equity": null,
            "current_ratio": null,
            "debt_ratio": null,
            "inventory_turnover_ratio": null,
            "account_receivable_turnover_ratio": null,
            "reinvestment_rate": null,
            "research_to_sale_ratio": null,
            "price_fair": 0,
            "eps_avg_yearly": 0,
            "eps_latest_yearly": 0,
            "eps_growth_yearly": 0
        },
        "20103": {
            "year_quarter": 20103,
            "year": 2010,
            "quarter": 3,
            "eps": null,
            "eps_growth_year": null,
            "eps_4q": null,
            "eps_4q_growth_year": null,
            "roe": null,
            "roe_4q": 0,
            "gross_profit": null,
            "gross_margin": null,
            "gross_margin_4q_avg": 0,
            "net_income": null,
            "revenue": null,
            "common_shares": null,
            "book_valuer_per_share": null,
            "book_valuer_per_share_4q_avg": 0,
            "equity": null,
            "current_ratio": null,
            "debt_ratio": null,
            "inventory_turnover_ratio": null,
            "account_receivable_turnover_ratio": null,
            "reinvestment_rate": null,
            "research_to_sale_ratio": null,
            "price_fair": 0,
            "eps_avg_yearly": 0,
            "eps_latest_yearly": 0,
            "eps_growth_yearly": 0
        },
        "20104": {
            "year_quarter": 20104,
            "year": 2010,
            "quarter": 4,
            "eps": null,
            "eps_growth_year": null,
            "eps_4q": null,
            "eps_4q_growth_year": null,
            "roe": null,
            "roe_4q": 0,
            "gross_profit": null,
            "gross_margin": null,
            "gross_margin_4q_avg": 0,
            "net_income": null,
            "revenue": null,
            "common_shares": 20000,
            "book_valuer_per_share": 82.12,
            "book_valuer_per_share_4q_avg": 20.53,
            "equity": 164249,
            "current_ratio": 136.74,
            "debt_ratio": 79.78,
            "inventory_turnover_ratio": null,
            "account_receivable_turnover_ratio": null,
            "reinvestment_rate": null,
            "research_to_sale_ratio": null,
            "price_fair": 0,
            "eps_avg_yearly": 0,
            "eps_latest_yearly": 0,
            "eps_growth_yearly": 0
        },
        "20111": {
            "year_quarter": 20111,
            "year": 2011,
            "quarter": 1,
            "eps": null,
            "eps_growth_year": null,
            "eps_4q": null,
            "eps_4q_growth_year": null,
            "roe": null,
            "roe_4q": 0,
            "gross_profit": null,
            "gross_margin": null,
            "gross_margin_4q_avg": 0,
            "net_income": null,
            "revenue": null,
            "common_shares": null,
            "book_valuer_per_share": null,
            "book_valuer_per_share_4q_avg": 20.53,
            "equity": null,
            "current_ratio": null,
            "debt_ratio": null,
            "inventory_turnover_ratio": null,
            "account_receivable_turnover_ratio": null,
            "reinvestment_rate": null,
            "research_to_sale_ratio": null,
            "price_fair": 0,
            "eps_avg_yearly": 0,
            "eps_latest_yearly": 0,
            "eps_growth_yearly": 0
        },
        "20112": {
            "year_quarter": 20112,
            "year": 2011,
            "quarter": 2,
            "eps": null,
            "eps_growth_year": null,
            "eps_4q": null,
            "eps_4q_growth_year": null,
            "roe": null,
            "roe_4q": 0,
            "gross_profit": null,
            "gross_margin": null,
            "gross_margin_4q_avg": 0,
            "net_income": null,
            "revenue": null,
            "common_shares": null,
            "book_valuer_per_share": null,
            "book_valuer_per_share_4q_avg": 20.53,
            "equity": null,
            "current_ratio": null,
            "debt_ratio": null,
            "inventory_turnover_ratio": null,
            "account_receivable_turnover_ratio": null,
            "reinvestment_rate": null,
            "research_to_sale_ratio": null,
            "price_fair": 0,
            "eps_avg_yearly": 0,
            "eps_latest_yearly": 0,
            "eps_growth_yearly": 0
        },
        "20113": {
            "year_quarter": 20113,
            "year": 2011,
            "quarter": 3,
            "eps": null,
            "eps_growth_year": null,
            "eps_4q": null,
            "eps_4q_growth_year": null,
            "roe": null,
            "roe_4q": 0,
            "gross_profit": null,
            "gross_margin": null,
            "gross_margin_4q_avg": 0,
            "net_income": null,
            "revenue": null,
            "common_shares": null,
            "book_valuer_per_share": null,
            "book_valuer_per_share_4q_avg": 20.53,
            "equity": null,
            "current_ratio": null,
            "debt_ratio": null,
            "inventory_turnover_ratio": null,
            "account_receivable_turnover_ratio": null,
            "reinvestment_rate": null,
            "research_to_sale_ratio": null,
            "price_fair": 0,
            "eps_avg_yearly": 0,
            "eps_latest_yearly": 0,
            "eps_growth_yearly": 0
        },
        "20114": {
            "year_quarter": 20114,
            "year": 2011,
            "quarter": 4,
            "eps": null,
            "eps_growth_year": null,
            "eps_4q": null,
            "eps_4q_growth_year": null,
            "roe": null,
            "roe_4q": 0,
            "gross_profit": null,
            "gross_margin": null,
            "gross_margin_4q_avg": 0,
            "net_income": null,
            "revenue": null,
            "common_shares": 20000,
            "book_valuer_per_share": 223.6,
            "book_valuer_per_share_4q_avg": 55.9,
            "equity": 447196,
            "current_ratio": 129.77,
            "debt_ratio": 70.06,
            "inventory_turnover_ratio": null,
            "account_receivable_turnover_ratio": null,
            "reinvestment_rate": null,
            "research_to_sale_ratio": null,
            "price_fair": 0,
            "eps_avg_yearly": 0,
            "eps_latest_yearly": 0,
            "eps_growth_yearly": 0
        },
        "20121": {
            "year_quarter": 20121,
            "year": 2012,
            "quarter": 1,
            "eps": null,
            "eps_growth_year": null,
            "eps_4q": null,
            "eps_4q_growth_year": null,
            "roe": null,
            "roe_4q": 0,
            "gross_profit": null,
            "gross_margin": null,
            "gross_margin_4q_avg": 0,
            "net_income": null,
            "revenue": null,
            "common_shares": null,
            "book_valuer_per_share": null,
            "book_valuer_per_share_4q_avg": 55.9,
            "equity": null,
            "current_ratio": null,
            "debt_ratio": null,
            "inventory_turnover_ratio": null,
            "account_receivable_turnover_ratio": null,
            "reinvestment_rate": null,
            "research_to_sale_ratio": null,
            "price_fair": 0,
            "eps_avg_yearly": 0,
            "eps_latest_yearly": 0,
            "eps_growth_yearly": 0
        },
        "20122": {
            "year_quarter": 20122,
            "year": 2012,
            "quarter": 2,
            "eps": null,
            "eps_growth_year": null,
            "eps_4q": null,
            "eps_4q_growth_year": null,
            "roe": null,
            "roe_4q": 0,
            "gross_profit": null,
            "gross_margin": null,
            "gross_margin_4q_avg": 0,
            "net_income": null,
            "revenue": null,
            "common_shares": null,
            "book_valuer_per_share": null,
            "book_valuer_per_share_4q_avg": 55.9,
            "equity": null,
            "current_ratio": null,
            "debt_ratio": null,
            "inventory_turnover_ratio": null,
            "account_receivable_turnover_ratio": null,
            "reinvestment_rate": null,
            "research_to_sale_ratio": null,
            "price_fair": 0,
            "eps_avg_yearly": 0,
            "eps_latest_yearly": 0,
            "eps_growth_yearly": 0
        },
        "20123": {
            "year_quarter": 20123,
            "year": 2012,
            "quarter": 3,
            "eps": null,
            "eps_growth_year": null,
            "eps_4q": null,
            "eps_4q_growth_year": null,
            "roe": null,
            "roe_4q": 0,
            "gross_profit": 595551,
            "gross_margin": null,
            "gross_margin_4q_avg": 0,
            "net_income": 181139,
            "revenue": 678345,
            "common_shares": 668000,
            "book_valuer_per_share": null,
            "book_valuer_per_share_4q_avg": 55.9,
            "equity": 842994,
            "current_ratio": null,
            "debt_ratio": null,
            "inventory_turnover_ratio": null,
            "account_receivable_turnover_ratio": null,
            "reinvestment_rate": null,
            "research_to_sale_ratio": null,
            "price_fair": 0,
            "eps_avg_yearly": 0,
            "eps_latest_yearly": 0,
            "eps_growth_yearly": 0
        },
        "20124": {
            "year_quarter": 20124,
            "year": 2012,
            "quarter": 4,
            "eps": null,
            "eps_growth_year": null,
            "eps_4q": null,
            "eps_4q_growth_year": null,
            "roe": null,
            "roe_4q": 0,
            "gross_profit": 1396610,
            "gross_margin": null,
            "gross_margin_4q_avg": 0,
            "net_income": 409246,
            "revenue": 1730214,
            "common_shares": 668000,
            "book_valuer_per_share": 14.85,
            "book_valuer_per_share_4q_avg": 3.71,
            "equity": 992203,
            "current_ratio": 218.63,
            "debt_ratio": 49.17,
            "inventory_turnover_ratio": null,
            "account_receivable_turnover_ratio": null,
            "reinvestment_rate": null,
            "research_to_sale_ratio": null,
            "price_fair": 0,
            "eps_avg_yearly": 0,
            "eps_latest_yearly": 0,
            "eps_growth_yearly": 0
        },
        "20131": {
            "year_quarter": 20131,
            "year": 2013,
            "quarter": 1,
            "eps": null,
            "eps_growth_year": null,
            "eps_4q": null,
            "eps_4q_growth_year": null,
            "roe": null,
            "roe_4q": 0,
            "gross_profit": 497014,
            "gross_margin": null,
            "gross_margin_4q_avg": 0,
            "net_income": 149018,
            "revenue": 594928,
            "common_shares": 668000,
            "book_valuer_per_share": 17.54,
            "book_valuer_per_share_4q_avg": 8.1,
            "equity": 1171908,
            "current_ratio": 193.48,
            "debt_ratio": 48.04,
            "inventory_turnover_ratio": null,
            "account_receivable_turnover_ratio": null,
            "reinvestment_rate": null,
            "research_to_sale_ratio": null,
            "price_fair": 0,
            "eps_avg_yearly": 0,
            "eps_latest_yearly": 0,
            "eps_growth_yearly": 0
        },
        "20132": {
            "year_quarter": 20132,
            "year": 2013,
            "quarter": 2,
            "eps": null,
            "eps_growth_year": null,
            "eps_4q": null,
            "eps_4q_growth_year": null,
            "roe": null,
            "roe_4q": 0,
            "gross_profit": 505351,
            "gross_margin": null,
            "gross_margin_4q_avg": 0,
            "net_income": 159868,
            "revenue": 604128,
            "common_shares": 668000,
            "book_valuer_per_share": 15.97,
            "book_valuer_per_share_4q_avg": 12.09,
            "equity": 1066922,
            "current_ratio": 151.54,
            "debt_ratio": 56.74,
            "inventory_turnover_ratio": null,
            "account_receivable_turnover_ratio": null,
            "reinvestment_rate": null,
            "research_to_sale_ratio": null,
            "price_fair": 0,
            "eps_avg_yearly": 0,
            "eps_latest_yearly": 0,
            "eps_growth_yearly": 0
        },
        "20133": {
            "year_quarter": 20133,
            "year": 2013,
            "quarter": 3,
            "eps": 2.99,
            "eps_growth_year": null,
            "eps_4q": 2.99,
            "eps_4q_growth_year": null,
            "roe": 17.16,
            "roe_4q": 17.16,
            "gross_profit": 509440,
            "gross_margin": 81.87,
            "gross_margin_4q_avg": 20.47,
            "net_income": 199428,
            "revenue": 622249,
            "common_shares": 668000,
            "book_valuer_per_share": 18.83,
            "book_valuer_per_share_4q_avg": 16.8,
            "equity": 1257750,
            "current_ratio": 159.04,
            "debt_ratio": 46.5,
            "inventory_turnover_ratio": 0.44,
            "account_receivable_turnover_ratio": 225.29,
            "reinvestment_rate": null,
            "research_to_sale_ratio": 0,
            "price_fair": 0,
            "eps_avg_yearly": 0,
            "eps_latest_yearly": 0,
            "eps_growth_yearly": 0
        },
        "20134": {
            "year_quarter": 20134,
            "year": 2013,
            "quarter": 4,
            "eps": 2.44,
            "eps_growth_year": null,
            "eps_4q": 5.08,
            "eps_4q_growth_year": null,
            "roe": 8.76,
            "roe_4q": 25.92,
            "gross_profit": 606433,
            "gross_margin": 68.9,
            "gross_margin_4q_avg": 37.69,
            "net_income": 184914,
            "revenue": 880167,
            "common_shares": 757070,
            "book_valuer_per_share": 39.18,
            "book_valuer_per_share_4q_avg": 22.88,
            "equity": 2965951,
            "current_ratio": 323.54,
            "debt_ratio": 31.62,
            "inventory_turnover_ratio": 1.09,
            "account_receivable_turnover_ratio": 152.16,
            "reinvestment_rate": null,
            "research_to_sale_ratio": null,
            "price_fair": 29.28,
            "eps_avg_yearly": 9.76,
            "eps_latest_yearly": 9.76,
            "eps_growth_yearly": -73.58
        },
        "20141": {
            "year_quarter": 20141,
            "year": 2014,
            "quarter": 1,
            "eps": 2.41,
            "eps_growth_year": null,
            "eps_4q": 7.49,
            "eps_4q_growth_year": null,
            "roe": 5.97,
            "roe_4q": 31.89,
            "gross_profit": 590300,
            "gross_margin": 81.86,
            "gross_margin_4q_avg": 58.16,
            "net_income": 182700,
            "revenue": 721126,
            "common_shares": 757070,
            "book_valuer_per_share": 41.63,
            "book_valuer_per_share_4q_avg": 28.9,
            "equity": 3151382,
            "current_ratio": 363.31,
            "debt_ratio": 27.47,
            "inventory_turnover_ratio": 0.56,
            "account_receivable_turnover_ratio": 130.03,
            "reinvestment_rate": null,
            "research_to_sale_ratio": null,
            "price_fair": 29.1,
            "eps_avg_yearly": 9.7,
            "eps_latest_yearly": 9.64,
            "eps_growth_yearly": -39.25
        },
        "20142": {
            "year_quarter": 20142,
            "year": 2014,
            "quarter": 2,
            "eps": 2.21,
            "eps_growth_year": null,
            "eps_4q": 9.35,
            "eps_4q_growth_year": null,
            "roe": 5.93,
            "roe_4q": 37.81999999999999,
            "gross_profit": 568508,
            "gross_margin": 79.85,
            "gross_margin_4q_avg": 78.12,
            "net_income": 176055,
            "revenue": 711929,
            "common_shares": 757070,
            "book_valuer_per_share": 36.83,
            "book_valuer_per_share_4q_avg": 34.12,
            "equity": 2788628,
            "current_ratio": 235.2,
            "debt_ratio": 37.83,
            "inventory_turnover_ratio": 0.61,
            "account_receivable_turnover_ratio": 95.13,
            "reinvestment_rate": null,
            "research_to_sale_ratio": null,
            "price_fair": 28.24,
            "eps_avg_yearly": 9.41,
            "eps_latest_yearly": 8.84,
            "eps_growth_yearly": -37.23
        },
        "20143": {
            "year_quarter": 20143,
            "year": 2014,
            "quarter": 3,
            "eps": 2.21,
            "eps_growth_year": -26.09,
            "eps_4q": 9.05,
            "eps_4q_growth_year": 203.06,
            "roe": 6.04,
            "roe_4q": 26.699999999999996,
            "gross_profit": 593653,
            "gross_margin": 82.45,
            "gross_margin_4q_avg": 78.27,
            "net_income": 175551,
            "revenue": 719995,
            "common_shares": 794924,
            "book_valuer_per_share": 38.08,
            "book_valuer_per_share_4q_avg": 38.93,
            "equity": 3027074,
            "current_ratio": 289.06,
            "debt_ratio": 23.76,
            "inventory_turnover_ratio": 0.48,
            "account_receivable_turnover_ratio": 61.96,
            "reinvestment_rate": null,
            "research_to_sale_ratio": null,
            "price_fair": 27.81,
            "eps_avg_yearly": 9.27,
            "eps_latest_yearly": 8.84,
            "eps_growth_yearly": -27.92
        },
        "20144": {
            "year_quarter": 20144,
            "year": 2014,
            "quarter": 4,
            "eps": 2.79,
            "eps_growth_year": 14.1,
            "eps_4q": 9.51,
            "eps_4q_growth_year": 87.29,
            "roe": 6.97,
            "roe_4q": 24.909999999999997,
            "gross_profit": 727373,
            "gross_margin": 79.21,
            "gross_margin_4q_avg": 80.84,
            "net_income": 221531,
            "revenue": 918319,
            "common_shares": 794924,
            "book_valuer_per_share": 41.89,
            "book_valuer_per_share_4q_avg": 39.61,
            "equity": 3329583,
            "current_ratio": 282.01,
            "debt_ratio": 24.32,
            "inventory_turnover_ratio": 0.71,
            "account_receivable_turnover_ratio": 44.92,
            "reinvestment_rate": null,
            "research_to_sale_ratio": null,
            "price_fair": 28.94,
            "eps_avg_yearly": 9.65,
            "eps_latest_yearly": 11.16,
            "eps_growth_yearly": -1.34
        },
        "20151": {
            "year_quarter": 20151,
            "year": 2015,
            "quarter": 1,
            "eps": 2.2,
            "eps_growth_year": -8.71,
            "eps_4q": 9.41,
            "eps_4q_growth_year": 25.7,
            "roe": 5.15,
            "roe_4q": 24.09,
            "gross_profit": 615794,
            "gross_margin": 74.72,
            "gross_margin_4q_avg": 79.06,
            "net_income": 175266,
            "revenue": 824183,
            "common_shares": 794924,
            "book_valuer_per_share": 43.76,
            "book_valuer_per_share_4q_avg": 40.14,
            "equity": 3478202,
            "current_ratio": 289.94,
            "debt_ratio": 24.76,
            "inventory_turnover_ratio": 0.82,
            "account_receivable_turnover_ratio": 15.15,
            "reinvestment_rate": null,
            "research_to_sale_ratio": null,
            "price_fair": 28.52,
            "eps_avg_yearly": 9.51,
            "eps_latest_yearly": 8.8,
            "eps_growth_yearly": -15.22
        },
        "20152": {
            "year_quarter": 20152,
            "year": 2015,
            "quarter": 2,
            "eps": 2.98,
            "eps_growth_year": 34.84,
            "eps_4q": 10.18,
            "eps_4q_growth_year": 8.88,
            "roe": 7.18,
            "roe_4q": 25.34,
            "gross_profit": 757575,
            "gross_margin": 76.38,
            "gross_margin_4q_avg": 78.19,
            "net_income": 236758,
            "revenue": 991833,
            "common_shares": 794924,
            "book_valuer_per_share": 39.17,
            "book_valuer_per_share_4q_avg": 40.73,
            "equity": 3113887,
            "current_ratio": 212.07,
            "debt_ratio": 34.71,
            "inventory_turnover_ratio": 0.83,
            "account_receivable_turnover_ratio": 7.32,
            "reinvestment_rate": null,
            "research_to_sale_ratio": null,
            "price_fair": 169.61,
            "eps_avg_yearly": 9.85,
            "eps_latest_yearly": 11.92,
            "eps_growth_yearly": 7.22
        },
        "20153": {
            "year_quarter": 20153,
            "year": 2015,
            "quarter": 3,
            "eps": 4.11,
            "eps_growth_year": 85.97,
            "eps_4q": 12.08,
            "eps_4q_growth_year": 33.5,
            "roe": 9.77,
            "roe_4q": 29.07,
            "gross_profit": 840600,
            "gross_margin": 73.91,
            "gross_margin_4q_avg": 76.06,
            "net_income": 326584,
            "revenue": 1137258,
            "common_shares": 794924,
            "book_valuer_per_share": 44.95,
            "book_valuer_per_share_4q_avg": 42.44,
            "equity": 3573138,
            "current_ratio": 315.92,
            "debt_ratio": 22.93,
            "inventory_turnover_ratio": 0.8,
            "account_receivable_turnover_ratio": 3.92,
            "reinvestment_rate": null,
            "research_to_sale_ratio": null,
            "price_fair": 373.63,
            "eps_avg_yearly": 10.68,
            "eps_latest_yearly": 16.44,
            "eps_growth_yearly": 25.27
        },
        "20154": {
            "year_quarter": 20154,
            "year": 2015,
            "quarter": 4,
            "eps": 5.39,
            "eps_growth_year": 93.42,
            "eps_4q": 14.68,
            "eps_4q_growth_year": 54.41,
            "roe": 11.4,
            "roe_4q": 33.5,
            "gross_profit": 1124567,
            "gross_margin": 78.04,
            "gross_margin_4q_avg": 75.76,
            "net_income": 428479,
            "revenue": 1440990,
            "common_shares": 794924,
            "book_valuer_per_share": 49.65,
            "book_valuer_per_share_4q_avg": 44.38,
            "equity": 3946729,
            "current_ratio": 405.49,
            "debt_ratio": 33.94,
            "inventory_turnover_ratio": 0.72,
            "account_receivable_turnover_ratio": 2.73,
            "reinvestment_rate": null,
            "research_to_sale_ratio": null,
            "price_fair": 415.96,
            "eps_avg_yearly": 11.88,
            "eps_latest_yearly": 21.56,
            "eps_growth_yearly": 36.31
        },
        "20161": {
            "year_quarter": 20161,
            "year": 2016,
            "quarter": 1,
            "eps": 4.07,
            "eps_growth_year": 85,
            "eps_4q": 16.55,
            "eps_4q_growth_year": 75.8,
            "roe": 7.92,
            "roe_4q": 36.269999999999996,
            "gross_profit": 833110,
            "gross_margin": 75.54,
            "gross_margin_4q_avg": 75.97,
            "net_income": 323889,
            "revenue": 1102806,
            "common_shares": 794924,
            "book_valuer_per_share": 53.26,
            "book_valuer_per_share_4q_avg": 46.76,
            "equity": 4234021,
            "current_ratio": 471.07,
            "debt_ratio": 30.69,
            "inventory_turnover_ratio": 0.6,
            "account_receivable_turnover_ratio": 2.31,
            "reinvestment_rate": null,
            "research_to_sale_ratio": null,
            "price_fair": 405.22,
            "eps_avg_yearly": 12.32,
            "eps_latest_yearly": 16.28,
            "eps_growth_yearly": 22.88
        },
        "20162": {
            "year_quarter": 20162,
            "year": 2016,
            "quarter": 2,
            "eps": 1.93,
            "eps_growth_year": -35.23,
            "eps_4q": 15.51,
            "eps_4q_growth_year": 52.33,
            "roe": 3.97,
            "roe_4q": 33.06,
            "gross_profit": 620744,
            "gross_margin": 85.06,
            "gross_margin_4q_avg": 78.14,
            "net_income": 153591,
            "revenue": 729769,
            "common_shares": 794924,
            "book_valuer_per_share": 44.17,
            "book_valuer_per_share_4q_avg": 48.01,
            "equity": 3511011,
            "current_ratio": 278.04,
            "debt_ratio": 42,
            "inventory_turnover_ratio": 0.24,
            "account_receivable_turnover_ratio": 4.53,
            "reinvestment_rate": 32.81,
            "research_to_sale_ratio": null,
            "price_fair": 139.07,
            "eps_avg_yearly": 11.91,
            "eps_latest_yearly": 7.72,
            "eps_growth_yearly": 1.68
        },
        "20163": {
            "year_quarter": 20163,
            "year": 2016,
            "quarter": 3,
            "eps": 1.64,
            "eps_growth_year": -60.1,
            "eps_4q": 13.04,
            "eps_4q_growth_year": 7.92,
            "roe": 3.71,
            "roe_4q": 27,
            "gross_profit": 594262,
            "gross_margin": 83.3,
            "gross_margin_4q_avg": 80.49,
            "net_income": 130225,
            "revenue": 713420,
            "common_shares": 794924,
            "book_valuer_per_share": 44.26,
            "book_valuer_per_share_4q_avg": 47.84,
            "equity": 3518056,
            "current_ratio": 443.48,
            "debt_ratio": 33.34,
            "inventory_turnover_ratio": 0.27,
            "account_receivable_turnover_ratio": 37.42,
            "reinvestment_rate": 18.84,
            "research_to_sale_ratio": null,
            "price_fair": 34.38,
            "eps_avg_yearly": 11.46,
            "eps_latest_yearly": 6.56,
            "eps_growth_yearly": -3.47
        },
        "20164": {
            "year_quarter": 20164,
            "year": 2016,
            "quarter": 4,
            "eps": 1.55,
            "eps_growth_year": -71.17,
            "eps_4q": 9.23,
            "eps_4q_growth_year": -37.15,
            "roe": 3.48,
            "roe_4q": 19.08,
            "gross_profit": 650188,
            "gross_margin": 79.82,
            "gross_margin_4q_avg": 80.93,
            "net_income": 123085,
            "revenue": 814589,
            "common_shares": 794924,
            "book_valuer_per_share": 44.95,
            "book_valuer_per_share_4q_avg": 46.66,
            "equity": 3559822,
            "current_ratio": 209.83,
            "debt_ratio": 36.54,
            "inventory_turnover_ratio": 0.37,
            "account_receivable_turnover_ratio": 109.64,
            "reinvestment_rate": 19.9,
            "research_to_sale_ratio": null,
            "price_fair": 33.17,
            "eps_avg_yearly": 11.06,
            "eps_latest_yearly": 6.2,
            "eps_growth_yearly": -4.89
        },
        "20171": {
            "year_quarter": 20171,
            "year": 2017,
            "quarter": 1,
            "eps": 1.18,
            "eps_growth_year": -71.01,
            "eps_4q": 6.35,
            "eps_4q_growth_year": -61.63,
            "roe": 2.66,
            "roe_4q": 13.820000000000002,
            "gross_profit": 593357,
            "gross_margin": 82.63,
            "gross_margin_4q_avg": 82.7,
            "net_income": 92880,
            "revenue": 718091,
            "common_shares": 794924,
            "book_valuer_per_share": 43.4,
            "book_valuer_per_share_4q_avg": 44.2,
            "equity": 3414988,
            "current_ratio": 224.57,
            "debt_ratio": 35.15,
            "inventory_turnover_ratio": 0.26,
            "account_receivable_turnover_ratio": 55.75,
            "reinvestment_rate": 9.96,
            "research_to_sale_ratio": null,
            "price_fair": 31.81,
            "eps_avg_yearly": 10.6,
            "eps_latest_yearly": 4.72,
            "eps_growth_yearly": -11.36
        },
        "20172": {
            "year_quarter": 20172,
            "year": 2017,
            "quarter": 2,
            "eps": 2.02,
            "eps_growth_year": 4.66,
            "eps_4q": 6.42,
            "eps_4q_growth_year": -58.59,
            "roe": 4.87,
            "roe_4q": 14.719999999999999,
            "gross_profit": 621194,
            "gross_margin": 81.24,
            "gross_margin_4q_avg": 81.75,
            "net_income": 159034,
            "revenue": 764670,
            "common_shares": 794924,
            "book_valuer_per_share": 39.61,
            "book_valuer_per_share_4q_avg": 43.06,
            "equity": 3116952,
            "current_ratio": 185.28,
            "debt_ratio": 42.78,
            "inventory_turnover_ratio": 0.29,
            "account_receivable_turnover_ratio": 87.78,
            "reinvestment_rate": 9.99,
            "research_to_sale_ratio": null,
            "price_fair": 191.79,
            "eps_avg_yearly": 10.43,
            "eps_latest_yearly": 8.08,
            "eps_growth_yearly": 8.38
        },
        "20173": {
            "year_quarter": 20173,
            "year": 2017,
            "quarter": 3,
            "eps": 1.91,
            "eps_growth_year": 16.46,
            "eps_4q": 6.68,
            "eps_4q_growth_year": -48.77,
            "roe": 4.69,
            "roe_4q": 15.700000000000001,
            "gross_profit": 617304,
            "gross_margin": 79.27,
            "gross_margin_4q_avg": 80.74,
            "net_income": 150551,
            "revenue": 778755,
            "common_shares": 794924,
            "book_valuer_per_share": 41.9,
            "book_valuer_per_share_4q_avg": 42.47,
            "equity": 3297268,
            "current_ratio": 216.72,
            "debt_ratio": 35.4,
            "inventory_turnover_ratio": 0.32,
            "account_receivable_turnover_ratio": 245.82,
            "reinvestment_rate": 11.09,
            "research_to_sale_ratio": null,
            "price_fair": 169.24,
            "eps_avg_yearly": 10.26,
            "eps_latest_yearly": 7.64,
            "eps_growth_yearly": 6.49
        },
        "20174": {
            "year_quarter": 20174,
            "year": 2017,
            "quarter": 4,
            "eps": 2.29,
            "eps_growth_year": 47.57,
            "eps_4q": 7.41,
            "eps_4q_growth_year": -19.72,
            "roe": 5.33,
            "roe_4q": 17.55,
            "gross_profit": 834771,
            "gross_margin": 81.11,
            "gross_margin_4q_avg": 81.06,
            "net_income": 180497,
            "revenue": 1029186,
            "common_shares": 794924,
            "book_valuer_per_share": 44.24,
            "book_valuer_per_share_4q_avg": 42.29,
            "equity": 3481803,
            "current_ratio": 220.84,
            "debt_ratio": 35.42,
            "inventory_turnover_ratio": 0.41,
            "account_receivable_turnover_ratio": 367.24,
            "reinvestment_rate": -0.77,
            "research_to_sale_ratio": null,
            "price_fair": 266.47,
            "eps_avg_yearly": 10.22,
            "eps_latest_yearly": 9.16,
            "eps_growth_yearly": 16.07
        },
        "20181": {
            "year_quarter": 20181,
            "year": 2018,
            "quarter": 1,
            "eps": 3.97,
            "eps_growth_year": 236.44,
            "eps_4q": 10.14,
            "eps_4q_growth_year": 59.74,
            "roe": 8.44,
            "roe_4q": 23.330000000000002,
            "gross_profit": 823105,
            "gross_margin": 81.22,
            "gross_margin_4q_avg": 80.71,
            "net_income": 312048,
            "revenue": 1013453,
            "common_shares": 794924,
            "book_valuer_per_share": 49.5,
            "book_valuer_per_share_4q_avg": 43.81,
            "equity": 3913926,
            "current_ratio": 235.12,
            "debt_ratio": 33.91,
            "inventory_turnover_ratio": 0.4,
            "account_receivable_turnover_ratio": 246.01,
            "reinvestment_rate": -0.13,
            "research_to_sale_ratio": null,
            "price_fair": 371.44,
            "eps_avg_yearly": 10.61,
            "eps_latest_yearly": 15.88,
            "eps_growth_yearly": 34.72
        },
        "20182": {
            "year_quarter": 20182,
            "year": 2018,
            "quarter": 2,
            "eps": 3.48,
            "eps_growth_year": 72.28,
            "eps_4q": 11.61,
            "eps_4q_growth_year": 80.91,
            "roe": 7.4,
            "roe_4q": 25.860000000000003,
            "gross_profit": 888161,
            "gross_margin": 81.74,
            "gross_margin_4q_avg": 80.84,
            "net_income": 275273,
            "revenue": 1086601,
            "common_shares": 794924,
            "book_valuer_per_share": 44.53,
            "book_valuer_per_share_4q_avg": 45.04,
            "equity": 3521200,
            "current_ratio": 178.67,
            "debt_ratio": 42.28,
            "inventory_turnover_ratio": 0.39,
            "account_receivable_turnover_ratio": 198.43,
            "reinvestment_rate": -1.63,
            "research_to_sale_ratio": null,
            "price_fair": 382.55,
            "eps_avg_yearly": 10.93,
            "eps_latest_yearly": 13.92,
            "eps_growth_yearly": 33.7
        },
        "20183": {
            "year_quarter": 20183,
            "year": 2018,
            "quarter": 3,
            "eps": 3.93,
            "eps_growth_year": 105.76,
            "eps_4q": 13.58,
            "eps_4q_growth_year": 103.42,
            "roe": 8.57,
            "roe_4q": 29.740000000000002,
            "gross_profit": 937279,
            "gross_margin": 82.28,
            "gross_margin_4q_avg": 81.59,
            "net_income": 312073,
            "revenue": 1139192,
            "common_shares": 794924,
            "book_valuer_per_share": 47.3,
            "book_valuer_per_share_4q_avg": 46.39,
            "equity": 3760272,
            "current_ratio": 195.58,
            "debt_ratio": 41.49,
            "inventory_turnover_ratio": 0.39,
            "account_receivable_turnover_ratio": 248.24,
            "reinvestment_rate": 8.39,
            "research_to_sale_ratio": null,
            "price_fair": 397.6,
            "eps_avg_yearly": 11.36,
            "eps_latest_yearly": 15.72,
            "eps_growth_yearly": 36.94
        },
        "20184": {
            "year_quarter": 20184,
            "year": 2018,
            "quarter": 4,
            "eps": 4.02,
            "eps_growth_year": 75.23,
            "eps_4q": 15.33,
            "eps_4q_growth_year": 106.99,
            "roe": 8.12,
            "roe_4q": 32.529999999999994,
            "gross_profit": 1130209,
            "gross_margin": 84.39,
            "gross_margin_4q_avg": 82.41,
            "net_income": 319486,
            "revenue": 1339267,
            "common_shares": 794924,
            "book_valuer_per_share": 51.75,
            "book_valuer_per_share_4q_avg": 48.27,
            "equity": 4113551,
            "current_ratio": 212.33,
            "debt_ratio": 35.61,
            "inventory_turnover_ratio": 0.42,
            "account_receivable_turnover_ratio": 290.83,
            "reinvestment_rate": 4.13,
            "research_to_sale_ratio": null,
            "price_fair": 408.36,
            "eps_avg_yearly": 11.67,
            "eps_latest_yearly": 16.08,
            "eps_growth_yearly": 30.95
        },
        "20191": {
            "year_quarter": 20191,
            "year": 2019,
            "quarter": 1,
            "eps": 4.77,
            "eps_growth_year": 20.15,
            "eps_4q": 16.18,
            "eps_4q_growth_year": 59.52,
            "roe": 8.71,
            "roe_4q": 32.8,
            "gross_profit": 974269,
            "gross_margin": 83.54,
            "gross_margin_4q_avg": 82.99,
            "net_income": 379545,
            "revenue": 1166187,
            "common_shares": 794924,
            "book_valuer_per_share": 57.85,
            "book_valuer_per_share_4q_avg": 50.36,
            "equity": 4598445,
            "current_ratio": 218.5,
            "debt_ratio": 36.3,
            "inventory_turnover_ratio": 0.41,
            "account_receivable_turnover_ratio": 233.75,
            "reinvestment_rate": 4.19,
            "research_to_sale_ratio": null,
            "price_fair": 430.85,
            "eps_avg_yearly": 12.31,
            "eps_latest_yearly": 19.08,
            "eps_growth_yearly": 40.9
        },
        "20192": {
            "year_quarter": 20192,
            "year": 2019,
            "quarter": 2,
            "eps": 4.19,
            "eps_growth_year": 20.4,
            "eps_4q": 16.91,
            "eps_4q_growth_year": 45.56,
            "roe": 7.81,
            "roe_4q": 33.21,
            "gross_profit": 1090936,
            "gross_margin": 84.71,
            "gross_margin_4q_avg": 83.73,
            "net_income": 332770,
            "revenue": 1287889,
            "common_shares": 794924,
            "book_valuer_per_share": 49.35,
            "book_valuer_per_share_4q_avg": 51.56,
            "equity": 3922998,
            "current_ratio": 167.39,
            "debt_ratio": 47.95,
            "inventory_turnover_ratio": 0.46,
            "account_receivable_turnover_ratio": 293.97,
            "reinvestment_rate": 3.71,
            "research_to_sale_ratio": null,
            "price_fair": 441.44,
            "eps_avg_yearly": 12.61,
            "eps_latest_yearly": 16.76,
            "eps_growth_yearly": 29
        },
        "20193": {
            "year_quarter": 20193,
            "year": 2019,
            "quarter": 3,
            "eps": 4.31,
            "eps_growth_year": 9.67,
            "eps_4q": 17.29,
            "eps_4q_growth_year": 27.28,
            "roe": 8.57,
            "roe_4q": 33.21,
            "gross_profit": 1089246,
            "gross_margin": 85.95,
            "gross_margin_4q_avg": 84.65,
            "net_income": 342685,
            "revenue": 1267268,
            "common_shares": 794924,
            "book_valuer_per_share": 51.23,
            "book_valuer_per_share_4q_avg": 52.55,
            "equity": 4072232,
            "current_ratio": 167.53,
            "debt_ratio": 48.14,
            "inventory_turnover_ratio": 0.44,
            "account_receivable_turnover_ratio": 330.66,
            "reinvestment_rate": 3.83,
            "research_to_sale_ratio": null,
            "price_fair": 382.81,
            "eps_avg_yearly": 12.66,
            "eps_latest_yearly": 17.24,
            "eps_growth_yearly": 20.23
        },
        "20194": {
            "year_quarter": 20194,
            "year": 2019,
            "quarter": 4,
            "eps": 4.74,
            "eps_growth_year": 18.05,
            "eps_4q": 18.02,
            "eps_4q_growth_year": 17.5,
            "roe": 8.92,
            "roe_4q": 34.010000000000005,
            "gross_profit": 1166017,
            "gross_margin": 82.26,
            "gross_margin_4q_avg": 84.12,
            "net_income": 377163,
            "revenue": 1417535,
            "common_shares": 794924,
            "book_valuer_per_share": 55.12,
            "book_valuer_per_share_4q_avg": 53.39,
            "equity": 4381801,
            "current_ratio": 191.09,
            "debt_ratio": 46.26,
            "inventory_turnover_ratio": 0.64,
            "account_receivable_turnover_ratio": 563.63,
            "reinvestment_rate": 6.09,
            "research_to_sale_ratio": null,
            "price_fair": 311.75,
            "eps_avg_yearly": 12.5,
            "eps_latest_yearly": 18.96,
            "eps_growth_yearly": 14.94
        },
        "20201": {
            "year_quarter": 20201,
            "year": 2020,
            "quarter": 1,
            "eps": 1.21,
            "eps_growth_year": -74.63,
            "eps_4q": 14.5,
            "eps_4q_growth_year": -10.42,
            "roe": 2.2,
            "roe_4q": 27.5,
            "gross_profit": 535602,
            "gross_margin": 81.75,
            "gross_margin_4q_avg": 83.67,
            "net_income": 96432,
            "revenue": 655179,
            "common_shares": 794924,
            "book_valuer_per_share": 55.31,
            "book_valuer_per_share_4q_avg": 52.75,
            "equity": 4384173,
            "current_ratio": 195.19,
            "debt_ratio": 45.13,
            "inventory_turnover_ratio": 0.29,
            "account_receivable_turnover_ratio": 598.88,
            "reinvestment_rate": 9.8,
            "research_to_sale_ratio": null,
            "price_fair": 146.66,
            "eps_avg_yearly": 11.79,
            "eps_latest_yearly": 4.84,
            "eps_growth_yearly": 2.44
        },
        "20202": {
            "year_quarter": 20202,
            "year": 2020,
            "quarter": 2,
            "eps": 3.13,
            "eps_growth_year": -25.3,
            "eps_4q": 13.43,
            "eps_4q_growth_year": -20.54,
            "roe": 6.28,
            "roe_4q": 25.97,
            "gross_profit": 775227,
            "gross_margin": 84.5,
            "gross_margin_4q_avg": 83.62,
            "net_income": 247751,
            "revenue": 917395,
            "common_shares": 794924,
            "book_valuer_per_share": 44.27,
            "book_valuer_per_share_4q_avg": 51.48,
            "equity": 3506318,
            "current_ratio": 149.88,
            "debt_ratio": 56.22,
            "inventory_turnover_ratio": 0.3,
            "account_receivable_turnover_ratio": 532.44,
            "reinvestment_rate": 6.49,
            "research_to_sale_ratio": null,
            "price_fair": 422.98,
            "eps_avg_yearly": 12.09,
            "eps_latest_yearly": 12.52,
            "eps_growth_yearly": 55.26
        },
        "20203": {
            "year_quarter": 20203,
            "year": 2020,
            "quarter": 3,
            "eps": 3.69,
            "eps_growth_year": -14.39,
            "eps_4q": 12.8,
            "eps_4q_growth_year": -25.97,
            "roe": 7.84,
            "roe_4q": 25.240000000000002,
            "gross_profit": 865746,
            "gross_margin": 83.88,
            "gross_margin_4q_avg": 83.1,
            "net_income": 292571,
            "revenue": 1032094,
            "common_shares": 794924,
            "book_valuer_per_share": 49.94,
            "book_valuer_per_share_4q_avg": 51.16,
            "equity": 3955591,
            "current_ratio": 195.26,
            "debt_ratio": 54.78,
            "inventory_turnover_ratio": 0.32,
            "account_receivable_turnover_ratio": 198.27,
            "reinvestment_rate": 9.71,
            "research_to_sale_ratio": null,
            "price_fair": 440.91,
            "eps_avg_yearly": 12.6,
            "eps_latest_yearly": 14.76,
            "eps_growth_yearly": 63.49
        },
        "20204": {
            "year_quarter": 20204,
            "year": 2020,
            "quarter": 4,
            "eps": 4.06,
            "eps_growth_year": -14.39,
            "eps_4q": 12.07,
            "eps_4q_growth_year": -32.99,
            "roe": 7.72,
            "roe_4q": 24.04,
            "gross_profit": 1274850,
            "gross_margin": 87.84,
            "gross_margin_4q_avg": 84.49,
            "net_income": 322882,
            "revenue": 1451328,
            "common_shares": 794924,
            "book_valuer_per_share": 55.46,
            "book_valuer_per_share_4q_avg": 51.25,
            "equity": 4408315,
            "current_ratio": 209.97,
            "debt_ratio": 50.82,
            "inventory_turnover_ratio": 0.35,
            "account_receivable_turnover_ratio": 209.61,
            "reinvestment_rate": 12.77,
            "research_to_sale_ratio": null,
            "price_fair": 462.88,
            "eps_avg_yearly": 13.23,
            "eps_latest_yearly": 16.24,
            "eps_growth_yearly": 67.37
        },
        "20211": {
            "year_quarter": 20211,
            "year": 2021,
            "quarter": 1,
            "eps": 3.91,
            "eps_growth_year": 223.14,
            "eps_4q": 14.77,
            "eps_4q_growth_year": 1.86,
            "roe": 6.84,
            "roe_4q": 28.68,
            "gross_profit": 933815,
            "gross_margin": 84.27,
            "gross_margin_4q_avg": 85.12,
            "net_income": 310633,
            "revenue": 1108178,
            "common_shares": 794924,
            "book_valuer_per_share": 58.76,
            "book_valuer_per_share_4q_avg": 52.11,
            "equity": 4671129,
            "current_ratio": 192.59,
            "debt_ratio": 49.49,
            "inventory_turnover_ratio": 0.38,
            "account_receivable_turnover_ratio": 283.49,
            "reinvestment_rate": 16.53,
            "research_to_sale_ratio": null,
            "price_fair": 486.76,
            "eps_avg_yearly": 13.91,
            "eps_latest_yearly": 15.64,
            "eps_growth_yearly": 72.41
        },
        "20212": {
            "year_quarter": 20212,
            "year": 2021,
            "quarter": 2,
            "eps": 4.13,
            "eps_growth_year": 31.95,
            "eps_4q": 15.78,
            "eps_4q_growth_year": 17.43,
            "roe": 6.83,
            "roe_4q": 29.23,
            "gross_profit": 1028863,
            "gross_margin": 81.33,
            "gross_margin_4q_avg": 84.33,
            "net_income": 327937,
            "revenue": 1265104,
            "common_shares": 794924,
            "book_valuer_per_share": 62.09,
            "book_valuer_per_share_4q_avg": 56.56,
            "equity": 4935786,
            "current_ratio": 207.96,
            "debt_ratio": 46.47,
            "inventory_turnover_ratio": 0.52,
            "account_receivable_turnover_ratio": 308.3,
            "reinvestment_rate": 15.21,
            "research_to_sale_ratio": null,
            "price_fair": 505.23,
            "eps_avg_yearly": 14.44,
            "eps_latest_yearly": 16.52,
            "eps_growth_yearly": 56.02
        },
        "20213": {
            "year_quarter": 20213,
            "year": 2021,
            "quarter": 3,
            "eps": 4.74,
            "eps_growth_year": 28.46,
            "eps_4q": 16.84,
            "eps_4q_growth_year": 31.52,
            "roe": 7.88,
            "roe_4q": 29.27,
            "gross_profit": 1148735,
            "gross_margin": 82.49,
            "gross_margin_4q_avg": 83.98,
            "net_income": 376886,
            "revenue": 1392591,
            "common_shares": 794924,
            "book_valuer_per_share": 58.2,
            "book_valuer_per_share_4q_avg": 58.63,
            "equity": 4626105,
            "current_ratio": 204.26,
            "debt_ratio": 51.69,
            "inventory_turnover_ratio": 0.52,
            "account_receivable_turnover_ratio": 301.33,
            "reinvestment_rate": 13.84,
            "research_to_sale_ratio": null,
            "price_fair": 529.99,
            "eps_avg_yearly": 15.14,
            "eps_latest_yearly": 18.96,
            "eps_growth_yearly": 61.08
        },
        "20214": {
            "year_quarter": 20214,
            "year": 2021,
            "quarter": 4,
            "eps": 4.27,
            "eps_growth_year": 5.24,
            "eps_4q": 17.05,
            "eps_4q_growth_year": 41.23,
            "roe": 7.07,
            "roe_4q": 28.62,
            "gross_profit": 1266191,
            "gross_margin": 84.11,
            "gross_margin_4q_avg": 83.05,
            "net_income": 339801,
            "revenue": 1505440,
            "common_shares": 794924,
            "book_valuer_per_share": 62.81,
            "book_valuer_per_share_4q_avg": 60.47,
            "equity": 4993028,
            "current_ratio": 221.03,
            "debt_ratio": 50.24,
            "inventory_turnover_ratio": 0.51,
            "account_receivable_turnover_ratio": 439.22,
            "reinvestment_rate": 10.92,
            "research_to_sale_ratio": null,
            "price_fair": 547.31,
            "eps_avg_yearly": 15.64,
            "eps_latest_yearly": 17.08,
            "eps_growth_yearly": 53.62
        },
        "20221": {
            "year_quarter": 20221,
            "year": 2022,
            "quarter": 1,
            "eps": 3.81,
            "eps_growth_year": -2.56,
            "eps_4q": 16.95,
            "eps_4q_growth_year": 14.81,
            "roe": 5.76,
            "roe_4q": 27.54,
            "gross_profit": 866627,
            "gross_margin": 83.9,
            "gross_margin_4q_avg": 82.96,
            "net_income": 303044,
            "revenue": 1032934,
            "common_shares": 794924,
            "book_valuer_per_share": 69.61,
            "book_valuer_per_share_4q_avg": 63.18,
            "equity": 5533560,
            "current_ratio": 252.42,
            "debt_ratio": 43.45,
            "inventory_turnover_ratio": 0.34,
            "account_receivable_turnover_ratio": 348.55,
            "reinvestment_rate": 14.01,
            "research_to_sale_ratio": 0.85,
            "price_fair": 545.91,
            "eps_avg_yearly": 15.6,
            "eps_latest_yearly": 15.24,
            "eps_growth_yearly": 32.59
        },
        "20222": {
            "year_quarter": 20222,
            "year": 2022,
            "quarter": 2,
            "eps": 0.46,
            "eps_growth_year": -88.86,
            "eps_4q": 13.29,
            "eps_4q_growth_year": -15.78,
            "roe": 0.73,
            "roe_4q": 21.44,
            "gross_profit": 610971,
            "gross_margin": 79.95,
            "gross_margin_4q_avg": 82.61,
            "net_income": 36455,
            "revenue": 764174,
            "common_shares": 794924,
            "book_valuer_per_share": 56.83,
            "book_valuer_per_share_4q_avg": 61.86,
            "equity": 4517637,
            "current_ratio": 211.03,
            "debt_ratio": 48.48,
            "inventory_turnover_ratio": 0.3,
            "account_receivable_turnover_ratio": 334.94,
            "reinvestment_rate": 13.81,
            "research_to_sale_ratio": 1.15,
            "price_fair": 351.66,
            "eps_avg_yearly": 14.84,
            "eps_latest_yearly": 1.84,
            "eps_growth_yearly": 13.69
        },
        "20223": {
            "year_quarter": 20223,
            "year": 2022,
            "quarter": 3,
            "eps": 1.84,
            "eps_growth_year": -61.18,
            "eps_4q": 10.38,
            "eps_4q_growth_year": -38.33,
            "roe": 3.16,
            "roe_4q": 16.72,
            "gross_profit": 1022733,
            "gross_margin": 83.99,
            "gross_margin_4q_avg": 82.99,
            "net_income": 146028,
            "revenue": 1217739,
            "common_shares": 794924,
            "book_valuer_per_share": 59.45,
            "book_valuer_per_share_4q_avg": 62.18,
            "equity": 4726033,
            "current_ratio": 312.84,
            "debt_ratio": 47.13,
            "inventory_turnover_ratio": 0.37,
            "account_receivable_turnover_ratio": 640.58,
            "reinvestment_rate": 6.92,
            "research_to_sale_ratio": 0.56,
            "price_fair": 501.2,
            "eps_avg_yearly": 14.32,
            "eps_latest_yearly": 7.36,
            "eps_growth_yearly": 85.46
        },
        "20224": {
            "year_quarter": 20224,
            "year": 2022,
            "quarter": 4,
            "eps": 2.59,
            "eps_growth_year": -39.52,
            "eps_4q": 8.73,
            "eps_4q_growth_year": -48.79,
            "roe": 4.36,
            "roe_4q": 14.01,
            "gross_profit": 857557,
            "gross_margin": 81.33,
            "gross_margin_4q_avg": 82.29,
            "net_income": 204225,
            "revenue": 1054363,
            "common_shares": 794924,
            "book_valuer_per_share": 58.88,
            "book_valuer_per_share_4q_avg": 61.19,
            "equity": 4651297,
            "current_ratio": 327.72,
            "debt_ratio": 45.89,
            "inventory_turnover_ratio": 0.39,
            "account_receivable_turnover_ratio": 584.13,
            "reinvestment_rate": 6.24,
            "research_to_sale_ratio": 0.62,
            "price_fair": 488.69,
            "eps_avg_yearly": 13.96,
            "eps_latest_yearly": 10.36,
            "eps_growth_yearly": 95.08
        },
        "20231": {
            "year_quarter": 20231,
            "year": 2023,
            "quarter": 1,
            "eps": 5.03,
            "eps_growth_year": 32.02,
            "eps_4q": 9.92,
            "eps_4q_growth_year": -41.46,
            "roe": 8.19,
            "roe_4q": 16.44,
            "gross_profit": 788986,
            "gross_margin": 83.38,
            "gross_margin_4q_avg": 82.16,
            "net_income": 397228,
            "revenue": 946265,
            "common_shares": 794924,
            "book_valuer_per_share": 63.94,
            "book_valuer_per_share_4q_avg": 59.78,
            "equity": 5050438,
            "current_ratio": 276.66,
            "debt_ratio": 44.31,
            "inventory_turnover_ratio": 0.33,
            "account_receivable_turnover_ratio": 467.98,
            "reinvestment_rate": 6.75,
            "research_to_sale_ratio": 0.53,
            "price_fair": 490.96,
            "eps_avg_yearly": 14.03,
            "eps_latest_yearly": 20.12,
            "eps_growth_yearly": 113.97
        }
    },
    "months": {
        "2013-11": {
            "month": "2013-11",
            "price": "285.00",
            "revenue": 277150
        },
        "2013-12": {
            "month": "2013-12",
            "price": "331.20",
            "revenue": 286295
        },
        "2014-01": {
            "month": "2014-01",
            "price": "298.06",
            "revenue": 269548
        },
        "2014-02": {
            "month": "2014-02",
            "price": "270.18",
            "revenue": 176220
        },
        "2014-03": {
            "month": "2014-03",
            "price": "290.83",
            "revenue": 274129
        },
        "2014-04": {
            "month": "2014-04",
            "price": "279.48",
            "revenue": 241943
        },
        "2014-05": {
            "month": "2014-05",
            "price": "244.14",
            "revenue": 208479
        },
        "2014-06": {
            "month": "2014-06",
            "price": "254.60",
            "revenue": 262812
        },
        "2014-07": {
            "month": "2014-07",
            "price": "242.18",
            "revenue": 204132
        },
        "2014-08": {
            "month": "2014-08",
            "price": "193.12",
            "revenue": 229962
        },
        "2014-09": {
            "month": "2014-09",
            "price": "187.24",
            "revenue": 285825
        },
        "2014-10": {
            "month": "2014-10",
            "price": "166.55",
            "revenue": 252262
        },
        "2014-11": {
            "month": "2014-11",
            "price": "146.45",
            "revenue": 321523
        },
        "2014-12": {
            "month": "2014-12",
            "price": "150.35",
            "revenue": 344535
        },
        "2015-01": {
            "month": "2015-01",
            "price": "160.38",
            "revenue": 235702
        },
        "2015-02": {
            "month": "2015-02",
            "price": "159.50",
            "revenue": 156786
        },
        "2015-03": {
            "month": "2015-03",
            "price": "148.75",
            "revenue": 431695
        },
        "2015-04": {
            "month": "2015-04",
            "price": "171.12",
            "revenue": 316170
        },
        "2015-05": {
            "month": "2015-05",
            "price": "175.80",
            "revenue": 307400
        },
        "2015-06": {
            "month": "2015-06",
            "price": "199.76",
            "revenue": 368264
        },
        "2015-07": {
            "month": "2015-07",
            "price": "224.30",
            "revenue": 376721
        },
        "2015-08": {
            "month": "2015-08",
            "price": "229.81",
            "revenue": 381296
        },
        "2015-09": {
            "month": "2015-09",
            "price": "236.95",
            "revenue": 379242
        },
        "2015-10": {
            "month": "2015-10",
            "price": "265.67",
            "revenue": 490149
        },
        "2015-11": {
            "month": "2015-11",
            "price": "332.21",
            "revenue": 462126
        },
        "2015-12": {
            "month": "2015-12",
            "price": "342.24",
            "revenue": 488715
        },
        "2016-01": {
            "month": "2016-01",
            "price": "321.55",
            "revenue": 426989
        },
        "2016-02": {
            "month": "2016-02",
            "price": "302.58",
            "revenue": 243333
        },
        "2016-03": {
            "month": "2016-03",
            "price": "286.22",
            "revenue": 432484
        },
        "2016-04": {
            "month": "2016-04",
            "price": "250.08",
            "revenue": 234393
        },
        "2016-05": {
            "month": "2016-05",
            "price": "185.57",
            "revenue": 254395
        },
        "2016-06": {
            "month": "2016-06",
            "price": "173.02",
            "revenue": 240981
        },
        "2016-07": {
            "month": "2016-07",
            "price": "181.10",
            "revenue": 222857
        },
        "2016-08": {
            "month": "2016-08",
            "price": "163.78",
            "revenue": 234667
        },
        "2016-09": {
            "month": "2016-09",
            "price": "158.68",
            "revenue": 255896
        },
        "2016-10": {
            "month": "2016-10",
            "price": "147.55",
            "revenue": 271454
        },
        "2016-11": {
            "month": "2016-11",
            "price": "131.95",
            "revenue": 272158
        },
        "2016-12": {
            "month": "2016-12",
            "price": "146.30",
            "revenue": 270978
        },
        "2017-01": {
            "month": "2017-01",
            "price": "150.04",
            "revenue": 225221
        },
        "2017-02": {
            "month": "2017-02",
            "price": "153.47",
            "revenue": 203196
        },
        "2017-03": {
            "month": "2017-03",
            "price": "155.63",
            "revenue": 289674
        },
        "2017-04": {
            "month": "2017-04",
            "price": "139.50",
            "revenue": 261135
        },
        "2017-05": {
            "month": "2017-05",
            "price": "139.80",
            "revenue": 255094
        },
        "2017-06": {
            "month": "2017-06",
            "price": "136.57",
            "revenue": 248442
        },
        "2017-07": {
            "month": "2017-07",
            "price": "130.95",
            "revenue": 250086
        },
        "2017-08": {
            "month": "2017-08",
            "price": "106.98",
            "revenue": 251169
        },
        "2017-09": {
            "month": "2017-09",
            "price": "110.14",
            "revenue": 277500
        },
        "2017-10": {
            "month": "2017-10",
            "price": "108.34",
            "revenue": 317408
        },
        "2017-11": {
            "month": "2017-11",
            "price": "123.25",
            "revenue": 430872
        },
        "2017-12": {
            "month": "2017-12",
            "price": "150.62",
            "revenue": 280906
        },
        "2018-01": {
            "month": "2018-01",
            "price": "136.66",
            "revenue": 413295
        },
        "2018-02": {
            "month": "2018-02",
            "price": "140.85",
            "revenue": 256018
        },
        "2018-03": {
            "month": "2018-03",
            "price": "165.83",
            "revenue": 344140
        },
        "2018-04": {
            "month": "2018-04",
            "price": "204.81",
            "revenue": 347581
        },
        "2018-05": {
            "month": "2018-05",
            "price": "251.45",
            "revenue": 363919
        },
        "2018-06": {
            "month": "2018-06",
            "price": "279.00",
            "revenue": 375101
        },
        "2018-07": {
            "month": "2018-07",
            "price": "299.02",
            "revenue": 375028
        },
        "2018-08": {
            "month": "2018-08",
            "price": "267.59",
            "revenue": 375101
        },
        "2018-09": {
            "month": "2018-09",
            "price": "240.66",
            "revenue": 389063
        },
        "2018-10": {
            "month": "2018-10",
            "price": "212.77",
            "revenue": 411473
        },
        "2018-11": {
            "month": "2018-11",
            "price": "225.82",
            "revenue": 461445
        },
        "2018-12": {
            "month": "2018-12",
            "price": "254.55",
            "revenue": 466349
        },
        "2019-01": {
            "month": "2019-01",
            "price": "261.57",
            "revenue": 439219
        },
        "2019-02": {
            "month": "2019-02",
            "price": "299.73",
            "revenue": 288467
        },
        "2019-03": {
            "month": "2019-03",
            "price": "281.25",
            "revenue": 438501
        },
        "2019-04": {
            "month": "2019-04",
            "price": "265.62",
            "revenue": 444302
        },
        "2019-05": {
            "month": "2019-05",
            "price": "258.68",
            "revenue": 442284
        },
        "2019-06": {
            "month": "2019-06",
            "price": "257.79",
            "revenue": 401303
        },
        "2019-07": {
            "month": "2019-07",
            "price": "269.41",
            "revenue": 362633
        },
        "2019-08": {
            "month": "2019-08",
            "price": "227.10",
            "revenue": 371049
        },
        "2019-09": {
            "month": "2019-09",
            "price": "212.39",
            "revenue": 533586
        },
        "2019-10": {
            "month": "2019-10",
            "price": "233.17",
            "revenue": 441326
        },
        "2019-11": {
            "month": "2019-11",
            "price": "247.21",
            "revenue": 481192
        },
        "2019-12": {
            "month": "2019-12",
            "price": "235.68",
            "revenue": 495017
        },
        "2020-01": {
            "month": "2020-01",
            "price": "236.93",
            "revenue": 235504
        },
        "2020-02": {
            "month": "2020-02",
            "price": "196.11",
            "revenue": 125232
        },
        "2020-03": {
            "month": "2020-03",
            "price": "171.57",
            "revenue": 294443
        },
        "2020-04": {
            "month": "2020-04",
            "price": "184.45",
            "revenue": 302424
        },
        "2020-05": {
            "month": "2020-05",
            "price": "195.42",
            "revenue": 305353
        },
        "2020-06": {
            "month": "2020-06",
            "price": "207.28",
            "revenue": 309618
        },
        "2020-07": {
            "month": "2020-07",
            "price": "207.09",
            "revenue": 288417
        },
        "2020-08": {
            "month": "2020-08",
            "price": "208.17",
            "revenue": 329545
        },
        "2020-09": {
            "month": "2020-09",
            "price": "195.09",
            "revenue": 414132
        },
        "2020-10": {
            "month": "2020-10",
            "price": "178.32",
            "revenue": 440677
        },
        "2020-11": {
            "month": "2020-11",
            "price": "194.45",
            "revenue": 497705
        },
        "2020-12": {
            "month": "2020-12",
            "price": "199.80",
            "revenue": 512946
        },
        "2021-01": {
            "month": "2021-01",
            "price": "205.00",
            "revenue": 428088
        },
        "2021-02": {
            "month": "2021-02",
            "price": "224.38",
            "revenue": 264275
        },
        "2021-03": {
            "month": "2021-03",
            "price": "227.55",
            "revenue": 415815
        },
        "2021-04": {
            "month": "2021-04",
            "price": "222.68",
            "revenue": 423691
        },
        "2021-05": {
            "month": "2021-05",
            "price": "207.69",
            "revenue": 429038
        },
        "2021-06": {
            "month": "2021-06",
            "price": "207.17",
            "revenue": 412375
        },
        "2021-07": {
            "month": "2021-07",
            "price": "213.82",
            "revenue": 368121
        },
        "2021-08": {
            "month": "2021-08",
            "price": "192.84",
            "revenue": 380085
        },
        "2021-09": {
            "month": "2021-09",
            "price": "195.85",
            "revenue": 644385
        },
        "2021-10": {
            "month": "2021-10",
            "price": "221.30",
            "revenue": 565172
        },
        "2021-11": {
            "month": "2021-11",
            "price": "246.16",
            "revenue": 503614
        },
        "2021-12": {
            "month": "2021-12",
            "price": "239.27",
            "revenue": 436654
        },
        "2022-01": {
            "month": "2022-01",
            "price": "215.44",
            "revenue": 356980
        },
        "2022-02": {
            "month": "2022-02",
            "price": "215.67",
            "revenue": 266331
        },
        "2022-03": {
            "month": "2022-03",
            "price": "205.93",
            "revenue": 409623
        },
        "2022-04": {
            "month": "2022-04",
            "price": "194.87",
            "revenue": 114328
        },
        "2022-05": {
            "month": "2022-05",
            "price": "184.86",
            "revenue": 227635
        },
        "2022-06": {
            "month": "2022-06",
            "price": "189.52",
            "revenue": 422211
        },
        "2022-07": {
            "month": "2022-07",
            "price": "191.33",
            "revenue": 388205
        },
        "2022-08": {
            "month": "2022-08",
            "price": "174.74",
            "revenue": 396987
        },
        "2022-09": {
            "month": "2022-09",
            "price": "162.90",
            "revenue": 432547
        },
        "2022-10": {
            "month": "2022-10",
            "price": "152.00",
            "revenue": 449810
        },
        "2022-11": {
            "month": "2022-11",
            "price": "161.43",
            "revenue": 353464
        },
        "2022-12": {
            "month": "2022-12",
            "price": "199.11",
            "revenue": 251089
        },
        "2023-01": {
            "month": "2023-01",
            "price": "203.23",
            "revenue": 165315
        },
        "2023-02": {
            "month": "2023-02",
            "price": "222.39",
            "revenue": 360109
        },
        "2023-03": {
            "month": "2023-03",
            "price": "214.28",
            "revenue": 420841
        },
        "2023-04": {
            "month": "2023-04",
            "price": "222.91",
            "revenue": 435664
        }
    }
}
