{
    "summary": {
        "stock_name": "曜亞",
        "stock_id": "4138",
        "category": "生技醫療",
        "main_business": "醫學美容之雷射儀器銷售<br>醫學美容之耗材、保養品銷售<br>醫學美容之儀器維護",
        "website_url": "http://www.dmttw.com.tw/",
        "ceo": "吳國龍",
        "pe_ratio": 19,
        "report_year_from": 2008,
        "report_year_to": 2023,
        "age": 16,
        "eps_negative_percentage": 0,
        "eps_growth_avg": {
            "last_all": 7.82,
            "last_2y": 10.2,
            "last_4y": 8.2,
            "last_8y": 3.03,
            "last_12y": 6.63,
            "last_16y": null,
            "last_20y": null,
            "at_2006_last_3y": null,
            "at_2007_last_3y": null,
            "at_2008_last_3y": null,
            "at_2009_last_3y": null,
            "at_2010_last_3y": null,
            "at_2011_last_3y": null,
            "at_2012_last_3y": null,
            "at_2013_last_3y": -4.45,
            "at_2014_last_3y": 14.73,
            "at_2015_last_3y": 2.54,
            "at_2016_last_3y": 8.78,
            "at_2017_last_3y": 23.43,
            "at_2018_last_3y": -3.43,
            "at_2019_last_3y": -1.69,
            "at_2020_last_3y": -0.4,
            "at_2021_last_3y": 2.29,
            "at_2022_last_3y": 6.96,
            "at_2023_last_3y": 8.38,
            "at_2024_last_3y": 8.38,
            "at_2006_last_all": null,
            "at_2007_last_all": null,
            "at_2008_last_all": null,
            "at_2009_last_all": null,
            "at_2010_last_all": null,
            "at_2011_last_all": 36.25,
            "at_2012_last_all": 15.11,
            "at_2013_last_all": -4.45,
            "at_2014_last_all": 16.44,
            "at_2015_last_all": 13.78,
            "at_2016_last_all": 11.49,
            "at_2017_last_all": 9.49,
            "at_2018_last_all": 7.61,
            "at_2019_last_all": 7.59,
            "at_2020_last_all": 7.17,
            "at_2021_last_all": 7.09,
            "at_2022_last_all": 7.41,
            "at_2023_last_all": 7.82,
            "at_2024_last_all": 7.82
        },
        "latest_eps": 5.89,
        "latest_price": 113,
        "latest_roe": 13.67,
        "latest_gross_margin": 37.18,
        "latest_equity": 1645338,
        "latest_revenue": 378074,
        "latest_gross_profit": 140581,
        "latest_net_income": 54855,
        "latest_debt_ratio": 42.3,
        "latest_current_ratio": 206.54,
        "latest_account_receivable_turnover_ratio": 1.66,
        "latest_inventory_turnover_ratio": 1.08,
        "latest_reinvestment_rate": 31.75,
        "latest_research_to_sale_ratio": null
    },
    "eps_dividends": {
        "2001": {
            "cash": 0,
            "stock": 0,
            "eps": 0
        },
        "2002": {
            "cash": 0,
            "stock": 0,
            "eps": 0
        },
        "2003": {
            "cash": 0,
            "stock": 0,
            "eps": 0
        },
        "2004": {
            "cash": 0,
            "stock": 0,
            "eps": 0
        },
        "2005": {
            "cash": 0,
            "stock": 0,
            "eps": 0
        },
        "2006": {
            "cash": 0,
            "stock": 0,
            "eps": 0
        },
        "2007": {
            "cash": 0,
            "stock": 0,
            "eps": 0
        },
        "2008": {
            "cash": 3,
            "stock": 0,
            "eps": 0
        },
        "2009": {
            "cash": 1,
            "stock": 0,
            "eps": 3.18
        },
        "2010": {
            "cash": 2,
            "stock": 0,
            "eps": 3.92
        },
        "2011": {
            "cash": 5,
            "stock": 0,
            "eps": 5.85
        },
        "2012": {
            "cash": 5,
            "stock": 0,
            "eps": 4.26
        },
        "2013": {
            "cash": 4.25,
            "stock": 0,
            "eps": 1.57
        },
        "2014": {
            "cash": 1.5,
            "stock": 0,
            "eps": 4.02
        },
        "2015": {
            "cash": 3.5,
            "stock": 0,
            "eps": 4.04
        },
        "2016": {
            "cash": 3.63,
            "stock": 0,
            "eps": 3.95
        },
        "2017": {
            "cash": 3.56,
            "stock": 0,
            "eps": 3.77
        },
        "2018": {
            "cash": 3.4,
            "stock": 0,
            "eps": 3.49
        },
        "2019": {
            "cash": 3.15,
            "stock": 0,
            "eps": 3.75
        },
        "2020": {
            "cash": 3.35,
            "stock": 0,
            "eps": 3.86
        },
        "2021": {
            "cash": 3.5,
            "stock": 0,
            "eps": 4.1
        },
        "2022": {
            "cash": 3.7,
            "stock": 0,
            "eps": 4.56
        },
        "2023": {
            "cash": 3.15,
            "stock": 1,
            "eps": 5.16
        }
    },
    "dividends": {
        "2008-06-11": {
            "cash": 3,
            "stock": 0
        },
        "2009-06-10": {
            "cash": 1,
            "stock": 0
        },
        "2010-03-16": {
            "cash": 2,
            "stock": 0
        },
        "2011-03-22": {
            "cash": 5,
            "stock": 0
        },
        "2012-06-15": {
            "cash": 5,
            "stock": 0
        },
        "2013-06-11": {
            "cash": 4.25,
            "stock": 0
        },
        "2014-09-19": {
            "cash": 1.5,
            "stock": 0
        },
        "2015-08-25": {
            "cash": 3.5,
            "stock": 0
        },
        "2016-08-23": {
            "cash": 3.63,
            "stock": 0
        },
        "2017-08-25": {
            "cash": 3.56,
            "stock": 0
        },
        "2018-09-13": {
            "cash": 3.4,
            "stock": 0
        },
        "2019-09-12": {
            "cash": 3.15,
            "stock": 0
        },
        "2020-08-27": {
            "cash": 3.35,
            "stock": 0
        },
        "2021-08-25": {
            "cash": 3.5,
            "stock": 0
        },
        "2022-07-28": {
            "cash": 3.7,
            "stock": 0
        },
        "2023-07-27": {
            "cash": 3.15,
            "stock": 1
        }
    },
    "prices": {
        "200101": "無",
        "200102": "無",
        "200103": "無",
        "200104": "無",
        "200105": "無",
        "200106": "無",
        "200107": "無",
        "200108": "無",
        "200109": "無",
        "200110": "無",
        "200111": "無",
        "200112": "無",
        "200201": "無",
        "200202": "無",
        "200203": "無",
        "200204": "無",
        "200205": "無",
        "200206": "無",
        "200207": "無",
        "200208": "無",
        "200209": "無",
        "200210": "無",
        "200211": "無",
        "200212": "無",
        "200301": "無",
        "200302": "無",
        "200303": "無",
        "200304": "無",
        "200305": "無",
        "200306": "無",
        "200307": "無",
        "200308": "無",
        "200309": "無",
        "200310": "無",
        "200311": "無",
        "200312": "無",
        "200401": "無",
        "200402": "無",
        "200403": "無",
        "200404": "無",
        "200405": "無",
        "200406": "無",
        "200407": "無",
        "200408": "無",
        "200409": "無",
        "200410": "無",
        "200411": "無",
        "200412": "無",
        "200501": "無",
        "200502": "無",
        "200503": "無",
        "200504": "無",
        "200505": "無",
        "200506": "無",
        "200507": "無",
        "200508": "無",
        "200509": "無",
        "200510": "無",
        "200511": "無",
        "200512": "無",
        "200601": "無",
        "200602": "無",
        "200603": "無",
        "200604": "無",
        "200605": "無",
        "200606": "無",
        "200607": "無",
        "200608": "無",
        "200609": "無",
        "200610": "無",
        "200611": "無",
        "200612": "無",
        "200701": "無",
        "200702": "無",
        "200703": "無",
        "200704": "無",
        "200705": "無",
        "200706": "無",
        "200707": "無",
        "200708": "無",
        "200709": "無",
        "200710": "無",
        "200711": "無",
        "200712": "無",
        "200801": "無",
        "200802": "無",
        "200803": "無",
        "200804": "無",
        "200805": "無",
        "200806": "無",
        "200807": "無",
        "200808": "無",
        "200809": "無",
        "200810": "無",
        "200811": "無",
        "200812": "無",
        "200901": "無",
        "200902": "無",
        "200903": "無",
        "200904": "無",
        "200905": "無",
        "200906": "無",
        "200907": "無",
        "200908": "無",
        "200909": "無",
        "200910": "無",
        "200911": "無",
        "200912": "51.25",
        "201001": "60.22",
        "201002": "62.62",
        "201003": "61.45",
        "201004": "59.25",
        "201005": "60.40",
        "201006": "63.00",
        "201007": "66.76",
        "201008": "80.03",
        "201009": "96.94",
        "201010": "109.89",
        "201011": "114.86",
        "201012": "121.33",
        "201101": "127.05",
        "201102": "135.82",
        "201103": "145.39",
        "201104": "154.45",
        "201105": "171.67",
        "201106": "159.17",
        "201107": "157.83",
        "201108": "134.48",
        "201109": "114.77",
        "201110": "90.86",
        "201111": "95.90",
        "201112": "84.52",
        "201201": "88.61",
        "201202": "119.48",
        "201203": "114.59",
        "201204": "103.14",
        "201205": "110.59",
        "201206": "104.05",
        "201207": "107.93",
        "201208": "109.50",
        "201209": "109.32",
        "201210": "97.33",
        "201211": "81.17",
        "201212": "84.32",
        "201301": "86.12",
        "201302": "82.38",
        "201303": "82.08",
        "201304": "78.70",
        "201305": "77.29",
        "201306": "71.23",
        "201307": "69.91",
        "201308": "73.87",
        "201309": "75.84",
        "201310": "76.93",
        "201311": "70.62",
        "201312": "71.35",
        "201401": "73.37",
        "201402": "71.46",
        "201403": "71.40",
        "201404": "71.02",
        "201405": "69.51",
        "201406": "82.88",
        "201407": "108.76",
        "201408": "87.98",
        "201409": "83.42",
        "201410": "73.11",
        "201411": "69.38",
        "201412": "74.40",
        "201501": "73.42",
        "201502": "79.45",
        "201503": "79.93",
        "201504": "79.80",
        "201505": "76.72",
        "201506": "70.63",
        "201507": "70.45",
        "201508": "55.52",
        "201509": "56.57",
        "201510": "60.26",
        "201511": "65.03",
        "201512": "66.14",
        "201601": "58.45",
        "201602": "62.01",
        "201603": "64.39",
        "201604": "63.86",
        "201605": "62.49",
        "201606": "64.25",
        "201607": "65.44",
        "201608": "60.73",
        "201609": "58.02",
        "201610": "54.42",
        "201611": "51.74",
        "201612": "53.23",
        "201701": "52.96",
        "201702": "53.91",
        "201703": "56.17",
        "201704": "56.11",
        "201705": "55.62",
        "201706": "57.50",
        "201707": "57.10",
        "201708": "51.22",
        "201709": "51.13",
        "201710": "50.42",
        "201711": "51.18",
        "201712": "50.58",
        "201801": "51.22",
        "201802": "49.64",
        "201803": "54.07",
        "201804": "58.08",
        "201805": "56.98",
        "201806": "55.98",
        "201807": "54.04",
        "201808": "53.14",
        "201809": "50.33",
        "201810": "47.40",
        "201811": "46.58",
        "201812": "46.83",
        "201901": "47.71",
        "201902": "48.95",
        "201903": "50.06",
        "201904": "50.05",
        "201905": "49.30",
        "201906": "49.43",
        "201907": "51.19",
        "201908": "49.56",
        "201909": "47.99",
        "201910": "48.08",
        "201911": "49.03",
        "201912": "49.60",
        "202001": "49.79",
        "202002": "48.50",
        "202003": "45.10",
        "202004": "44.70",
        "202005": "48.18",
        "202006": "51.70",
        "202007": "52.06",
        "202008": "47.07",
        "202009": "47.83",
        "202010": "47.83",
        "202011": "48.69",
        "202012": "49.24",
        "202101": "49.03",
        "202102": "49.18",
        "202103": "51.94",
        "202104": "54.43",
        "202105": "53.41",
        "202106": "53.89",
        "202107": "54.54",
        "202108": "50.12",
        "202109": "50.03",
        "202110": "50.20",
        "202111": "51.55",
        "202112": "52.97",
        "202201": "53.07",
        "202202": "53.87",
        "202203": "55.13",
        "202204": "56.65",
        "202205": "55.89",
        "202206": "57.45",
        "202207": "55.69",
        "202208": "56.83",
        "202209": "58.15",
        "202210": "56.80",
        "202211": "58.29",
        "202212": "61.51",
        "202301": "63.85",
        "202302": "68.61",
        "202303": "73.07",
        "202304": "78.58",
        "202305": "101.29",
        "202306": "112.80",
        "202307": "133.76",
        "202308": "110.55",
        "202309": "101.96",
        "202310": "102.02",
        "202311": "100.20",
        "202312": "108.17"
    },
    "quarters": {
        "20011": {
            "year_quarter": 20011,
            "year": 2001,
            "quarter": 1,
            "eps": null,
            "eps_growth_year": null,
            "eps_4q": null,
            "eps_4q_growth_year": null,
            "roe": null,
            "roe_4q": 0,
            "gross_profit": null,
            "gross_margin": null,
            "gross_margin_4q_avg": 0,
            "net_income": null,
            "net_income_4q": null,
            "revenue": null,
            "revenue_4q": null,
            "common_shares": null,
            "book_valuer_per_share": null,
            "book_valuer_per_share_4q_avg": 0,
            "equity": null,
            "current_ratio": null,
            "debt_ratio": null,
            "inventory_turnover_ratio": null,
            "account_receivable_turnover_ratio": null,
            "reinvestment_rate": null,
            "research_to_sale_ratio": null,
            "price_fair": 0,
            "eps_avg_yearly": 0,
            "eps_latest_yearly": 0,
            "eps_growth_yearly": 0
        },
        "20012": {
            "year_quarter": 20012,
            "year": 2001,
            "quarter": 2,
            "eps": null,
            "eps_growth_year": null,
            "eps_4q": null,
            "eps_4q_growth_year": null,
            "roe": null,
            "roe_4q": 0,
            "gross_profit": null,
            "gross_margin": null,
            "gross_margin_4q_avg": 0,
            "net_income": null,
            "net_income_4q": null,
            "revenue": null,
            "revenue_4q": null,
            "common_shares": null,
            "book_valuer_per_share": null,
            "book_valuer_per_share_4q_avg": 0,
            "equity": null,
            "current_ratio": null,
            "debt_ratio": null,
            "inventory_turnover_ratio": null,
            "account_receivable_turnover_ratio": null,
            "reinvestment_rate": null,
            "research_to_sale_ratio": null,
            "price_fair": 0,
            "eps_avg_yearly": 0,
            "eps_latest_yearly": 0,
            "eps_growth_yearly": 0
        },
        "20013": {
            "year_quarter": 20013,
            "year": 2001,
            "quarter": 3,
            "eps": null,
            "eps_growth_year": null,
            "eps_4q": null,
            "eps_4q_growth_year": null,
            "roe": null,
            "roe_4q": 0,
            "gross_profit": null,
            "gross_margin": null,
            "gross_margin_4q_avg": 0,
            "net_income": null,
            "net_income_4q": null,
            "revenue": null,
            "revenue_4q": null,
            "common_shares": null,
            "book_valuer_per_share": null,
            "book_valuer_per_share_4q_avg": 0,
            "equity": null,
            "current_ratio": null,
            "debt_ratio": null,
            "inventory_turnover_ratio": null,
            "account_receivable_turnover_ratio": null,
            "reinvestment_rate": null,
            "research_to_sale_ratio": null,
            "price_fair": 0,
            "eps_avg_yearly": 0,
            "eps_latest_yearly": 0,
            "eps_growth_yearly": 0
        },
        "20014": {
            "year_quarter": 20014,
            "year": 2001,
            "quarter": 4,
            "eps": null,
            "eps_growth_year": null,
            "eps_4q": null,
            "eps_4q_growth_year": null,
            "roe": null,
            "roe_4q": 0,
            "gross_profit": null,
            "gross_margin": null,
            "gross_margin_4q_avg": 0,
            "net_income": null,
            "net_income_4q": null,
            "revenue": null,
            "revenue_4q": null,
            "common_shares": null,
            "book_valuer_per_share": null,
            "book_valuer_per_share_4q_avg": 0,
            "equity": null,
            "current_ratio": null,
            "debt_ratio": null,
            "inventory_turnover_ratio": null,
            "account_receivable_turnover_ratio": null,
            "reinvestment_rate": null,
            "research_to_sale_ratio": null,
            "price_fair": 0,
            "eps_avg_yearly": 0,
            "eps_latest_yearly": 0,
            "eps_growth_yearly": 0
        },
        "20021": {
            "year_quarter": 20021,
            "year": 2002,
            "quarter": 1,
            "eps": null,
            "eps_growth_year": null,
            "eps_4q": null,
            "eps_4q_growth_year": null,
            "roe": null,
            "roe_4q": 0,
            "gross_profit": null,
            "gross_margin": null,
            "gross_margin_4q_avg": 0,
            "net_income": null,
            "net_income_4q": null,
            "revenue": null,
            "revenue_4q": null,
            "common_shares": null,
            "book_valuer_per_share": null,
            "book_valuer_per_share_4q_avg": 0,
            "equity": null,
            "current_ratio": null,
            "debt_ratio": null,
            "inventory_turnover_ratio": null,
            "account_receivable_turnover_ratio": null,
            "reinvestment_rate": null,
            "research_to_sale_ratio": null,
            "price_fair": 0,
            "eps_avg_yearly": 0,
            "eps_latest_yearly": 0,
            "eps_growth_yearly": 0
        },
        "20022": {
            "year_quarter": 20022,
            "year": 2002,
            "quarter": 2,
            "eps": null,
            "eps_growth_year": null,
            "eps_4q": null,
            "eps_4q_growth_year": null,
            "roe": null,
            "roe_4q": 0,
            "gross_profit": null,
            "gross_margin": null,
            "gross_margin_4q_avg": 0,
            "net_income": null,
            "net_income_4q": null,
            "revenue": null,
            "revenue_4q": null,
            "common_shares": null,
            "book_valuer_per_share": null,
            "book_valuer_per_share_4q_avg": 0,
            "equity": null,
            "current_ratio": null,
            "debt_ratio": null,
            "inventory_turnover_ratio": null,
            "account_receivable_turnover_ratio": null,
            "reinvestment_rate": null,
            "research_to_sale_ratio": null,
            "price_fair": 0,
            "eps_avg_yearly": 0,
            "eps_latest_yearly": 0,
            "eps_growth_yearly": 0
        },
        "20023": {
            "year_quarter": 20023,
            "year": 2002,
            "quarter": 3,
            "eps": null,
            "eps_growth_year": null,
            "eps_4q": null,
            "eps_4q_growth_year": null,
            "roe": null,
            "roe_4q": 0,
            "gross_profit": null,
            "gross_margin": null,
            "gross_margin_4q_avg": 0,
            "net_income": null,
            "net_income_4q": null,
            "revenue": null,
            "revenue_4q": null,
            "common_shares": null,
            "book_valuer_per_share": null,
            "book_valuer_per_share_4q_avg": 0,
            "equity": null,
            "current_ratio": null,
            "debt_ratio": null,
            "inventory_turnover_ratio": null,
            "account_receivable_turnover_ratio": null,
            "reinvestment_rate": null,
            "research_to_sale_ratio": null,
            "price_fair": 0,
            "eps_avg_yearly": 0,
            "eps_latest_yearly": 0,
            "eps_growth_yearly": 0
        },
        "20024": {
            "year_quarter": 20024,
            "year": 2002,
            "quarter": 4,
            "eps": null,
            "eps_growth_year": null,
            "eps_4q": null,
            "eps_4q_growth_year": null,
            "roe": null,
            "roe_4q": 0,
            "gross_profit": null,
            "gross_margin": null,
            "gross_margin_4q_avg": 0,
            "net_income": null,
            "net_income_4q": null,
            "revenue": null,
            "revenue_4q": null,
            "common_shares": null,
            "book_valuer_per_share": null,
            "book_valuer_per_share_4q_avg": 0,
            "equity": null,
            "current_ratio": null,
            "debt_ratio": null,
            "inventory_turnover_ratio": null,
            "account_receivable_turnover_ratio": null,
            "reinvestment_rate": null,
            "research_to_sale_ratio": null,
            "price_fair": 0,
            "eps_avg_yearly": 0,
            "eps_latest_yearly": 0,
            "eps_growth_yearly": 0
        },
        "20031": {
            "year_quarter": 20031,
            "year": 2003,
            "quarter": 1,
            "eps": null,
            "eps_growth_year": null,
            "eps_4q": null,
            "eps_4q_growth_year": null,
            "roe": null,
            "roe_4q": 0,
            "gross_profit": null,
            "gross_margin": null,
            "gross_margin_4q_avg": 0,
            "net_income": null,
            "net_income_4q": null,
            "revenue": null,
            "revenue_4q": null,
            "common_shares": null,
            "book_valuer_per_share": null,
            "book_valuer_per_share_4q_avg": 0,
            "equity": null,
            "current_ratio": null,
            "debt_ratio": null,
            "inventory_turnover_ratio": null,
            "account_receivable_turnover_ratio": null,
            "reinvestment_rate": null,
            "research_to_sale_ratio": null,
            "price_fair": 0,
            "eps_avg_yearly": 0,
            "eps_latest_yearly": 0,
            "eps_growth_yearly": 0
        },
        "20032": {
            "year_quarter": 20032,
            "year": 2003,
            "quarter": 2,
            "eps": null,
            "eps_growth_year": null,
            "eps_4q": null,
            "eps_4q_growth_year": null,
            "roe": null,
            "roe_4q": 0,
            "gross_profit": null,
            "gross_margin": null,
            "gross_margin_4q_avg": 0,
            "net_income": null,
            "net_income_4q": null,
            "revenue": null,
            "revenue_4q": null,
            "common_shares": null,
            "book_valuer_per_share": null,
            "book_valuer_per_share_4q_avg": 0,
            "equity": null,
            "current_ratio": null,
            "debt_ratio": null,
            "inventory_turnover_ratio": null,
            "account_receivable_turnover_ratio": null,
            "reinvestment_rate": null,
            "research_to_sale_ratio": null,
            "price_fair": 0,
            "eps_avg_yearly": 0,
            "eps_latest_yearly": 0,
            "eps_growth_yearly": 0
        },
        "20033": {
            "year_quarter": 20033,
            "year": 2003,
            "quarter": 3,
            "eps": null,
            "eps_growth_year": null,
            "eps_4q": null,
            "eps_4q_growth_year": null,
            "roe": null,
            "roe_4q": 0,
            "gross_profit": null,
            "gross_margin": null,
            "gross_margin_4q_avg": 0,
            "net_income": null,
            "net_income_4q": null,
            "revenue": null,
            "revenue_4q": null,
            "common_shares": null,
            "book_valuer_per_share": null,
            "book_valuer_per_share_4q_avg": 0,
            "equity": null,
            "current_ratio": null,
            "debt_ratio": null,
            "inventory_turnover_ratio": null,
            "account_receivable_turnover_ratio": null,
            "reinvestment_rate": null,
            "research_to_sale_ratio": null,
            "price_fair": 0,
            "eps_avg_yearly": 0,
            "eps_latest_yearly": 0,
            "eps_growth_yearly": 0
        },
        "20034": {
            "year_quarter": 20034,
            "year": 2003,
            "quarter": 4,
            "eps": null,
            "eps_growth_year": null,
            "eps_4q": null,
            "eps_4q_growth_year": null,
            "roe": null,
            "roe_4q": 0,
            "gross_profit": null,
            "gross_margin": null,
            "gross_margin_4q_avg": 0,
            "net_income": null,
            "net_income_4q": null,
            "revenue": null,
            "revenue_4q": null,
            "common_shares": null,
            "book_valuer_per_share": null,
            "book_valuer_per_share_4q_avg": 0,
            "equity": null,
            "current_ratio": null,
            "debt_ratio": null,
            "inventory_turnover_ratio": null,
            "account_receivable_turnover_ratio": null,
            "reinvestment_rate": null,
            "research_to_sale_ratio": null,
            "price_fair": 0,
            "eps_avg_yearly": 0,
            "eps_latest_yearly": 0,
            "eps_growth_yearly": 0
        },
        "20041": {
            "year_quarter": 20041,
            "year": 2004,
            "quarter": 1,
            "eps": null,
            "eps_growth_year": null,
            "eps_4q": null,
            "eps_4q_growth_year": null,
            "roe": null,
            "roe_4q": 0,
            "gross_profit": null,
            "gross_margin": null,
            "gross_margin_4q_avg": 0,
            "net_income": null,
            "net_income_4q": null,
            "revenue": null,
            "revenue_4q": null,
            "common_shares": null,
            "book_valuer_per_share": null,
            "book_valuer_per_share_4q_avg": 0,
            "equity": null,
            "current_ratio": null,
            "debt_ratio": null,
            "inventory_turnover_ratio": null,
            "account_receivable_turnover_ratio": null,
            "reinvestment_rate": null,
            "research_to_sale_ratio": null,
            "price_fair": 0,
            "eps_avg_yearly": 0,
            "eps_latest_yearly": 0,
            "eps_growth_yearly": 0
        },
        "20042": {
            "year_quarter": 20042,
            "year": 2004,
            "quarter": 2,
            "eps": null,
            "eps_growth_year": null,
            "eps_4q": null,
            "eps_4q_growth_year": null,
            "roe": null,
            "roe_4q": 0,
            "gross_profit": null,
            "gross_margin": null,
            "gross_margin_4q_avg": 0,
            "net_income": null,
            "net_income_4q": null,
            "revenue": null,
            "revenue_4q": null,
            "common_shares": null,
            "book_valuer_per_share": null,
            "book_valuer_per_share_4q_avg": 0,
            "equity": null,
            "current_ratio": null,
            "debt_ratio": null,
            "inventory_turnover_ratio": null,
            "account_receivable_turnover_ratio": null,
            "reinvestment_rate": null,
            "research_to_sale_ratio": null,
            "price_fair": 0,
            "eps_avg_yearly": 0,
            "eps_latest_yearly": 0,
            "eps_growth_yearly": 0
        },
        "20043": {
            "year_quarter": 20043,
            "year": 2004,
            "quarter": 3,
            "eps": null,
            "eps_growth_year": null,
            "eps_4q": null,
            "eps_4q_growth_year": null,
            "roe": null,
            "roe_4q": 0,
            "gross_profit": null,
            "gross_margin": null,
            "gross_margin_4q_avg": 0,
            "net_income": null,
            "net_income_4q": null,
            "revenue": null,
            "revenue_4q": null,
            "common_shares": null,
            "book_valuer_per_share": null,
            "book_valuer_per_share_4q_avg": 0,
            "equity": null,
            "current_ratio": null,
            "debt_ratio": null,
            "inventory_turnover_ratio": null,
            "account_receivable_turnover_ratio": null,
            "reinvestment_rate": null,
            "research_to_sale_ratio": null,
            "price_fair": 0,
            "eps_avg_yearly": 0,
            "eps_latest_yearly": 0,
            "eps_growth_yearly": 0
        },
        "20044": {
            "year_quarter": 20044,
            "year": 2004,
            "quarter": 4,
            "eps": null,
            "eps_growth_year": null,
            "eps_4q": null,
            "eps_4q_growth_year": null,
            "roe": null,
            "roe_4q": 0,
            "gross_profit": null,
            "gross_margin": null,
            "gross_margin_4q_avg": 0,
            "net_income": null,
            "net_income_4q": null,
            "revenue": null,
            "revenue_4q": null,
            "common_shares": 80000,
            "book_valuer_per_share": 17.07,
            "book_valuer_per_share_4q_avg": 4.27,
            "equity": 136540,
            "current_ratio": 245.26,
            "debt_ratio": 35.7,
            "inventory_turnover_ratio": null,
            "account_receivable_turnover_ratio": null,
            "reinvestment_rate": null,
            "research_to_sale_ratio": null,
            "price_fair": 0,
            "eps_avg_yearly": 0,
            "eps_latest_yearly": 0,
            "eps_growth_yearly": 0
        },
        "20051": {
            "year_quarter": 20051,
            "year": 2005,
            "quarter": 1,
            "eps": null,
            "eps_growth_year": null,
            "eps_4q": null,
            "eps_4q_growth_year": null,
            "roe": null,
            "roe_4q": 0,
            "gross_profit": null,
            "gross_margin": null,
            "gross_margin_4q_avg": 0,
            "net_income": null,
            "net_income_4q": null,
            "revenue": null,
            "revenue_4q": null,
            "common_shares": null,
            "book_valuer_per_share": null,
            "book_valuer_per_share_4q_avg": 4.27,
            "equity": null,
            "current_ratio": null,
            "debt_ratio": null,
            "inventory_turnover_ratio": null,
            "account_receivable_turnover_ratio": null,
            "reinvestment_rate": null,
            "research_to_sale_ratio": null,
            "price_fair": 0,
            "eps_avg_yearly": 0,
            "eps_latest_yearly": 0,
            "eps_growth_yearly": 0
        },
        "20052": {
            "year_quarter": 20052,
            "year": 2005,
            "quarter": 2,
            "eps": null,
            "eps_growth_year": null,
            "eps_4q": null,
            "eps_4q_growth_year": null,
            "roe": null,
            "roe_4q": 0,
            "gross_profit": null,
            "gross_margin": null,
            "gross_margin_4q_avg": 0,
            "net_income": null,
            "net_income_4q": null,
            "revenue": null,
            "revenue_4q": null,
            "common_shares": null,
            "book_valuer_per_share": null,
            "book_valuer_per_share_4q_avg": 4.27,
            "equity": null,
            "current_ratio": null,
            "debt_ratio": null,
            "inventory_turnover_ratio": null,
            "account_receivable_turnover_ratio": null,
            "reinvestment_rate": null,
            "research_to_sale_ratio": null,
            "price_fair": 0,
            "eps_avg_yearly": 0,
            "eps_latest_yearly": 0,
            "eps_growth_yearly": 0
        },
        "20053": {
            "year_quarter": 20053,
            "year": 2005,
            "quarter": 3,
            "eps": null,
            "eps_growth_year": null,
            "eps_4q": null,
            "eps_4q_growth_year": null,
            "roe": null,
            "roe_4q": 0,
            "gross_profit": null,
            "gross_margin": null,
            "gross_margin_4q_avg": 0,
            "net_income": null,
            "net_income_4q": null,
            "revenue": null,
            "revenue_4q": null,
            "common_shares": null,
            "book_valuer_per_share": null,
            "book_valuer_per_share_4q_avg": 4.27,
            "equity": null,
            "current_ratio": null,
            "debt_ratio": null,
            "inventory_turnover_ratio": null,
            "account_receivable_turnover_ratio": null,
            "reinvestment_rate": null,
            "research_to_sale_ratio": null,
            "price_fair": 0,
            "eps_avg_yearly": 0,
            "eps_latest_yearly": 0,
            "eps_growth_yearly": 0
        },
        "20054": {
            "year_quarter": 20054,
            "year": 2005,
            "quarter": 4,
            "eps": null,
            "eps_growth_year": null,
            "eps_4q": null,
            "eps_4q_growth_year": null,
            "roe": null,
            "roe_4q": 0,
            "gross_profit": null,
            "gross_margin": null,
            "gross_margin_4q_avg": 0,
            "net_income": null,
            "net_income_4q": null,
            "revenue": null,
            "revenue_4q": null,
            "common_shares": 124000,
            "book_valuer_per_share": 15.17,
            "book_valuer_per_share_4q_avg": 3.79,
            "equity": 188101,
            "current_ratio": 240.71,
            "debt_ratio": 36.49,
            "inventory_turnover_ratio": null,
            "account_receivable_turnover_ratio": null,
            "reinvestment_rate": null,
            "research_to_sale_ratio": null,
            "price_fair": 0,
            "eps_avg_yearly": 0,
            "eps_latest_yearly": 0,
            "eps_growth_yearly": 0
        },
        "20061": {
            "year_quarter": 20061,
            "year": 2006,
            "quarter": 1,
            "eps": null,
            "eps_growth_year": null,
            "eps_4q": null,
            "eps_4q_growth_year": null,
            "roe": null,
            "roe_4q": 0,
            "gross_profit": null,
            "gross_margin": null,
            "gross_margin_4q_avg": 0,
            "net_income": null,
            "net_income_4q": null,
            "revenue": null,
            "revenue_4q": null,
            "common_shares": null,
            "book_valuer_per_share": null,
            "book_valuer_per_share_4q_avg": 3.79,
            "equity": null,
            "current_ratio": null,
            "debt_ratio": null,
            "inventory_turnover_ratio": null,
            "account_receivable_turnover_ratio": null,
            "reinvestment_rate": null,
            "research_to_sale_ratio": null,
            "price_fair": 0,
            "eps_avg_yearly": 0,
            "eps_latest_yearly": 0,
            "eps_growth_yearly": 0
        },
        "20062": {
            "year_quarter": 20062,
            "year": 2006,
            "quarter": 2,
            "eps": null,
            "eps_growth_year": null,
            "eps_4q": null,
            "eps_4q_growth_year": null,
            "roe": null,
            "roe_4q": 0,
            "gross_profit": null,
            "gross_margin": null,
            "gross_margin_4q_avg": 0,
            "net_income": null,
            "net_income_4q": null,
            "revenue": null,
            "revenue_4q": null,
            "common_shares": null,
            "book_valuer_per_share": null,
            "book_valuer_per_share_4q_avg": 3.79,
            "equity": null,
            "current_ratio": null,
            "debt_ratio": null,
            "inventory_turnover_ratio": null,
            "account_receivable_turnover_ratio": null,
            "reinvestment_rate": null,
            "research_to_sale_ratio": null,
            "price_fair": 0,
            "eps_avg_yearly": 0,
            "eps_latest_yearly": 0,
            "eps_growth_yearly": 0
        },
        "20063": {
            "year_quarter": 20063,
            "year": 2006,
            "quarter": 3,
            "eps": null,
            "eps_growth_year": null,
            "eps_4q": null,
            "eps_4q_growth_year": null,
            "roe": null,
            "roe_4q": 0,
            "gross_profit": null,
            "gross_margin": null,
            "gross_margin_4q_avg": 0,
            "net_income": null,
            "net_income_4q": null,
            "revenue": null,
            "revenue_4q": null,
            "common_shares": null,
            "book_valuer_per_share": null,
            "book_valuer_per_share_4q_avg": 3.79,
            "equity": null,
            "current_ratio": null,
            "debt_ratio": null,
            "inventory_turnover_ratio": null,
            "account_receivable_turnover_ratio": null,
            "reinvestment_rate": null,
            "research_to_sale_ratio": null,
            "price_fair": 0,
            "eps_avg_yearly": 0,
            "eps_latest_yearly": 0,
            "eps_growth_yearly": 0
        },
        "20064": {
            "year_quarter": 20064,
            "year": 2006,
            "quarter": 4,
            "eps": null,
            "eps_growth_year": null,
            "eps_4q": null,
            "eps_4q_growth_year": null,
            "roe": null,
            "roe_4q": 0,
            "gross_profit": null,
            "gross_margin": null,
            "gross_margin_4q_avg": 0,
            "net_income": null,
            "net_income_4q": null,
            "revenue": null,
            "revenue_4q": null,
            "common_shares": 220000,
            "book_valuer_per_share": 15.72,
            "book_valuer_per_share_4q_avg": 3.93,
            "equity": 345851,
            "current_ratio": 313.24,
            "debt_ratio": 27.86,
            "inventory_turnover_ratio": null,
            "account_receivable_turnover_ratio": null,
            "reinvestment_rate": null,
            "research_to_sale_ratio": null,
            "price_fair": 0,
            "eps_avg_yearly": 0,
            "eps_latest_yearly": 0,
            "eps_growth_yearly": 0
        },
        "20071": {
            "year_quarter": 20071,
            "year": 2007,
            "quarter": 1,
            "eps": null,
            "eps_growth_year": null,
            "eps_4q": null,
            "eps_4q_growth_year": null,
            "roe": null,
            "roe_4q": 0,
            "gross_profit": null,
            "gross_margin": null,
            "gross_margin_4q_avg": 0,
            "net_income": null,
            "net_income_4q": null,
            "revenue": null,
            "revenue_4q": null,
            "common_shares": null,
            "book_valuer_per_share": null,
            "book_valuer_per_share_4q_avg": 3.93,
            "equity": null,
            "current_ratio": null,
            "debt_ratio": null,
            "inventory_turnover_ratio": null,
            "account_receivable_turnover_ratio": null,
            "reinvestment_rate": null,
            "research_to_sale_ratio": null,
            "price_fair": 0,
            "eps_avg_yearly": 0,
            "eps_latest_yearly": 0,
            "eps_growth_yearly": 0
        },
        "20072": {
            "year_quarter": 20072,
            "year": 2007,
            "quarter": 2,
            "eps": null,
            "eps_growth_year": null,
            "eps_4q": null,
            "eps_4q_growth_year": null,
            "roe": null,
            "roe_4q": 0,
            "gross_profit": null,
            "gross_margin": null,
            "gross_margin_4q_avg": 0,
            "net_income": null,
            "net_income_4q": null,
            "revenue": null,
            "revenue_4q": null,
            "common_shares": null,
            "book_valuer_per_share": null,
            "book_valuer_per_share_4q_avg": 3.93,
            "equity": null,
            "current_ratio": null,
            "debt_ratio": null,
            "inventory_turnover_ratio": null,
            "account_receivable_turnover_ratio": null,
            "reinvestment_rate": null,
            "research_to_sale_ratio": null,
            "price_fair": 0,
            "eps_avg_yearly": 0,
            "eps_latest_yearly": 0,
            "eps_growth_yearly": 0
        },
        "20073": {
            "year_quarter": 20073,
            "year": 2007,
            "quarter": 3,
            "eps": null,
            "eps_growth_year": null,
            "eps_4q": null,
            "eps_4q_growth_year": null,
            "roe": null,
            "roe_4q": 0,
            "gross_profit": null,
            "gross_margin": null,
            "gross_margin_4q_avg": 0,
            "net_income": null,
            "net_income_4q": null,
            "revenue": null,
            "revenue_4q": null,
            "common_shares": null,
            "book_valuer_per_share": null,
            "book_valuer_per_share_4q_avg": 3.93,
            "equity": null,
            "current_ratio": null,
            "debt_ratio": null,
            "inventory_turnover_ratio": null,
            "account_receivable_turnover_ratio": null,
            "reinvestment_rate": null,
            "research_to_sale_ratio": null,
            "price_fair": 0,
            "eps_avg_yearly": 0,
            "eps_latest_yearly": 0,
            "eps_growth_yearly": 0
        },
        "20074": {
            "year_quarter": 20074,
            "year": 2007,
            "quarter": 4,
            "eps": null,
            "eps_growth_year": null,
            "eps_4q": null,
            "eps_4q_growth_year": null,
            "roe": null,
            "roe_4q": 0,
            "gross_profit": null,
            "gross_margin": null,
            "gross_margin_4q_avg": 0,
            "net_income": null,
            "net_income_4q": null,
            "revenue": null,
            "revenue_4q": null,
            "common_shares": 220000,
            "book_valuer_per_share": 17.55,
            "book_valuer_per_share_4q_avg": 4.39,
            "equity": 386087,
            "current_ratio": 251.05,
            "debt_ratio": 34.98,
            "inventory_turnover_ratio": null,
            "account_receivable_turnover_ratio": null,
            "reinvestment_rate": null,
            "research_to_sale_ratio": null,
            "price_fair": 0,
            "eps_avg_yearly": 0,
            "eps_latest_yearly": 0,
            "eps_growth_yearly": 0
        },
        "20081": {
            "year_quarter": 20081,
            "year": 2008,
            "quarter": 1,
            "eps": null,
            "eps_growth_year": null,
            "eps_4q": null,
            "eps_4q_growth_year": null,
            "roe": null,
            "roe_4q": 0,
            "gross_profit": null,
            "gross_margin": null,
            "gross_margin_4q_avg": 0,
            "net_income": null,
            "net_income_4q": null,
            "revenue": null,
            "revenue_4q": null,
            "common_shares": null,
            "book_valuer_per_share": null,
            "book_valuer_per_share_4q_avg": 4.39,
            "equity": null,
            "current_ratio": null,
            "debt_ratio": null,
            "inventory_turnover_ratio": null,
            "account_receivable_turnover_ratio": null,
            "reinvestment_rate": null,
            "research_to_sale_ratio": null,
            "price_fair": 0,
            "eps_avg_yearly": 0,
            "eps_latest_yearly": 0,
            "eps_growth_yearly": 0
        },
        "20082": {
            "year_quarter": 20082,
            "year": 2008,
            "quarter": 2,
            "eps": null,
            "eps_growth_year": null,
            "eps_4q": null,
            "eps_4q_growth_year": null,
            "roe": null,
            "roe_4q": 0,
            "gross_profit": null,
            "gross_margin": null,
            "gross_margin_4q_avg": 0,
            "net_income": null,
            "net_income_4q": null,
            "revenue": null,
            "revenue_4q": null,
            "common_shares": null,
            "book_valuer_per_share": null,
            "book_valuer_per_share_4q_avg": 4.39,
            "equity": null,
            "current_ratio": null,
            "debt_ratio": null,
            "inventory_turnover_ratio": null,
            "account_receivable_turnover_ratio": null,
            "reinvestment_rate": null,
            "research_to_sale_ratio": null,
            "price_fair": 0,
            "eps_avg_yearly": 0,
            "eps_latest_yearly": 0,
            "eps_growth_yearly": 0
        },
        "20083": {
            "year_quarter": 20083,
            "year": 2008,
            "quarter": 3,
            "eps": null,
            "eps_growth_year": null,
            "eps_4q": null,
            "eps_4q_growth_year": null,
            "roe": null,
            "roe_4q": 0,
            "gross_profit": null,
            "gross_margin": null,
            "gross_margin_4q_avg": 0,
            "net_income": null,
            "net_income_4q": null,
            "revenue": null,
            "revenue_4q": null,
            "common_shares": null,
            "book_valuer_per_share": null,
            "book_valuer_per_share_4q_avg": 4.39,
            "equity": null,
            "current_ratio": null,
            "debt_ratio": null,
            "inventory_turnover_ratio": null,
            "account_receivable_turnover_ratio": null,
            "reinvestment_rate": null,
            "research_to_sale_ratio": null,
            "price_fair": 0,
            "eps_avg_yearly": 0,
            "eps_latest_yearly": 0,
            "eps_growth_yearly": 0
        },
        "20084": {
            "year_quarter": 20084,
            "year": 2008,
            "quarter": 4,
            "eps": null,
            "eps_growth_year": null,
            "eps_4q": null,
            "eps_4q_growth_year": null,
            "roe": null,
            "roe_4q": 0,
            "gross_profit": null,
            "gross_margin": null,
            "gross_margin_4q_avg": 0,
            "net_income": null,
            "net_income_4q": null,
            "revenue": null,
            "revenue_4q": null,
            "common_shares": 220000,
            "book_valuer_per_share": 16.66,
            "book_valuer_per_share_4q_avg": 4.17,
            "equity": 368475,
            "current_ratio": 226.72,
            "debt_ratio": 37.44,
            "inventory_turnover_ratio": null,
            "account_receivable_turnover_ratio": null,
            "reinvestment_rate": null,
            "research_to_sale_ratio": null,
            "price_fair": 0,
            "eps_avg_yearly": 0,
            "eps_latest_yearly": 0,
            "eps_growth_yearly": 0
        },
        "20091": {
            "year_quarter": 20091,
            "year": 2009,
            "quarter": 1,
            "eps": 0.72,
            "eps_growth_year": null,
            "eps_4q": null,
            "eps_4q_growth_year": null,
            "roe": 4.19,
            "roe_4q": 4.19,
            "gross_profit": 63002,
            "gross_margin": 39.29,
            "gross_margin_4q_avg": 9.82,
            "net_income": 15781,
            "net_income_4q": null,
            "revenue": 160351,
            "revenue_4q": null,
            "common_shares": 220000,
            "book_valuer_per_share": 17.41,
            "book_valuer_per_share_4q_avg": 8.52,
            "equity": 384616,
            "current_ratio": 243.05,
            "debt_ratio": 36.14,
            "inventory_turnover_ratio": 0.54,
            "account_receivable_turnover_ratio": 1.54,
            "reinvestment_rate": null,
            "research_to_sale_ratio": null,
            "price_fair": 0,
            "eps_avg_yearly": 0,
            "eps_latest_yearly": 0,
            "eps_growth_yearly": 0
        },
        "20092": {
            "year_quarter": 20092,
            "year": 2009,
            "quarter": 2,
            "eps": 0.77,
            "eps_growth_year": null,
            "eps_4q": null,
            "eps_4q_growth_year": null,
            "roe": 4.51,
            "roe_4q": 8.7,
            "gross_profit": 67573,
            "gross_margin": 35.53,
            "gross_margin_4q_avg": 18.71,
            "net_income": 17231,
            "net_income_4q": null,
            "revenue": 190171,
            "revenue_4q": null,
            "common_shares": 220000,
            "book_valuer_per_share": 17.15,
            "book_valuer_per_share_4q_avg": 12.81,
            "equity": 379388,
            "current_ratio": 207.21,
            "debt_ratio": 42.57,
            "inventory_turnover_ratio": 0.68,
            "account_receivable_turnover_ratio": 1.39,
            "reinvestment_rate": null,
            "research_to_sale_ratio": null,
            "price_fair": 107.8,
            "eps_avg_yearly": 3.08,
            "eps_latest_yearly": 3.08,
            "eps_growth_yearly": 27.78
        },
        "20093": {
            "year_quarter": 20093,
            "year": 2009,
            "quarter": 3,
            "eps": 0.97,
            "eps_growth_year": null,
            "eps_4q": null,
            "eps_4q_growth_year": null,
            "roe": 5.63,
            "roe_4q": 14.330000000000002,
            "gross_profit": 74624,
            "gross_margin": 40.72,
            "gross_margin_4q_avg": 28.89,
            "net_income": 21950,
            "net_income_4q": null,
            "revenue": 183268,
            "revenue_4q": null,
            "common_shares": 220000,
            "book_valuer_per_share": 18.09,
            "book_valuer_per_share_4q_avg": 17.33,
            "equity": 400690,
            "current_ratio": 226.7,
            "debt_ratio": 38.57,
            "inventory_turnover_ratio": 0.59,
            "account_receivable_turnover_ratio": 0.71,
            "reinvestment_rate": null,
            "research_to_sale_ratio": null,
            "price_fair": 121.8,
            "eps_avg_yearly": 3.48,
            "eps_latest_yearly": 3.88,
            "eps_growth_yearly": 65.84
        },
        "20094": {
            "year_quarter": 20094,
            "year": 2009,
            "quarter": 4,
            "eps": 0.72,
            "eps_growth_year": null,
            "eps_4q": 3.19,
            "eps_4q_growth_year": null,
            "roe": 4,
            "roe_4q": 18.33,
            "gross_profit": 71795,
            "gross_margin": 33.45,
            "gross_margin_4q_avg": 37.25,
            "net_income": 16387,
            "net_income_4q": null,
            "revenue": 214640,
            "revenue_4q": null,
            "common_shares": 220000,
            "book_valuer_per_share": 18.9,
            "book_valuer_per_share_4q_avg": 17.89,
            "equity": 419156,
            "current_ratio": 238.51,
            "debt_ratio": 36.51,
            "inventory_turnover_ratio": 0.73,
            "account_receivable_turnover_ratio": 1.89,
            "reinvestment_rate": null,
            "research_to_sale_ratio": null,
            "price_fair": 64.05,
            "eps_avg_yearly": 3.28,
            "eps_latest_yearly": 2.88,
            "eps_growth_yearly": 9.53
        },
        "20101": {
            "year_quarter": 20101,
            "year": 2010,
            "quarter": 1,
            "eps": null,
            "eps_growth_year": null,
            "eps_4q": null,
            "eps_4q_growth_year": null,
            "roe": null,
            "roe_4q": 14.139999999999999,
            "gross_profit": 90762,
            "gross_margin": null,
            "gross_margin_4q_avg": 27.43,
            "net_income": 37079,
            "net_income_4q": null,
            "revenue": 245076,
            "revenue_4q": null,
            "common_shares": 220000,
            "book_valuer_per_share": 20.56,
            "book_valuer_per_share_4q_avg": 18.68,
            "equity": 455943,
            "current_ratio": 274.44,
            "debt_ratio": 32.17,
            "inventory_turnover_ratio": null,
            "account_receivable_turnover_ratio": null,
            "reinvestment_rate": null,
            "research_to_sale_ratio": null,
            "price_fair": 64.05,
            "eps_avg_yearly": 3.28,
            "eps_latest_yearly": 2.88,
            "eps_growth_yearly": 9.53
        },
        "20102": {
            "year_quarter": 20102,
            "year": 2010,
            "quarter": 2,
            "eps": 1.33,
            "eps_growth_year": 73.08,
            "eps_4q": 3.03,
            "eps_4q_growth_year": null,
            "roe": 6.54,
            "roe_4q": 16.169999999999998,
            "gross_profit": 91253,
            "gross_margin": 38.78,
            "gross_margin_4q_avg": 28.24,
            "net_income": 29319,
            "net_income_4q": null,
            "revenue": 235296,
            "revenue_4q": null,
            "common_shares": 220000,
            "book_valuer_per_share": 19.87,
            "book_valuer_per_share_4q_avg": 19.36,
            "equity": 441058,
            "current_ratio": 234.01,
            "debt_ratio": 37.66,
            "inventory_turnover_ratio": 0.71,
            "account_receivable_turnover_ratio": 1.77,
            "reinvestment_rate": null,
            "research_to_sale_ratio": null,
            "price_fair": 64.05,
            "eps_avg_yearly": 3.28,
            "eps_latest_yearly": 2.88,
            "eps_growth_yearly": 9.53
        },
        "20103": {
            "year_quarter": 20103,
            "year": 2010,
            "quarter": 3,
            "eps": 1.7,
            "eps_growth_year": 75.32,
            "eps_4q": 3.76,
            "eps_4q_growth_year": null,
            "roe": 8.48,
            "roe_4q": 19.02,
            "gross_profit": 105135,
            "gross_margin": 36.26,
            "gross_margin_4q_avg": 27.12,
            "net_income": 39017,
            "net_income_4q": null,
            "revenue": 289921,
            "revenue_4q": null,
            "common_shares": 220000,
            "book_valuer_per_share": 21.53,
            "book_valuer_per_share_4q_avg": 20.22,
            "equity": 479130,
            "current_ratio": 223.69,
            "debt_ratio": 40.62,
            "inventory_turnover_ratio": 0.76,
            "account_receivable_turnover_ratio": 1.03,
            "reinvestment_rate": null,
            "research_to_sale_ratio": null,
            "price_fair": 145.6,
            "eps_avg_yearly": 4.16,
            "eps_latest_yearly": 6.8,
            "eps_growth_yearly": 34.96
        },
        "20104": {
            "year_quarter": 20104,
            "year": 2010,
            "quarter": 4,
            "eps": 0.89,
            "eps_growth_year": 22.98,
            "eps_4q": 3.4,
            "eps_4q_growth_year": 6.82,
            "roe": 3.24,
            "roe_4q": 18.26,
            "gross_profit": 91426,
            "gross_margin": 40.05,
            "gross_margin_4q_avg": 28.77,
            "net_income": 22820,
            "net_income_4q": null,
            "revenue": 228270,
            "revenue_4q": null,
            "common_shares": 265000,
            "book_valuer_per_share": 34.86,
            "book_valuer_per_share_4q_avg": 24.21,
            "equity": 928660,
            "current_ratio": 433.62,
            "debt_ratio": 21.08,
            "inventory_turnover_ratio": 0.52,
            "account_receivable_turnover_ratio": 0.8,
            "reinvestment_rate": null,
            "research_to_sale_ratio": null,
            "price_fair": 12.12,
            "eps_avg_yearly": 4.04,
            "eps_latest_yearly": 3.56,
            "eps_growth_yearly": -10.15
        },
        "20111": {
            "year_quarter": 20111,
            "year": 2011,
            "quarter": 1,
            "eps": 1.73,
            "eps_growth_year": null,
            "eps_4q": 5.13,
            "eps_4q_growth_year": null,
            "roe": 4.97,
            "roe_4q": 23.23,
            "gross_profit": 120123,
            "gross_margin": 42.26,
            "gross_margin_4q_avg": 39.34,
            "net_income": 47271,
            "net_income_4q": null,
            "revenue": 284277,
            "revenue_4q": null,
            "common_shares": 265000,
            "book_valuer_per_share": 36.62,
            "book_valuer_per_share_4q_avg": 28.22,
            "equity": 974716,
            "current_ratio": 392.56,
            "debt_ratio": 22.06,
            "inventory_turnover_ratio": 0.57,
            "account_receivable_turnover_ratio": 0.98,
            "reinvestment_rate": null,
            "research_to_sale_ratio": null,
            "price_fair": 158.2,
            "eps_avg_yearly": 4.52,
            "eps_latest_yearly": 6.92,
            "eps_growth_yearly": 54.47
        },
        "20112": {
            "year_quarter": 20112,
            "year": 2011,
            "quarter": 2,
            "eps": 1.24,
            "eps_growth_year": -6.76,
            "eps_4q": 5.27,
            "eps_4q_growth_year": 73.99,
            "roe": 3.65,
            "roe_4q": 20.34,
            "gross_profit": 113978,
            "gross_margin": 42.6,
            "gross_margin_4q_avg": 40.29,
            "net_income": 33720,
            "net_income_4q": null,
            "revenue": 267558,
            "revenue_4q": null,
            "common_shares": 265000,
            "book_valuer_per_share": 32.82,
            "book_valuer_per_share_4q_avg": 31.46,
            "equity": 874776,
            "current_ratio": 251.39,
            "debt_ratio": 32.94,
            "inventory_turnover_ratio": 0.49,
            "account_receivable_turnover_ratio": 0.86,
            "reinvestment_rate": null,
            "research_to_sale_ratio": null,
            "price_fair": 160.4,
            "eps_avg_yearly": 4.58,
            "eps_latest_yearly": 4.96,
            "eps_growth_yearly": 30.5
        },
        "20113": {
            "year_quarter": 20113,
            "year": 2011,
            "quarter": 3,
            "eps": 1.61,
            "eps_growth_year": -5.37,
            "eps_4q": 5.46,
            "eps_4q_growth_year": 45.44,
            "roe": 4.71,
            "roe_4q": 16.57,
            "gross_profit": 130991,
            "gross_margin": 44.39,
            "gross_margin_4q_avg": 42.33,
            "net_income": 42854,
            "net_income_4q": null,
            "revenue": 295075,
            "revenue_4q": null,
            "common_shares": 265000,
            "book_valuer_per_share": 35.43,
            "book_valuer_per_share_4q_avg": 34.93,
            "equity": 944167,
            "current_ratio": 240.19,
            "debt_ratio": 52.08,
            "inventory_turnover_ratio": 0.5,
            "account_receivable_turnover_ratio": 0.86,
            "reinvestment_rate": null,
            "research_to_sale_ratio": null,
            "price_fair": 168.53,
            "eps_avg_yearly": 4.82,
            "eps_latest_yearly": 6.44,
            "eps_growth_yearly": 41.61
        },
        "20114": {
            "year_quarter": 20114,
            "year": 2011,
            "quarter": 4,
            "eps": 1.27,
            "eps_growth_year": 42.92,
            "eps_4q": 5.84,
            "eps_4q_growth_year": 71.7,
            "roe": 3.44,
            "roe_4q": 16.77,
            "gross_profit": 130874,
            "gross_margin": 39.2,
            "gross_margin_4q_avg": 42.11,
            "net_income": 33095,
            "net_income_4q": null,
            "revenue": 333854,
            "revenue_4q": null,
            "common_shares": 265000,
            "book_valuer_per_share": 36.7,
            "book_valuer_per_share_4q_avg": 35.39,
            "equity": 977351,
            "current_ratio": 362.63,
            "debt_ratio": 41.42,
            "inventory_turnover_ratio": 0.55,
            "account_receivable_turnover_ratio": 0.88,
            "reinvestment_rate": null,
            "research_to_sale_ratio": null,
            "price_fair": 169.56,
            "eps_avg_yearly": 4.84,
            "eps_latest_yearly": 5.08,
            "eps_growth_yearly": 27.6
        },
        "20121": {
            "year_quarter": 20121,
            "year": 2012,
            "quarter": 1,
            "eps": 2.16,
            "eps_growth_year": 24.86,
            "eps_4q": 6.28,
            "eps_4q_growth_year": 22.42,
            "roe": 5.67,
            "roe_4q": 17.47,
            "gross_profit": 141227,
            "gross_margin": 45.71,
            "gross_margin_4q_avg": 42.98,
            "net_income": 56873,
            "net_income_4q": null,
            "revenue": 308958,
            "revenue_4q": null,
            "common_shares": 265000,
            "book_valuer_per_share": 38.77,
            "book_valuer_per_share_4q_avg": 35.93,
            "equity": 1029893,
            "current_ratio": 450.53,
            "debt_ratio": 37.06,
            "inventory_turnover_ratio": 0.43,
            "account_receivable_turnover_ratio": 0.81,
            "reinvestment_rate": null,
            "research_to_sale_ratio": null,
            "price_fair": 182.84,
            "eps_avg_yearly": 5.22,
            "eps_latest_yearly": 8.64,
            "eps_growth_yearly": 52.87
        },
        "20122": {
            "year_quarter": 20122,
            "year": 2012,
            "quarter": 2,
            "eps": 1.54,
            "eps_growth_year": 23.94,
            "eps_4q": 6.58,
            "eps_4q_growth_year": 24.91,
            "roe": 4.14,
            "roe_4q": 17.959999999999997,
            "gross_profit": 132610,
            "gross_margin": 35.42,
            "gross_margin_4q_avg": 41.18,
            "net_income": 40701,
            "net_income_4q": null,
            "revenue": 374342,
            "revenue_4q": null,
            "common_shares": 265000,
            "book_valuer_per_share": 35.33,
            "book_valuer_per_share_4q_avg": 36.56,
            "equity": 936252,
            "current_ratio": 327.34,
            "debt_ratio": 43.87,
            "inventory_turnover_ratio": 0.69,
            "account_receivable_turnover_ratio": 0.93,
            "reinvestment_rate": null,
            "research_to_sale_ratio": null,
            "price_fair": 185.82,
            "eps_avg_yearly": 5.31,
            "eps_latest_yearly": 6.16,
            "eps_growth_yearly": 37.63
        },
        "20123": {
            "year_quarter": 20123,
            "year": 2012,
            "quarter": 3,
            "eps": 0.74,
            "eps_growth_year": -54.29,
            "eps_4q": 5.7,
            "eps_4q_growth_year": 4.4,
            "roe": 1.9,
            "roe_4q": 15.149999999999999,
            "gross_profit": 97048,
            "gross_margin": 44.32,
            "gross_margin_4q_avg": 41.16,
            "net_income": 18886,
            "net_income_4q": null,
            "revenue": 218991,
            "revenue_4q": null,
            "common_shares": 265000,
            "book_valuer_per_share": 36.01,
            "book_valuer_per_share_4q_avg": 36.7,
            "equity": 1053383,
            "current_ratio": 492.02,
            "debt_ratio": 35.59,
            "inventory_turnover_ratio": 0.38,
            "account_receivable_turnover_ratio": 0.55,
            "reinvestment_rate": null,
            "research_to_sale_ratio": null,
            "price_fair": 138.95,
            "eps_avg_yearly": 5.11,
            "eps_latest_yearly": 2.96,
            "eps_growth_yearly": 17.17
        },
        "20124": {
            "year_quarter": 20124,
            "year": 2012,
            "quarter": 4,
            "eps": -0.18,
            "eps_growth_year": -114.05,
            "eps_4q": 4.26,
            "eps_4q_growth_year": -27.09,
            "roe": -0.68,
            "roe_4q": 11.03,
            "gross_profit": 71539,
            "gross_margin": 41,
            "gross_margin_4q_avg": 41.61,
            "net_income": -7139,
            "net_income_4q": null,
            "revenue": 174466,
            "revenue_4q": null,
            "common_shares": 265000,
            "book_valuer_per_share": 35.83,
            "book_valuer_per_share_4q_avg": 36.49,
            "equity": 1046361,
            "current_ratio": 535.97,
            "debt_ratio": 34.89,
            "inventory_turnover_ratio": 0.3,
            "account_receivable_turnover_ratio": 0.51,
            "reinvestment_rate": 73.84,
            "research_to_sale_ratio": null,
            "price_fair": 138.95,
            "eps_avg_yearly": 5.11,
            "eps_latest_yearly": 2.96,
            "eps_growth_yearly": 17.17
        },
        "20131": {
            "year_quarter": 20131,
            "year": 2013,
            "quarter": 1,
            "eps": 0.34,
            "eps_growth_year": -84.26,
            "eps_4q": 2.44,
            "eps_4q_growth_year": -61.23,
            "roe": 0.72,
            "roe_4q": 6.08,
            "gross_profit": 63427,
            "gross_margin": 40.5,
            "gross_margin_4q_avg": 40.31,
            "net_income": 7714,
            "net_income_4q": null,
            "revenue": 156612,
            "revenue_4q": null,
            "common_shares": 265000,
            "book_valuer_per_share": 37.29,
            "book_valuer_per_share_4q_avg": 36.12,
            "equity": 1088665,
            "current_ratio": 606.11,
            "debt_ratio": 33.37,
            "inventory_turnover_ratio": 0.26,
            "account_receivable_turnover_ratio": 0.52,
            "reinvestment_rate": 27.9,
            "research_to_sale_ratio": null,
            "price_fair": 138.95,
            "eps_avg_yearly": 5.11,
            "eps_latest_yearly": 2.96,
            "eps_growth_yearly": 17.17
        },
        "20132": {
            "year_quarter": 20132,
            "year": 2013,
            "quarter": 2,
            "eps": 0.24,
            "eps_growth_year": -84.42,
            "eps_4q": 1.14,
            "eps_4q_growth_year": -82.74,
            "roe": 0.44,
            "roe_4q": 2.38,
            "gross_profit": 68809,
            "gross_margin": 31.55,
            "gross_margin_4q_avg": 39.34,
            "net_income": 4621,
            "net_income_4q": null,
            "revenue": 218072,
            "revenue_4q": null,
            "common_shares": 265000,
            "book_valuer_per_share": 33.91,
            "book_valuer_per_share_4q_avg": 35.76,
            "equity": 997346,
            "current_ratio": 356,
            "debt_ratio": 40.96,
            "inventory_turnover_ratio": 0.44,
            "account_receivable_turnover_ratio": 0.76,
            "reinvestment_rate": 36.72,
            "research_to_sale_ratio": null,
            "price_fair": 74.33,
            "eps_avg_yearly": 4.94,
            "eps_latest_yearly": 0.96,
            "eps_growth_yearly": 5.06
        },
        "20133": {
            "year_quarter": 20133,
            "year": 2013,
            "quarter": 3,
            "eps": 0.15,
            "eps_growth_year": -79.61,
            "eps_4q": 0.55,
            "eps_4q_growth_year": -90.4,
            "roe": 0.23,
            "roe_4q": 0.7100000000000001,
            "gross_profit": 74875,
            "gross_margin": 33.43,
            "gross_margin_4q_avg": 36.62,
            "net_income": 2367,
            "net_income_4q": null,
            "revenue": 223951,
            "revenue_4q": null,
            "common_shares": 265000,
            "book_valuer_per_share": 34.51,
            "book_valuer_per_share_4q_avg": 35.39,
            "equity": 1038700,
            "current_ratio": 202.14,
            "debt_ratio": 38.75,
            "inventory_turnover_ratio": 0.43,
            "account_receivable_turnover_ratio": 0.82,
            "reinvestment_rate": 40.27,
            "research_to_sale_ratio": null,
            "price_fair": 13.99,
            "eps_avg_yearly": 4.66,
            "eps_latest_yearly": 0.6,
            "eps_growth_yearly": -16.1
        },
        "20134": {
            "year_quarter": 20134,
            "year": 2013,
            "quarter": 4,
            "eps": 0.84,
            "eps_growth_year": null,
            "eps_4q": 1.56,
            "eps_4q_growth_year": -63.3,
            "roe": 2.16,
            "roe_4q": 3.55,
            "gross_profit": 81529,
            "gross_margin": 27.2,
            "gross_margin_4q_avg": 33.17,
            "net_income": 23027,
            "net_income_4q": null,
            "revenue": 299790,
            "revenue_4q": null,
            "common_shares": 265000,
            "book_valuer_per_share": 36.69,
            "book_valuer_per_share_4q_avg": 35.6,
            "equity": 1097230,
            "current_ratio": 215.34,
            "debt_ratio": 35.5,
            "inventory_turnover_ratio": 0.61,
            "account_receivable_turnover_ratio": 1.23,
            "reinvestment_rate": 40.36,
            "research_to_sale_ratio": null,
            "price_fair": 164.62,
            "eps_avg_yearly": 4.7,
            "eps_latest_yearly": 3.36,
            "eps_growth_yearly": 145.82
        },
        "20141": {
            "year_quarter": 20141,
            "year": 2014,
            "quarter": 1,
            "eps": 0.81,
            "eps_growth_year": 138.24,
            "eps_4q": 2.03,
            "eps_4q_growth_year": -16.48,
            "roe": 2.1,
            "roe_4q": 4.930000000000001,
            "gross_profit": 89941,
            "gross_margin": 33.95,
            "gross_margin_4q_avg": 31.53,
            "net_income": 22880,
            "net_income_4q": null,
            "revenue": 264953,
            "revenue_4q": null,
            "common_shares": 265000,
            "book_valuer_per_share": 36.52,
            "book_valuer_per_share_4q_avg": 35.41,
            "equity": 1086753,
            "current_ratio": 207.48,
            "debt_ratio": 37.52,
            "inventory_turnover_ratio": 0.53,
            "account_receivable_turnover_ratio": 1.01,
            "reinvestment_rate": 43.93,
            "research_to_sale_ratio": null,
            "price_fair": 160.68,
            "eps_avg_yearly": 4.59,
            "eps_latest_yearly": 3.24,
            "eps_growth_yearly": 133.51
        },
        "20142": {
            "year_quarter": 20142,
            "year": 2014,
            "quarter": 2,
            "eps": 1.25,
            "eps_growth_year": 420.83,
            "eps_4q": 3.05,
            "eps_4q_growth_year": 168.36,
            "roe": 3.13,
            "roe_4q": 7.620000000000001,
            "gross_profit": 111890,
            "gross_margin": 34.88,
            "gross_margin_4q_avg": 32.37,
            "net_income": 35016,
            "net_income_4q": null,
            "revenue": 320801,
            "revenue_4q": null,
            "common_shares": 265000,
            "book_valuer_per_share": 38.98,
            "book_valuer_per_share_4q_avg": 36.68,
            "equity": 1153800,
            "current_ratio": 199.25,
            "debt_ratio": 38.36,
            "inventory_turnover_ratio": 0.65,
            "account_receivable_turnover_ratio": 1.17,
            "reinvestment_rate": 45.46,
            "research_to_sale_ratio": null,
            "price_fair": 161.7,
            "eps_avg_yearly": 4.62,
            "eps_latest_yearly": 5,
            "eps_growth_yearly": 139.49
        },
        "20143": {
            "year_quarter": 20143,
            "year": 2014,
            "quarter": 3,
            "eps": 0.74,
            "eps_growth_year": 393.33,
            "eps_4q": 3.64,
            "eps_4q_growth_year": 565.14,
            "roe": 1.74,
            "roe_4q": 9.13,
            "gross_profit": 102020,
            "gross_margin": 31.23,
            "gross_margin_4q_avg": 31.82,
            "net_income": 20167,
            "net_income_4q": null,
            "revenue": 326720,
            "revenue_4q": null,
            "common_shares": 265000,
            "book_valuer_per_share": 39.58,
            "book_valuer_per_share_4q_avg": 37.94,
            "equity": 1170199,
            "current_ratio": 335.31,
            "debt_ratio": 20.01,
            "inventory_turnover_ratio": 0.75,
            "account_receivable_turnover_ratio": 1.35,
            "reinvestment_rate": 61.25,
            "research_to_sale_ratio": null,
            "price_fair": 152.1,
            "eps_avg_yearly": 4.35,
            "eps_latest_yearly": 2.96,
            "eps_growth_yearly": 119.88
        },
        "20144": {
            "year_quarter": 20144,
            "year": 2014,
            "quarter": 4,
            "eps": 1.22,
            "eps_growth_year": 45.07,
            "eps_4q": 4.02,
            "eps_4q_growth_year": 156.98,
            "roe": 2.71,
            "roe_4q": 9.68,
            "gross_profit": 90923,
            "gross_margin": 31.14,
            "gross_margin_4q_avg": 32.8,
            "net_income": 32295,
            "net_income_4q": null,
            "revenue": 292005,
            "revenue_4q": null,
            "common_shares": 265000,
            "book_valuer_per_share": 41.16,
            "book_valuer_per_share_4q_avg": 39.06,
            "equity": 1211952,
            "current_ratio": 238.84,
            "debt_ratio": 28.94,
            "inventory_turnover_ratio": 0.69,
            "account_receivable_turnover_ratio": 1.26,
            "reinvestment_rate": 53.19,
            "research_to_sale_ratio": null,
            "price_fair": 155.4,
            "eps_avg_yearly": 4.44,
            "eps_latest_yearly": 4.88,
            "eps_growth_yearly": 152.03
        },
        "20151": {
            "year_quarter": 20151,
            "year": 2015,
            "quarter": 1,
            "eps": 0.87,
            "eps_growth_year": 7.41,
            "eps_4q": 3.69,
            "eps_4q_growth_year": 81.55,
            "roe": 2.03,
            "roe_4q": 9.61,
            "gross_profit": 96537,
            "gross_margin": 31.47,
            "gross_margin_4q_avg": 32.18,
            "net_income": 26830,
            "net_income_4q": null,
            "revenue": 306805,
            "revenue_4q": null,
            "common_shares": 300000,
            "book_valuer_per_share": 43.69,
            "book_valuer_per_share_4q_avg": 40.85,
            "equity": 1433206,
            "current_ratio": 388.89,
            "debt_ratio": 33.39,
            "inventory_turnover_ratio": 0.69,
            "account_receivable_turnover_ratio": 1.32,
            "reinvestment_rate": 43.02,
            "research_to_sale_ratio": null,
            "price_fair": 146.8,
            "eps_avg_yearly": 4.19,
            "eps_latest_yearly": 3.48,
            "eps_growth_yearly": 116.87
        },
        "20152": {
            "year_quarter": 20152,
            "year": 2015,
            "quarter": 2,
            "eps": 1.2,
            "eps_growth_year": -4,
            "eps_4q": 3.78,
            "eps_4q_growth_year": 24.18,
            "roe": 2.72,
            "roe_4q": 9.2,
            "gross_profit": 111591,
            "gross_margin": 30.07,
            "gross_margin_4q_avg": 30.98,
            "net_income": 37636,
            "net_income_4q": null,
            "revenue": 371121,
            "revenue_4q": null,
            "common_shares": 300000,
            "book_valuer_per_share": 40.21,
            "book_valuer_per_share_4q_avg": 41.16,
            "equity": 1330417,
            "current_ratio": 318.89,
            "debt_ratio": 37.38,
            "inventory_turnover_ratio": 0.85,
            "account_receivable_turnover_ratio": 1.69,
            "reinvestment_rate": 32.03,
            "research_to_sale_ratio": null,
            "price_fair": 146.4,
            "eps_avg_yearly": 4.18,
            "eps_latest_yearly": 4.8,
            "eps_growth_yearly": 135.8
        },
        "20153": {
            "year_quarter": 20153,
            "year": 2015,
            "quarter": 3,
            "eps": 1.08,
            "eps_growth_year": 45.95,
            "eps_4q": 4.21,
            "eps_4q_growth_year": 15.59,
            "roe": 2.68,
            "roe_4q": 10.14,
            "gross_profit": 103719,
            "gross_margin": 29.61,
            "gross_margin_4q_avg": 30.57,
            "net_income": 36067,
            "net_income_4q": null,
            "revenue": 350281,
            "revenue_4q": null,
            "common_shares": 300000,
            "book_valuer_per_share": 41.11,
            "book_valuer_per_share_4q_avg": 41.54,
            "equity": 1361234,
            "current_ratio": 430.81,
            "debt_ratio": 32.41,
            "inventory_turnover_ratio": 0.85,
            "account_receivable_turnover_ratio": 1.81,
            "reinvestment_rate": 14.09,
            "research_to_sale_ratio": null,
            "price_fair": 141.1,
            "eps_avg_yearly": 4.03,
            "eps_latest_yearly": 4.32,
            "eps_growth_yearly": 124.42
        },
        "20154": {
            "year_quarter": 20154,
            "year": 2015,
            "quarter": 4,
            "eps": 0.89,
            "eps_growth_year": -26.48,
            "eps_4q": 4.03,
            "eps_4q_growth_year": 0.23,
            "roe": 2.08,
            "roe_4q": 9.51,
            "gross_profit": 90505,
            "gross_margin": 31.65,
            "gross_margin_4q_avg": 30.7,
            "net_income": 29005,
            "net_income_4q": null,
            "revenue": 285989,
            "revenue_4q": null,
            "common_shares": 300000,
            "book_valuer_per_share": 43.24,
            "book_valuer_per_share_4q_avg": 42.06,
            "equity": 1423010,
            "current_ratio": 377.43,
            "debt_ratio": 34.28,
            "inventory_turnover_ratio": 0.74,
            "account_receivable_turnover_ratio": 1.56,
            "reinvestment_rate": 23.86,
            "research_to_sale_ratio": null,
            "price_fair": 137.3,
            "eps_avg_yearly": 3.92,
            "eps_latest_yearly": 3.56,
            "eps_growth_yearly": 125.42
        },
        "20161": {
            "year_quarter": 20161,
            "year": 2016,
            "quarter": 1,
            "eps": 1.08,
            "eps_growth_year": 24.14,
            "eps_4q": 4.25,
            "eps_4q_growth_year": 15.04,
            "roe": 2.41,
            "roe_4q": 9.89,
            "gross_profit": 96751,
            "gross_margin": 31.05,
            "gross_margin_4q_avg": 30.6,
            "net_income": 34804,
            "net_income_4q": null,
            "revenue": 311595,
            "revenue_4q": null,
            "common_shares": 300000,
            "book_valuer_per_share": 44.76,
            "book_valuer_per_share_4q_avg": 42.33,
            "equity": 1471005,
            "current_ratio": 378.32,
            "debt_ratio": 33.92,
            "inventory_turnover_ratio": 0.84,
            "account_receivable_turnover_ratio": 1.78,
            "reinvestment_rate": 31.42,
            "research_to_sale_ratio": null,
            "price_fair": 126.5,
            "eps_avg_yearly": 3.61,
            "eps_latest_yearly": 4.32,
            "eps_growth_yearly": 111.5
        },
        "20162": {
            "year_quarter": 20162,
            "year": 2016,
            "quarter": 2,
            "eps": 1.03,
            "eps_growth_year": -14.17,
            "eps_4q": 4.08,
            "eps_4q_growth_year": 7.69,
            "roe": 2.46,
            "roe_4q": 9.63,
            "gross_profit": 106270,
            "gross_margin": 31.56,
            "gross_margin_4q_avg": 30.97,
            "net_income": 34907,
            "net_income_4q": null,
            "revenue": 336690,
            "revenue_4q": null,
            "common_shares": 300000,
            "book_valuer_per_share": 41.34,
            "book_valuer_per_share_4q_avg": 42.61,
            "equity": 1363788,
            "current_ratio": 314.52,
            "debt_ratio": 38.47,
            "inventory_turnover_ratio": 0.92,
            "account_receivable_turnover_ratio": 2.04,
            "reinvestment_rate": 55.29,
            "research_to_sale_ratio": null,
            "price_fair": 121.4,
            "eps_avg_yearly": 3.47,
            "eps_latest_yearly": 4.12,
            "eps_growth_yearly": 118.38
        },
        "20163": {
            "year_quarter": 20163,
            "year": 2016,
            "quarter": 3,
            "eps": 0.95,
            "eps_growth_year": -12.04,
            "eps_4q": 3.95,
            "eps_4q_growth_year": -6.15,
            "roe": 2.63,
            "roe_4q": 9.58,
            "gross_profit": 104373,
            "gross_margin": 36.37,
            "gross_margin_4q_avg": 32.66,
            "net_income": 36246,
            "net_income_4q": null,
            "revenue": 286964,
            "revenue_4q": null,
            "common_shares": 300000,
            "book_valuer_per_share": 42.14,
            "book_valuer_per_share_4q_avg": 42.87,
            "equity": 1395461,
            "current_ratio": 383.38,
            "debt_ratio": 34.24,
            "inventory_turnover_ratio": 0.77,
            "account_receivable_turnover_ratio": 1.77,
            "reinvestment_rate": -22.76,
            "research_to_sale_ratio": null,
            "price_fair": 123.5,
            "eps_avg_yearly": 3.53,
            "eps_latest_yearly": 3.8,
            "eps_growth_yearly": 131
        },
        "20164": {
            "year_quarter": 20164,
            "year": 2016,
            "quarter": 4,
            "eps": 0.89,
            "eps_growth_year": -0.11,
            "eps_4q": 3.95,
            "eps_4q_growth_year": -1.97,
            "roe": 3.03,
            "roe_4q": 10.530000000000001,
            "gross_profit": 98448,
            "gross_margin": 35.21,
            "gross_margin_4q_avg": 33.55,
            "net_income": 42607,
            "net_income_4q": null,
            "revenue": 279565,
            "revenue_4q": null,
            "common_shares": 300000,
            "book_valuer_per_share": 42.36,
            "book_valuer_per_share_4q_avg": 42.65,
            "equity": 1417765,
            "current_ratio": 327.74,
            "debt_ratio": 37.52,
            "inventory_turnover_ratio": 0.72,
            "account_receivable_turnover_ratio": 1.5,
            "reinvestment_rate": -21.55,
            "research_to_sale_ratio": null,
            "price_fair": 123.57,
            "eps_avg_yearly": 3.53,
            "eps_latest_yearly": 3.56,
            "eps_growth_yearly": 120.58
        },
        "20171": {
            "year_quarter": 20171,
            "year": 2017,
            "quarter": 1,
            "eps": 0.94,
            "eps_growth_year": -12.96,
            "eps_4q": 3.82,
            "eps_4q_growth_year": -10.18,
            "roe": 2.63,
            "roe_4q": 10.75,
            "gross_profit": 104504,
            "gross_margin": 37.02,
            "gross_margin_4q_avg": 35.04,
            "net_income": 37408,
            "net_income_4q": null,
            "revenue": 282289,
            "revenue_4q": null,
            "common_shares": 300000,
            "book_valuer_per_share": 42.19,
            "book_valuer_per_share_4q_avg": 42.01,
            "equity": 1421746,
            "current_ratio": 220.67,
            "debt_ratio": 36.29,
            "inventory_turnover_ratio": 0.65,
            "account_receivable_turnover_ratio": 1.35,
            "reinvestment_rate": 29.57,
            "research_to_sale_ratio": null,
            "price_fair": 124.08,
            "eps_avg_yearly": 3.55,
            "eps_latest_yearly": 3.76,
            "eps_growth_yearly": 114.45
        },
        "20172": {
            "year_quarter": 20172,
            "year": 2017,
            "quarter": 2,
            "eps": 0.99,
            "eps_growth_year": -3.88,
            "eps_4q": 3.78,
            "eps_4q_growth_year": -7.27,
            "roe": 2.87,
            "roe_4q": 11.16,
            "gross_profit": 96108,
            "gross_margin": 32.55,
            "gross_margin_4q_avg": 35.29,
            "net_income": 39741,
            "net_income_4q": null,
            "revenue": 295224,
            "revenue_4q": null,
            "common_shares": 300000,
            "book_valuer_per_share": 39.5,
            "book_valuer_per_share_4q_avg": 41.55,
            "equity": 1351054,
            "current_ratio": 193.47,
            "debt_ratio": 41.65,
            "inventory_turnover_ratio": 0.63,
            "account_receivable_turnover_ratio": 1.52,
            "reinvestment_rate": 17.79,
            "research_to_sale_ratio": null,
            "price_fair": 130.64,
            "eps_avg_yearly": 3.73,
            "eps_latest_yearly": 3.96,
            "eps_growth_yearly": 123.13
        },
        "20173": {
            "year_quarter": 20173,
            "year": 2017,
            "quarter": 3,
            "eps": 0.88,
            "eps_growth_year": -7.37,
            "eps_4q": 3.71,
            "eps_4q_growth_year": -6.15,
            "roe": 2.34,
            "roe_4q": 10.87,
            "gross_profit": 94756,
            "gross_margin": 33.8,
            "gross_margin_4q_avg": 34.65,
            "net_income": 31829,
            "net_income_4q": null,
            "revenue": 280326,
            "revenue_4q": null,
            "common_shares": 300000,
            "book_valuer_per_share": 40.35,
            "book_valuer_per_share_4q_avg": 41.1,
            "equity": 1374186,
            "current_ratio": 221.44,
            "debt_ratio": 36.02,
            "inventory_turnover_ratio": 0.54,
            "account_receivable_turnover_ratio": 1.54,
            "reinvestment_rate": 11.58,
            "research_to_sale_ratio": null,
            "price_fair": 137.03,
            "eps_avg_yearly": 3.92,
            "eps_latest_yearly": 3.52,
            "eps_growth_yearly": 129.73
        },
        "20174": {
            "year_quarter": 20174,
            "year": 2017,
            "quarter": 4,
            "eps": 0.96,
            "eps_growth_year": 7.01,
            "eps_4q": 3.77,
            "eps_4q_growth_year": -4.54,
            "roe": 2.47,
            "roe_4q": 10.31,
            "gross_profit": 75435,
            "gross_margin": 25.25,
            "gross_margin_4q_avg": 32.16,
            "net_income": 34340,
            "net_income_4q": null,
            "revenue": 298783,
            "revenue_4q": null,
            "common_shares": 300000,
            "book_valuer_per_share": 41.33,
            "book_valuer_per_share_4q_avg": 40.84,
            "equity": 1409235,
            "current_ratio": 205.19,
            "debt_ratio": 39,
            "inventory_turnover_ratio": 0.62,
            "account_receivable_turnover_ratio": 1.76,
            "reinvestment_rate": 4.2,
            "research_to_sale_ratio": null,
            "price_fair": 106.53,
            "eps_avg_yearly": 3.95,
            "eps_latest_yearly": 3.84,
            "eps_growth_yearly": 17
        },
        "20181": {
            "year_quarter": 20181,
            "year": 2018,
            "quarter": 1,
            "eps": 0.92,
            "eps_growth_year": -2.13,
            "eps_4q": 3.75,
            "eps_4q_growth_year": -1.71,
            "roe": 2.18,
            "roe_4q": 9.86,
            "gross_profit": 85429,
            "gross_margin": 28.58,
            "gross_margin_4q_avg": 30.05,
            "net_income": 31756,
            "net_income_4q": null,
            "revenue": 298925,
            "revenue_4q": null,
            "common_shares": 300000,
            "book_valuer_per_share": 44.14,
            "book_valuer_per_share_4q_avg": 41.33,
            "equity": 1499114,
            "current_ratio": 265.65,
            "debt_ratio": 28.52,
            "inventory_turnover_ratio": 0.55,
            "account_receivable_turnover_ratio": 1.54,
            "reinvestment_rate": -16.85,
            "research_to_sale_ratio": null,
            "price_fair": 106.68,
            "eps_avg_yearly": 3.97,
            "eps_latest_yearly": 3.68,
            "eps_growth_yearly": 16.86
        },
        "20182": {
            "year_quarter": 20182,
            "year": 2018,
            "quarter": 2,
            "eps": 1.07,
            "eps_growth_year": 8.08,
            "eps_4q": 3.83,
            "eps_4q_growth_year": 1.44,
            "roe": 2.63,
            "roe_4q": 9.620000000000001,
            "gross_profit": 97435,
            "gross_margin": 30.87,
            "gross_margin_4q_avg": 29.63,
            "net_income": 38001,
            "net_income_4q": null,
            "revenue": 315595,
            "revenue_4q": null,
            "common_shares": 300000,
            "book_valuer_per_share": 41.16,
            "book_valuer_per_share_4q_avg": 41.75,
            "equity": 1389249,
            "current_ratio": 244.55,
            "debt_ratio": 32.99,
            "inventory_turnover_ratio": 0.55,
            "account_receivable_turnover_ratio": 1.47,
            "reinvestment_rate": -48.16,
            "research_to_sale_ratio": null,
            "price_fair": 68.15,
            "eps_avg_yearly": 3.93,
            "eps_latest_yearly": 4.28,
            "eps_growth_yearly": 7.35
        },
        "20183": {
            "year_quarter": 20183,
            "year": 2018,
            "quarter": 3,
            "eps": 0.95,
            "eps_growth_year": 7.95,
            "eps_4q": 3.9,
            "eps_4q_growth_year": 5.27,
            "roe": 2.27,
            "roe_4q": 9.55,
            "gross_profit": 82827,
            "gross_margin": 29.01,
            "gross_margin_4q_avg": 28.43,
            "net_income": 32033,
            "net_income_4q": null,
            "revenue": 285493,
            "revenue_4q": null,
            "common_shares": 300000,
            "book_valuer_per_share": 42.52,
            "book_valuer_per_share_4q_avg": 42.29,
            "equity": 1433449,
            "current_ratio": 321.37,
            "debt_ratio": 24.75,
            "inventory_turnover_ratio": 0.54,
            "account_receivable_turnover_ratio": 1.43,
            "reinvestment_rate": -57.75,
            "research_to_sale_ratio": null,
            "price_fair": 98.5,
            "eps_avg_yearly": 3.98,
            "eps_latest_yearly": 3.8,
            "eps_growth_yearly": 14.75
        },
        "20184": {
            "year_quarter": 20184,
            "year": 2018,
            "quarter": 4,
            "eps": 0.55,
            "eps_growth_year": -42.14,
            "eps_4q": 3.5,
            "eps_4q_growth_year": -7.17,
            "roe": 1.43,
            "roe_4q": 8.51,
            "gross_profit": 70567,
            "gross_margin": 26.65,
            "gross_margin_4q_avg": 28.78,
            "net_income": 20492,
            "net_income_4q": null,
            "revenue": 264802,
            "revenue_4q": null,
            "common_shares": 300000,
            "book_valuer_per_share": 42.37,
            "book_valuer_per_share_4q_avg": 42.55,
            "equity": 1433099,
            "current_ratio": 276.3,
            "debt_ratio": 29.03,
            "inventory_turnover_ratio": 0.58,
            "account_receivable_turnover_ratio": 1.34,
            "reinvestment_rate": -64.3,
            "research_to_sale_ratio": null,
            "price_fair": 11.44,
            "eps_avg_yearly": 3.81,
            "eps_latest_yearly": 2.2,
            "eps_growth_yearly": -11.99
        },
        "20191": {
            "year_quarter": 20191,
            "year": 2019,
            "quarter": 1,
            "eps": 0.91,
            "eps_growth_year": -1.09,
            "eps_4q": 3.49,
            "eps_4q_growth_year": -7.07,
            "roe": 2.2,
            "roe_4q": 8.530000000000001,
            "gross_profit": 78222,
            "gross_margin": 26.29,
            "gross_margin_4q_avg": 28.21,
            "net_income": 32044,
            "net_income_4q": null,
            "revenue": 297552,
            "revenue_4q": null,
            "common_shares": 300000,
            "book_valuer_per_share": 43.66,
            "book_valuer_per_share_4q_avg": 42.43,
            "equity": 1476448,
            "current_ratio": 269.51,
            "debt_ratio": 33,
            "inventory_turnover_ratio": 0.74,
            "account_receivable_turnover_ratio": 1.38,
            "reinvestment_rate": -58.54,
            "research_to_sale_ratio": null,
            "price_fair": 82.34,
            "eps_avg_yearly": 3.82,
            "eps_latest_yearly": 3.64,
            "eps_growth_yearly": 11.54
        },
        "20192": {
            "year_quarter": 20192,
            "year": 2019,
            "quarter": 2,
            "eps": 1.05,
            "eps_growth_year": -1.87,
            "eps_4q": 3.46,
            "eps_4q_growth_year": -9.8,
            "roe": 2.5,
            "roe_4q": 8.4,
            "gross_profit": 94246,
            "gross_margin": 30.57,
            "gross_margin_4q_avg": 28.13,
            "net_income": 35893,
            "net_income_4q": null,
            "revenue": 308321,
            "revenue_4q": null,
            "common_shares": 300000,
            "book_valuer_per_share": 41.33,
            "book_valuer_per_share_4q_avg": 42.47,
            "equity": 1397911,
            "current_ratio": 248.15,
            "debt_ratio": 35.42,
            "inventory_turnover_ratio": 0.83,
            "account_receivable_turnover_ratio": 1.38,
            "reinvestment_rate": -69.09,
            "research_to_sale_ratio": null,
            "price_fair": 60.2,
            "eps_avg_yearly": 3.79,
            "eps_latest_yearly": 4.2,
            "eps_growth_yearly": 5.9
        },
        "20193": {
            "year_quarter": 20193,
            "year": 2019,
            "quarter": 3,
            "eps": 0.75,
            "eps_growth_year": -21.05,
            "eps_4q": 3.26,
            "eps_4q_growth_year": -16.46,
            "roe": 1.95,
            "roe_4q": 8.08,
            "gross_profit": 80306,
            "gross_margin": 29.67,
            "gross_margin_4q_avg": 28.3,
            "net_income": 27377,
            "net_income_4q": null,
            "revenue": 270692,
            "revenue_4q": null,
            "common_shares": 300000,
            "book_valuer_per_share": 41.66,
            "book_valuer_per_share_4q_avg": 42.26,
            "equity": 1413138,
            "current_ratio": 303.16,
            "debt_ratio": 29.71,
            "inventory_turnover_ratio": 0.84,
            "account_receivable_turnover_ratio": 1.26,
            "reinvestment_rate": -59.72,
            "research_to_sale_ratio": null,
            "price_fair": 41.7,
            "eps_avg_yearly": 3.7,
            "eps_latest_yearly": 3,
            "eps_growth_yearly": 1.26
        },
        "20194": {
            "year_quarter": 20194,
            "year": 2019,
            "quarter": 4,
            "eps": 1.04,
            "eps_growth_year": 88.74,
            "eps_4q": 3.75,
            "eps_4q_growth_year": 7.19,
            "roe": 2.14,
            "roe_4q": 8.79,
            "gross_profit": 81394,
            "gross_margin": 26.98,
            "gross_margin_4q_avg": 28.38,
            "net_income": 30758,
            "net_income_4q": null,
            "revenue": 301630,
            "revenue_4q": null,
            "common_shares": 300000,
            "book_valuer_per_share": 42.72,
            "book_valuer_per_share_4q_avg": 42.34,
            "equity": 1468211,
            "current_ratio": 252.29,
            "debt_ratio": 33.99,
            "inventory_turnover_ratio": 1,
            "account_receivable_turnover_ratio": 1.59,
            "reinvestment_rate": -53.95,
            "research_to_sale_ratio": null,
            "price_fair": 94.72,
            "eps_avg_yearly": 3.74,
            "eps_latest_yearly": 4.16,
            "eps_growth_yearly": 15.33
        },
        "20201": {
            "year_quarter": 20201,
            "year": 2020,
            "quarter": 1,
            "eps": 1.15,
            "eps_growth_year": 26.37,
            "eps_4q": 3.99,
            "eps_4q_growth_year": 14.49,
            "roe": 2.34,
            "roe_4q": 8.93,
            "gross_profit": 93721,
            "gross_margin": 35.25,
            "gross_margin_4q_avg": 30.62,
            "net_income": 33161,
            "net_income_4q": null,
            "revenue": 265874,
            "revenue_4q": null,
            "common_shares": 300000,
            "book_valuer_per_share": 39.39,
            "book_valuer_per_share_4q_avg": 41.28,
            "equity": 1366033,
            "current_ratio": 226.91,
            "debt_ratio": 37.73,
            "inventory_turnover_ratio": 0.77,
            "account_receivable_turnover_ratio": 1.47,
            "reinvestment_rate": -56.84,
            "research_to_sale_ratio": null,
            "price_fair": 85.04,
            "eps_avg_yearly": 3.76,
            "eps_latest_yearly": 4.6,
            "eps_growth_yearly": 12.63
        },
        "20202": {
            "year_quarter": 20202,
            "year": 2020,
            "quarter": 2,
            "eps": 0.88,
            "eps_growth_year": -16.19,
            "eps_4q": 3.83,
            "eps_4q_growth_year": 10.71,
            "roe": 1.85,
            "roe_4q": 8.28,
            "gross_profit": 69621,
            "gross_margin": 30.27,
            "gross_margin_4q_avg": 30.54,
            "net_income": 25655,
            "net_income_4q": null,
            "revenue": 229966,
            "revenue_4q": null,
            "common_shares": 300000,
            "book_valuer_per_share": 41.23,
            "book_valuer_per_share_4q_avg": 41.25,
            "equity": 1406448,
            "current_ratio": 241.89,
            "debt_ratio": 35.38,
            "inventory_turnover_ratio": 0.78,
            "account_receivable_turnover_ratio": 1.26,
            "reinvestment_rate": -52.97,
            "research_to_sale_ratio": null,
            "price_fair": 66.67,
            "eps_avg_yearly": 3.72,
            "eps_latest_yearly": 3.52,
            "eps_growth_yearly": 7.92
        },
        "20203": {
            "year_quarter": 20203,
            "year": 2020,
            "quarter": 3,
            "eps": 0.92,
            "eps_growth_year": 22.67,
            "eps_4q": 4,
            "eps_4q_growth_year": 22.73,
            "roe": 1.96,
            "roe_4q": 8.290000000000001,
            "gross_profit": 75091,
            "gross_margin": 30.47,
            "gross_margin_4q_avg": 30.74,
            "net_income": 27878,
            "net_income_4q": null,
            "revenue": 246411,
            "revenue_4q": null,
            "common_shares": 300000,
            "book_valuer_per_share": 42.24,
            "book_valuer_per_share_4q_avg": 41.4,
            "equity": 1437220,
            "current_ratio": 276.08,
            "debt_ratio": 31.7,
            "inventory_turnover_ratio": 0.97,
            "account_receivable_turnover_ratio": 1.53,
            "reinvestment_rate": -54.27,
            "research_to_sale_ratio": null,
            "price_fair": 77.96,
            "eps_avg_yearly": 3.71,
            "eps_latest_yearly": 3.68,
            "eps_growth_yearly": 11
        },
        "20204": {
            "year_quarter": 20204,
            "year": 2020,
            "quarter": 4,
            "eps": 0.91,
            "eps_growth_year": -12.85,
            "eps_4q": 3.87,
            "eps_4q_growth_year": 3.09,
            "roe": 2.07,
            "roe_4q": 8.219999999999999,
            "gross_profit": 79609,
            "gross_margin": 29.81,
            "gross_margin_4q_avg": 31.45,
            "net_income": 29948,
            "net_income_4q": null,
            "revenue": 267057,
            "revenue_4q": null,
            "common_shares": 300000,
            "book_valuer_per_share": 43.03,
            "book_valuer_per_share_4q_avg": 41.47,
            "equity": 1463197,
            "current_ratio": 276.63,
            "debt_ratio": 31.72,
            "inventory_turnover_ratio": 1.23,
            "account_receivable_turnover_ratio": 1.86,
            "reinvestment_rate": -47.35,
            "research_to_sale_ratio": null,
            "price_fair": 82.92,
            "eps_avg_yearly": 3.72,
            "eps_latest_yearly": 3.64,
            "eps_growth_yearly": 12.31
        },
        "20211": {
            "year_quarter": 20211,
            "year": 2021,
            "quarter": 1,
            "eps": 1.26,
            "eps_growth_year": 9.57,
            "eps_4q": 3.98,
            "eps_4q_growth_year": -0.28,
            "roe": 2.93,
            "roe_4q": 8.81,
            "gross_profit": 93671,
            "gross_margin": 32.57,
            "gross_margin_4q_avg": 30.78,
            "net_income": 41803,
            "net_income_4q": null,
            "revenue": 287628,
            "revenue_4q": null,
            "common_shares": 300000,
            "book_valuer_per_share": 40.52,
            "book_valuer_per_share_4q_avg": 41.76,
            "equity": 1391991,
            "current_ratio": 235.58,
            "debt_ratio": 37.36,
            "inventory_turnover_ratio": 1.27,
            "account_receivable_turnover_ratio": 2.1,
            "reinvestment_rate": -38.27,
            "research_to_sale_ratio": null,
            "price_fair": 115.89,
            "eps_avg_yearly": 3.8,
            "eps_latest_yearly": 5.04,
            "eps_growth_yearly": 20.52
        },
        "20212": {
            "year_quarter": 20212,
            "year": 2021,
            "quarter": 2,
            "eps": 0.77,
            "eps_growth_year": -12.5,
            "eps_4q": 3.86,
            "eps_4q_growth_year": 0.94,
            "roe": 1.74,
            "roe_4q": 8.7,
            "gross_profit": 77883,
            "gross_margin": 35.71,
            "gross_margin_4q_avg": 32.14,
            "net_income": 24366,
            "net_income_4q": null,
            "revenue": 218073,
            "revenue_4q": null,
            "common_shares": 300000,
            "book_valuer_per_share": 40.96,
            "book_valuer_per_share_4q_avg": 41.69,
            "equity": 1403452,
            "current_ratio": 236.97,
            "debt_ratio": 36.75,
            "inventory_turnover_ratio": 0.9,
            "account_receivable_turnover_ratio": 1.59,
            "reinvestment_rate": -35.74,
            "research_to_sale_ratio": null,
            "price_fair": 72.85,
            "eps_avg_yearly": 3.74,
            "eps_latest_yearly": 3.08,
            "eps_growth_yearly": 9.47
        },
        "20213": {
            "year_quarter": 20213,
            "year": 2021,
            "quarter": 3,
            "eps": 0.82,
            "eps_growth_year": -10.87,
            "eps_4q": 3.77,
            "eps_4q_growth_year": -5.87,
            "roe": 2.16,
            "roe_4q": 8.9,
            "gross_profit": 70150,
            "gross_margin": 31.57,
            "gross_margin_4q_avg": 32.42,
            "net_income": 30569,
            "net_income_4q": null,
            "revenue": 222177,
            "revenue_4q": null,
            "common_shares": 300000,
            "book_valuer_per_share": 41.77,
            "book_valuer_per_share_4q_avg": 41.57,
            "equity": 1433571,
            "current_ratio": 262.15,
            "debt_ratio": 33.58,
            "inventory_turnover_ratio": 1.01,
            "account_receivable_turnover_ratio": 1.59,
            "reinvestment_rate": -33.18,
            "research_to_sale_ratio": null,
            "price_fair": 88.96,
            "eps_avg_yearly": 3.73,
            "eps_latest_yearly": 3.28,
            "eps_growth_yearly": 13.87
        },
        "20214": {
            "year_quarter": 20214,
            "year": 2021,
            "quarter": 4,
            "eps": 1.25,
            "eps_growth_year": 37.49,
            "eps_4q": 4.11,
            "eps_4q_growth_year": 6.22,
            "roe": 3.09,
            "roe_4q": 9.92,
            "gross_profit": 112878,
            "gross_margin": 37.59,
            "gross_margin_4q_avg": 34.36,
            "net_income": 44951,
            "net_income_4q": null,
            "revenue": 300305,
            "revenue_4q": null,
            "common_shares": 300000,
            "book_valuer_per_share": 42.8,
            "book_valuer_per_share_4q_avg": 41.51,
            "equity": 1471923,
            "current_ratio": 249.76,
            "debt_ratio": 35.97,
            "inventory_turnover_ratio": 1.18,
            "account_receivable_turnover_ratio": 2.17,
            "reinvestment_rate": -35.06,
            "research_to_sale_ratio": null,
            "price_fair": 131.87,
            "eps_avg_yearly": 3.8,
            "eps_latest_yearly": 5,
            "eps_growth_yearly": 24.7
        },
        "20221": {
            "year_quarter": 20221,
            "year": 2022,
            "quarter": 1,
            "eps": 1.35,
            "eps_growth_year": 7.14,
            "eps_4q": 4.2,
            "eps_4q_growth_year": 5.53,
            "roe": 2.94,
            "roe_4q": 9.93,
            "gross_profit": 118948,
            "gross_margin": 38.45,
            "gross_margin_4q_avg": 35.83,
            "net_income": 42571,
            "net_income_4q": null,
            "revenue": 309385,
            "revenue_4q": null,
            "common_shares": 300000,
            "book_valuer_per_share": 41.12,
            "book_valuer_per_share_4q_avg": 41.66,
            "equity": 1423344,
            "current_ratio": 216.95,
            "debt_ratio": 40.59,
            "inventory_turnover_ratio": 1.05,
            "account_receivable_turnover_ratio": 2.16,
            "reinvestment_rate": -0.29,
            "research_to_sale_ratio": null,
            "price_fair": 136.76,
            "eps_avg_yearly": 3.91,
            "eps_latest_yearly": 5.4,
            "eps_growth_yearly": 27.75
        },
        "20222": {
            "year_quarter": 20222,
            "year": 2022,
            "quarter": 2,
            "eps": 1.05,
            "eps_growth_year": 36.36,
            "eps_4q": 4.48,
            "eps_4q_growth_year": 15.87,
            "roe": 2.1,
            "roe_4q": 10.29,
            "gross_profit": 105728,
            "gross_margin": 37.99,
            "gross_margin_4q_avg": 36.4,
            "net_income": 30100,
            "net_income_4q": null,
            "revenue": 278301,
            "revenue_4q": null,
            "common_shares": 300000,
            "book_valuer_per_share": 42.17,
            "book_valuer_per_share_4q_avg": 41.97,
            "equity": 1440613,
            "current_ratio": 204.52,
            "debt_ratio": 42.28,
            "inventory_turnover_ratio": 0.89,
            "account_receivable_turnover_ratio": 1.49,
            "reinvestment_rate": 23.28,
            "research_to_sale_ratio": null,
            "price_fair": 109.71,
            "eps_avg_yearly": 3.9,
            "eps_latest_yearly": 4.2,
            "eps_growth_yearly": 18.11
        },
        "20223": {
            "year_quarter": 20223,
            "year": 2022,
            "quarter": 3,
            "eps": 1,
            "eps_growth_year": 21.95,
            "eps_4q": 4.66,
            "eps_4q_growth_year": 23.68,
            "roe": 2.06,
            "roe_4q": 10.19,
            "gross_profit": 99971,
            "gross_margin": 31.85,
            "gross_margin_4q_avg": 36.47,
            "net_income": 30323,
            "net_income_4q": null,
            "revenue": 313857,
            "revenue_4q": null,
            "common_shares": 300000,
            "book_valuer_per_share": 44.22,
            "book_valuer_per_share_4q_avg": 42.58,
            "equity": 1502322,
            "current_ratio": 219.58,
            "debt_ratio": 40.43,
            "inventory_turnover_ratio": 1.06,
            "account_receivable_turnover_ratio": 1.36,
            "reinvestment_rate": 21.83,
            "research_to_sale_ratio": null,
            "price_fair": 116.38,
            "eps_avg_yearly": 3.92,
            "eps_latest_yearly": 4,
            "eps_growth_yearly": 19.73
        },
        "20224": {
            "year_quarter": 20224,
            "year": 2022,
            "quarter": 4,
            "eps": 1.16,
            "eps_growth_year": -6.98,
            "eps_4q": 4.57,
            "eps_4q_growth_year": 11.29,
            "roe": 2.41,
            "roe_4q": 9.51,
            "gross_profit": 127883,
            "gross_margin": 32.78,
            "gross_margin_4q_avg": 35.27,
            "net_income": 36867,
            "net_income_4q": null,
            "revenue": 390149,
            "revenue_4q": null,
            "common_shares": 300000,
            "book_valuer_per_share": 46.26,
            "book_valuer_per_share_4q_avg": 43.44,
            "equity": 1554001,
            "current_ratio": 198.19,
            "debt_ratio": 42.04,
            "inventory_turnover_ratio": 1.15,
            "account_receivable_turnover_ratio": 1.84,
            "reinvestment_rate": 34.37,
            "research_to_sale_ratio": null,
            "price_fair": 142.36,
            "eps_avg_yearly": 4.07,
            "eps_latest_yearly": 4.64,
            "eps_growth_yearly": 34.25
        },
        "20231": {
            "year_quarter": 20231,
            "year": 2023,
            "quarter": 1,
            "eps": 1.84,
            "eps_growth_year": 36.3,
            "eps_4q": 5.06,
            "eps_4q_growth_year": 20.39,
            "roe": 3.86,
            "roe_4q": 10.43,
            "gross_profit": 151149,
            "gross_margin": 38.43,
            "gross_margin_4q_avg": 35.26,
            "net_income": 60142,
            "net_income_4q": null,
            "revenue": 393281,
            "revenue_4q": null,
            "common_shares": 300000,
            "book_valuer_per_share": 46.47,
            "book_valuer_per_share_4q_avg": 44.78,
            "equity": 1565304,
            "current_ratio": 191.82,
            "debt_ratio": 42.27,
            "inventory_turnover_ratio": 1.06,
            "account_receivable_turnover_ratio": 2.2,
            "reinvestment_rate": 29.16,
            "research_to_sale_ratio": null,
            "price_fair": 150.5,
            "eps_avg_yearly": 4.3,
            "eps_latest_yearly": 7.36,
            "eps_growth_yearly": 32.54
        },
        "20232": {
            "year_quarter": 20232,
            "year": 2023,
            "quarter": 2,
            "eps": 1.86,
            "eps_growth_year": 77.14,
            "eps_4q": 5.34,
            "eps_4q_growth_year": 19.2,
            "roe": 3.96,
            "roe_4q": 12.290000000000001,
            "gross_profit": 149726,
            "gross_margin": 36.28,
            "gross_margin_4q_avg": 34.84,
            "net_income": 63261,
            "net_income_4q": null,
            "revenue": 412649,
            "revenue_4q": null,
            "common_shares": 300000,
            "book_valuer_per_share": 50.77,
            "book_valuer_per_share_4q_avg": 46.93,
            "equity": 1626649,
            "current_ratio": 185.84,
            "debt_ratio": 42.99,
            "inventory_turnover_ratio": 1.26,
            "account_receivable_turnover_ratio": 2.1,
            "reinvestment_rate": 31.37,
            "research_to_sale_ratio": null,
            "price_fair": 157.59,
            "eps_avg_yearly": 4.5,
            "eps_latest_yearly": 7.44,
            "eps_growth_yearly": 28.97
        },
        "20233": {
            "year_quarter": 20233,
            "year": 2023,
            "quarter": 3,
            "eps": 1.46,
            "eps_growth_year": 46,
            "eps_4q": 5.89,
            "eps_4q_growth_year": 26.37,
            "roe": 3.35,
            "roe_4q": 13.58,
            "gross_profit": 140581,
            "gross_margin": 37.18,
            "gross_margin_4q_avg": 36.17,
            "net_income": 54855,
            "net_income_4q": null,
            "revenue": 378074,
            "revenue_4q": null,
            "common_shares": 330000,
            "book_valuer_per_share": 46.52,
            "book_valuer_per_share_4q_avg": 47.51,
            "equity": 1645338,
            "current_ratio": 206.54,
            "debt_ratio": 42.3,
            "inventory_turnover_ratio": 1.08,
            "account_receivable_turnover_ratio": 1.66,
            "reinvestment_rate": 31.75,
            "research_to_sale_ratio": null,
            "price_fair": 163.8,
            "eps_avg_yearly": 4.68,
            "eps_latest_yearly": 5.84,
            "eps_growth_yearly": 30.74
        }
    },
    "months": {
        "2009-12": {
            "month": "2009-12",
            "price": "51.25",
            "revenue": 72315
        },
        "2010-01": {
            "month": "2010-01",
            "price": "60.22",
            "revenue": 80790
        },
        "2010-02": {
            "month": "2010-02",
            "price": "62.62",
            "revenue": 73764
        },
        "2010-03": {
            "month": "2010-03",
            "price": "61.45",
            "revenue": 67026
        },
        "2010-04": {
            "month": "2010-04",
            "price": "59.25",
            "revenue": 69212
        },
        "2010-05": {
            "month": "2010-05",
            "price": "60.40",
            "revenue": 73748
        },
        "2010-06": {
            "month": "2010-06",
            "price": "63.00",
            "revenue": 75152
        },
        "2010-07": {
            "month": "2010-07",
            "price": "66.76",
            "revenue": 91402
        },
        "2010-08": {
            "month": "2010-08",
            "price": "80.03",
            "revenue": 72748
        },
        "2010-09": {
            "month": "2010-09",
            "price": "96.94",
            "revenue": 107963
        },
        "2010-10": {
            "month": "2010-10",
            "price": "109.89",
            "revenue": 81098
        },
        "2010-11": {
            "month": "2010-11",
            "price": "114.86",
            "revenue": 57878
        },
        "2010-12": {
            "month": "2010-12",
            "price": "121.33",
            "revenue": 78453
        },
        "2011-01": {
            "month": "2011-01",
            "price": "127.05",
            "revenue": 93847
        },
        "2011-02": {
            "month": "2011-02",
            "price": "135.82",
            "revenue": 86908
        },
        "2011-03": {
            "month": "2011-03",
            "price": "145.39",
            "revenue": 92412
        },
        "2011-04": {
            "month": "2011-04",
            "price": "154.45",
            "revenue": 85632
        },
        "2011-05": {
            "month": "2011-05",
            "price": "171.67",
            "revenue": 79417
        },
        "2011-06": {
            "month": "2011-06",
            "price": "159.17",
            "revenue": 90282
        },
        "2011-07": {
            "month": "2011-07",
            "price": "157.83",
            "revenue": 93342
        },
        "2011-08": {
            "month": "2011-08",
            "price": "134.48",
            "revenue": 94314
        },
        "2011-09": {
            "month": "2011-09",
            "price": "114.77",
            "revenue": 94771
        },
        "2011-10": {
            "month": "2011-10",
            "price": "90.86",
            "revenue": 92649
        },
        "2011-11": {
            "month": "2011-11",
            "price": "95.90",
            "revenue": 83364
        },
        "2011-12": {
            "month": "2011-12",
            "price": "84.52",
            "revenue": 101641
        },
        "2012-01": {
            "month": "2012-01",
            "price": "88.61",
            "revenue": 93184
        },
        "2012-02": {
            "month": "2012-02",
            "price": "119.48",
            "revenue": 81109
        },
        "2012-03": {
            "month": "2012-03",
            "price": "114.59",
            "revenue": 92419
        },
        "2012-04": {
            "month": "2012-04",
            "price": "103.14",
            "revenue": 151401
        },
        "2012-05": {
            "month": "2012-05",
            "price": "110.59",
            "revenue": 97257
        },
        "2012-06": {
            "month": "2012-06",
            "price": "104.05",
            "revenue": 90014
        },
        "2012-07": {
            "month": "2012-07",
            "price": "107.93",
            "revenue": 69890
        },
        "2012-08": {
            "month": "2012-08",
            "price": "109.50",
            "revenue": 67713
        },
        "2012-09": {
            "month": "2012-09",
            "price": "109.32",
            "revenue": 65210
        },
        "2012-10": {
            "month": "2012-10",
            "price": "97.33",
            "revenue": 57493
        },
        "2012-11": {
            "month": "2012-11",
            "price": "81.17",
            "revenue": 41013
        },
        "2012-12": {
            "month": "2012-12",
            "price": "84.32",
            "revenue": 56648
        },
        "2013-01": {
            "month": "2013-01",
            "price": "86.12",
            "revenue": 57628
        },
        "2013-02": {
            "month": "2013-02",
            "price": "82.38",
            "revenue": 48066
        },
        "2013-03": {
            "month": "2013-03",
            "price": "82.08",
            "revenue": 51035
        },
        "2013-04": {
            "month": "2013-04",
            "price": "78.70",
            "revenue": 70172
        },
        "2013-05": {
            "month": "2013-05",
            "price": "77.29",
            "revenue": 75252
        },
        "2013-06": {
            "month": "2013-06",
            "price": "71.23",
            "revenue": 74628
        },
        "2013-07": {
            "month": "2013-07",
            "price": "69.91",
            "revenue": 85963
        },
        "2013-08": {
            "month": "2013-08",
            "price": "73.87",
            "revenue": 48834
        },
        "2013-09": {
            "month": "2013-09",
            "price": "75.84",
            "revenue": 86387
        },
        "2013-10": {
            "month": "2013-10",
            "price": "76.93",
            "revenue": 90895
        },
        "2013-11": {
            "month": "2013-11",
            "price": "70.62",
            "revenue": 96392
        },
        "2013-12": {
            "month": "2013-12",
            "price": "71.35",
            "revenue": 106499
        },
        "2014-01": {
            "month": "2014-01",
            "price": "73.37",
            "revenue": 57755
        },
        "2014-02": {
            "month": "2014-02",
            "price": "71.46",
            "revenue": 87270
        },
        "2014-03": {
            "month": "2014-03",
            "price": "71.40",
            "revenue": 119778
        },
        "2014-04": {
            "month": "2014-04",
            "price": "71.02",
            "revenue": 99330
        },
        "2014-05": {
            "month": "2014-05",
            "price": "69.51",
            "revenue": 107596
        },
        "2014-06": {
            "month": "2014-06",
            "price": "82.88",
            "revenue": 113107
        },
        "2014-07": {
            "month": "2014-07",
            "price": "108.76",
            "revenue": 118082
        },
        "2014-08": {
            "month": "2014-08",
            "price": "87.98",
            "revenue": 99369
        },
        "2014-09": {
            "month": "2014-09",
            "price": "83.42",
            "revenue": 88601
        },
        "2014-10": {
            "month": "2014-10",
            "price": "73.11",
            "revenue": 91133
        },
        "2014-11": {
            "month": "2014-11",
            "price": "69.38",
            "revenue": 97913
        },
        "2014-12": {
            "month": "2014-12",
            "price": "74.40",
            "revenue": 127461
        },
        "2015-01": {
            "month": "2015-01",
            "price": "73.42",
            "revenue": 101522
        },
        "2015-02": {
            "month": "2015-02",
            "price": "79.45",
            "revenue": 88211
        },
        "2015-03": {
            "month": "2015-03",
            "price": "79.93",
            "revenue": 116669
        },
        "2015-04": {
            "month": "2015-04",
            "price": "79.80",
            "revenue": 122407
        },
        "2015-05": {
            "month": "2015-05",
            "price": "76.72",
            "revenue": 125787
        },
        "2015-06": {
            "month": "2015-06",
            "price": "70.63",
            "revenue": 124165
        },
        "2015-07": {
            "month": "2015-07",
            "price": "70.45",
            "revenue": 113116
        },
        "2015-08": {
            "month": "2015-08",
            "price": "55.52",
            "revenue": 104071
        },
        "2015-09": {
            "month": "2015-09",
            "price": "56.57",
            "revenue": 97200
        },
        "2015-10": {
            "month": "2015-10",
            "price": "60.26",
            "revenue": 96699
        },
        "2015-11": {
            "month": "2015-11",
            "price": "65.03",
            "revenue": 98935
        },
        "2015-12": {
            "month": "2015-12",
            "price": "66.14",
            "revenue": 104608
        },
        "2016-01": {
            "month": "2016-01",
            "price": "58.45",
            "revenue": 111062
        },
        "2016-02": {
            "month": "2016-02",
            "price": "62.01",
            "revenue": 90730
        },
        "2016-03": {
            "month": "2016-03",
            "price": "64.39",
            "revenue": 110037
        },
        "2016-04": {
            "month": "2016-04",
            "price": "63.86",
            "revenue": 113557
        },
        "2016-05": {
            "month": "2016-05",
            "price": "62.49",
            "revenue": 111045
        },
        "2016-06": {
            "month": "2016-06",
            "price": "64.25",
            "revenue": 111845
        },
        "2016-07": {
            "month": "2016-07",
            "price": "65.44",
            "revenue": 100112
        },
        "2016-08": {
            "month": "2016-08",
            "price": "60.73",
            "revenue": 95379
        },
        "2016-09": {
            "month": "2016-09",
            "price": "58.02",
            "revenue": 90636
        },
        "2016-10": {
            "month": "2016-10",
            "price": "54.42",
            "revenue": 89908
        },
        "2016-11": {
            "month": "2016-11",
            "price": "51.74",
            "revenue": 91440
        },
        "2016-12": {
            "month": "2016-12",
            "price": "53.23",
            "revenue": 96807
        },
        "2017-01": {
            "month": "2017-01",
            "price": "52.96",
            "revenue": 93444
        },
        "2017-02": {
            "month": "2017-02",
            "price": "53.91",
            "revenue": 92511
        },
        "2017-03": {
            "month": "2017-03",
            "price": "56.17",
            "revenue": 95964
        },
        "2017-04": {
            "month": "2017-04",
            "price": "56.11",
            "revenue": 96171
        },
        "2017-05": {
            "month": "2017-05",
            "price": "55.62",
            "revenue": 99442
        },
        "2017-06": {
            "month": "2017-06",
            "price": "57.50",
            "revenue": 99396
        },
        "2017-07": {
            "month": "2017-07",
            "price": "57.10",
            "revenue": 97161
        },
        "2017-08": {
            "month": "2017-08",
            "price": "51.22",
            "revenue": 89137
        },
        "2017-09": {
            "month": "2017-09",
            "price": "51.13",
            "revenue": 95353
        },
        "2017-10": {
            "month": "2017-10",
            "price": "50.42",
            "revenue": 91725
        },
        "2017-11": {
            "month": "2017-11",
            "price": "51.18",
            "revenue": 100038
        },
        "2017-12": {
            "month": "2017-12",
            "price": "50.58",
            "revenue": 105523
        },
        "2018-01": {
            "month": "2018-01",
            "price": "51.22",
            "revenue": 100396
        },
        "2018-02": {
            "month": "2018-02",
            "price": "49.64",
            "revenue": 93194
        },
        "2018-03": {
            "month": "2018-03",
            "price": "54.07",
            "revenue": 105412
        },
        "2018-04": {
            "month": "2018-04",
            "price": "58.08",
            "revenue": 105627
        },
        "2018-05": {
            "month": "2018-05",
            "price": "56.98",
            "revenue": 107606
        },
        "2018-06": {
            "month": "2018-06",
            "price": "55.98",
            "revenue": 102388
        },
        "2018-07": {
            "month": "2018-07",
            "price": "54.04",
            "revenue": 96467
        },
        "2018-08": {
            "month": "2018-08",
            "price": "53.14",
            "revenue": 97686
        },
        "2018-09": {
            "month": "2018-09",
            "price": "50.33",
            "revenue": 90148
        },
        "2018-10": {
            "month": "2018-10",
            "price": "47.40",
            "revenue": 82745
        },
        "2018-11": {
            "month": "2018-11",
            "price": "46.58",
            "revenue": 86522
        },
        "2018-12": {
            "month": "2018-12",
            "price": "46.83",
            "revenue": 94679
        },
        "2019-01": {
            "month": "2019-01",
            "price": "47.71",
            "revenue": 97620
        },
        "2019-02": {
            "month": "2019-02",
            "price": "48.95",
            "revenue": 94209
        },
        "2019-03": {
            "month": "2019-03",
            "price": "50.06",
            "revenue": 105746
        },
        "2019-04": {
            "month": "2019-04",
            "price": "50.05",
            "revenue": 102615
        },
        "2019-05": {
            "month": "2019-05",
            "price": "49.30",
            "revenue": 105641
        },
        "2019-06": {
            "month": "2019-06",
            "price": "49.43",
            "revenue": 100005
        },
        "2019-07": {
            "month": "2019-07",
            "price": "51.19",
            "revenue": 90136
        },
        "2019-08": {
            "month": "2019-08",
            "price": "49.56",
            "revenue": 87310
        },
        "2019-09": {
            "month": "2019-09",
            "price": "47.99",
            "revenue": 91971
        },
        "2019-10": {
            "month": "2019-10",
            "price": "48.08",
            "revenue": 97413
        },
        "2019-11": {
            "month": "2019-11",
            "price": "49.03",
            "revenue": 99840
        },
        "2019-12": {
            "month": "2019-12",
            "price": "49.60",
            "revenue": 109098
        },
        "2020-01": {
            "month": "2020-01",
            "price": "49.79",
            "revenue": 97017
        },
        "2020-02": {
            "month": "2020-02",
            "price": "48.50",
            "revenue": 97879
        },
        "2020-03": {
            "month": "2020-03",
            "price": "45.10",
            "revenue": 70960
        },
        "2020-04": {
            "month": "2020-04",
            "price": "44.70",
            "revenue": 80237
        },
        "2020-05": {
            "month": "2020-05",
            "price": "48.18",
            "revenue": 78155
        },
        "2020-06": {
            "month": "2020-06",
            "price": "51.70",
            "revenue": 71570
        },
        "2020-07": {
            "month": "2020-07",
            "price": "52.06",
            "revenue": 73279
        },
        "2020-08": {
            "month": "2020-08",
            "price": "47.07",
            "revenue": 80060
        },
        "2020-09": {
            "month": "2020-09",
            "price": "47.83",
            "revenue": 92966
        },
        "2020-10": {
            "month": "2020-10",
            "price": "47.83",
            "revenue": 85315
        },
        "2020-11": {
            "month": "2020-11",
            "price": "48.69",
            "revenue": 90274
        },
        "2020-12": {
            "month": "2020-12",
            "price": "49.24",
            "revenue": 91256
        },
        "2021-01": {
            "month": "2021-01",
            "price": "49.03",
            "revenue": 100476
        },
        "2021-02": {
            "month": "2021-02",
            "price": "49.18",
            "revenue": 98676
        },
        "2021-03": {
            "month": "2021-03",
            "price": "51.94",
            "revenue": 88482
        },
        "2021-04": {
            "month": "2021-04",
            "price": "54.43",
            "revenue": 96343
        },
        "2021-05": {
            "month": "2021-05",
            "price": "53.41",
            "revenue": 72529
        },
        "2021-06": {
            "month": "2021-06",
            "price": "53.89",
            "revenue": 49203
        },
        "2021-07": {
            "month": "2021-07",
            "price": "54.54",
            "revenue": 60246
        },
        "2021-08": {
            "month": "2021-08",
            "price": "50.12",
            "revenue": 78641
        },
        "2021-09": {
            "month": "2021-09",
            "price": "50.03",
            "revenue": 83392
        },
        "2021-10": {
            "month": "2021-10",
            "price": "50.20",
            "revenue": 94035
        },
        "2021-11": {
            "month": "2021-11",
            "price": "51.55",
            "revenue": 101658
        },
        "2021-12": {
            "month": "2021-12",
            "price": "52.97",
            "revenue": 105634
        },
        "2022-01": {
            "month": "2022-01",
            "price": "53.07",
            "revenue": 116169
        },
        "2022-02": {
            "month": "2022-02",
            "price": "53.87",
            "revenue": 100174
        },
        "2022-03": {
            "month": "2022-03",
            "price": "55.13",
            "revenue": 93042
        },
        "2022-04": {
            "month": "2022-04",
            "price": "56.65",
            "revenue": 97231
        },
        "2022-05": {
            "month": "2022-05",
            "price": "55.89",
            "revenue": 88337
        },
        "2022-06": {
            "month": "2022-06",
            "price": "57.45",
            "revenue": 92733
        },
        "2022-07": {
            "month": "2022-07",
            "price": "55.69",
            "revenue": 96031
        },
        "2022-08": {
            "month": "2022-08",
            "price": "56.83",
            "revenue": 102162
        },
        "2022-09": {
            "month": "2022-09",
            "price": "58.15",
            "revenue": 115664
        },
        "2022-10": {
            "month": "2022-10",
            "price": "56.80",
            "revenue": 114416
        },
        "2022-11": {
            "month": "2022-11",
            "price": "58.29",
            "revenue": 136294
        },
        "2022-12": {
            "month": "2022-12",
            "price": "61.51",
            "revenue": 139439
        },
        "2023-01": {
            "month": "2023-01",
            "price": "63.85",
            "revenue": 135964
        },
        "2023-02": {
            "month": "2023-02",
            "price": "68.61",
            "revenue": 119643
        },
        "2023-03": {
            "month": "2023-03",
            "price": "73.07",
            "revenue": 137674
        },
        "2023-04": {
            "month": "2023-04",
            "price": "78.58",
            "revenue": 142728
        },
        "2023-05": {
            "month": "2023-05",
            "price": "101.29",
            "revenue": 138407
        },
        "2023-06": {
            "month": "2023-06",
            "price": "112.80",
            "revenue": 131514
        },
        "2023-07": {
            "month": "2023-07",
            "price": "133.76",
            "revenue": 120447
        },
        "2023-08": {
            "month": "2023-08",
            "price": "110.55",
            "revenue": 130491
        },
        "2023-09": {
            "month": "2023-09",
            "price": "101.96",
            "revenue": 127136
        },
        "2023-10": {
            "month": "2023-10",
            "price": "102.02",
            "revenue": 126090
        },
        "2023-11": {
            "month": "2023-11",
            "price": "100.20",
            "revenue": 143597
        },
        "2023-12": {
            "month": "2023-12",
            "price": "108.17",
            "revenue": 139811
        }
    }
}
