{
    "summary": {
        "stock_name": "馬光-KY",
        "stock_id": "4139",
        "category": "生技醫療",
        "main_business": "連鎖社區醫療<br>連鎖中醫<br>中藥材、醫療培訓及教育",
        "website_url": "https://mk-healthcare.com/",
        "ceo": "黃傳勝",
        "pe_ratio": -32,
        "report_year_from": 2008,
        "report_year_to": 2023,
        "age": 16,
        "eps_negative_percentage": 36,
        "eps_growth_avg": {
            "last_all": -27.97,
            "last_2y": -74.44,
            "last_4y": -9.27,
            "last_8y": -29.73,
            "last_12y": -27.97,
            "last_16y": null,
            "last_20y": null,
            "at_2006_last_3y": null,
            "at_2007_last_3y": null,
            "at_2008_last_3y": null,
            "at_2009_last_3y": null,
            "at_2010_last_3y": null,
            "at_2011_last_3y": null,
            "at_2012_last_3y": null,
            "at_2013_last_3y": null,
            "at_2014_last_3y": -24.47,
            "at_2015_last_3y": -69.57,
            "at_2016_last_3y": -100,
            "at_2017_last_3y": -100,
            "at_2018_last_3y": -70.64,
            "at_2019_last_3y": 29.36,
            "at_2020_last_3y": 23.51,
            "at_2021_last_3y": 5.41,
            "at_2022_last_3y": -9.27,
            "at_2023_last_3y": -45.7,
            "at_2024_last_3y": -45.7,
            "at_2006_last_all": null,
            "at_2007_last_all": null,
            "at_2008_last_all": null,
            "at_2009_last_all": null,
            "at_2010_last_all": null,
            "at_2011_last_all": null,
            "at_2012_last_all": 13.3,
            "at_2013_last_all": -24.47,
            "at_2014_last_all": -24.47,
            "at_2015_last_all": -43.35,
            "at_2016_last_all": -43.35,
            "at_2017_last_all": -43.35,
            "at_2018_last_all": -42.94,
            "at_2019_last_all": -19.11,
            "at_2020_last_all": -14.7,
            "at_2021_last_all": -18.97,
            "at_2022_last_all": -27.97,
            "at_2023_last_all": -27.97,
            "at_2024_last_all": -27.97
        },
        "latest_eps": -1,
        "latest_price": 32,
        "latest_roe": -8.28,
        "latest_gross_margin": 11.52,
        "latest_equity": 468983,
        "latest_revenue": 328007,
        "latest_gross_profit": 37791,
        "latest_net_income": -22115,
        "latest_debt_ratio": 70.13,
        "latest_current_ratio": 71.72,
        "latest_account_receivable_turnover_ratio": 2.04,
        "latest_inventory_turnover_ratio": 5.06,
        "latest_reinvestment_rate": 271.31,
        "latest_research_to_sale_ratio": null
    },
    "eps_dividends": {
        "2001": {
            "cash": 0,
            "stock": 0,
            "eps": 0
        },
        "2002": {
            "cash": 0,
            "stock": 0,
            "eps": 0
        },
        "2003": {
            "cash": 0,
            "stock": 0,
            "eps": 0
        },
        "2004": {
            "cash": 0,
            "stock": 0,
            "eps": 0
        },
        "2005": {
            "cash": 0,
            "stock": 0,
            "eps": 0
        },
        "2006": {
            "cash": 0,
            "stock": 0,
            "eps": 0
        },
        "2007": {
            "cash": 0,
            "stock": 0,
            "eps": 0
        },
        "2008": {
            "cash": 0,
            "stock": 0,
            "eps": 0
        },
        "2009": {
            "cash": 0,
            "stock": 0,
            "eps": 0
        },
        "2010": {
            "cash": 0,
            "stock": 0,
            "eps": 1.36
        },
        "2011": {
            "cash": 0,
            "stock": 0.89,
            "eps": 1.84
        },
        "2012": {
            "cash": 0,
            "stock": 1.25,
            "eps": 1.68
        },
        "2013": {
            "cash": 0,
            "stock": 2.56,
            "eps": -0.07
        },
        "2014": {
            "cash": 0,
            "stock": 1.16,
            "eps": 0.32
        },
        "2015": {
            "cash": 0,
            "stock": 1,
            "eps": -1.76
        },
        "2016": {
            "cash": 0,
            "stock": 1,
            "eps": -1.67
        },
        "2017": {
            "cash": 0,
            "stock": 0,
            "eps": 1.09
        },
        "2018": {
            "cash": 0,
            "stock": 1,
            "eps": 0.64
        },
        "2019": {
            "cash": 0,
            "stock": 0,
            "eps": 1.61
        },
        "2020": {
            "cash": 1.26,
            "stock": 0.14,
            "eps": 1.8
        },
        "2021": {
            "cash": 1.6,
            "stock": 0,
            "eps": 0.92
        },
        "2022": {
            "cash": 0,
            "stock": 0,
            "eps": -0.73
        },
        "2023": {
            "cash": 0,
            "stock": 0,
            "eps": -0.99
        }
    },
    "dividends": {
        "2011-02-14": {
            "cash": 0,
            "stock": 0.89
        },
        "2012-06-26": {
            "cash": 0,
            "stock": 1.25
        },
        "2013-06-20": {
            "cash": 0,
            "stock": 2.56
        },
        "2014-06-25": {
            "cash": 0,
            "stock": 1.16
        },
        "2015-04-08": {
            "cash": 0,
            "stock": 1
        },
        "2016-03-28": {
            "cash": 0,
            "stock": 1
        },
        "2018-03-26": {
            "cash": 0,
            "stock": 1
        },
        "2020-08-21": {
            "cash": 1.26,
            "stock": 0.14
        },
        "2021-09-23": {
            "cash": 1.6,
            "stock": 0
        }
    },
    "prices": {
        "200101": "無",
        "200102": "無",
        "200103": "無",
        "200104": "無",
        "200105": "無",
        "200106": "無",
        "200107": "無",
        "200108": "無",
        "200109": "無",
        "200110": "無",
        "200111": "無",
        "200112": "無",
        "200201": "無",
        "200202": "無",
        "200203": "無",
        "200204": "無",
        "200205": "無",
        "200206": "無",
        "200207": "無",
        "200208": "無",
        "200209": "無",
        "200210": "無",
        "200211": "無",
        "200212": "無",
        "200301": "無",
        "200302": "無",
        "200303": "無",
        "200304": "無",
        "200305": "無",
        "200306": "無",
        "200307": "無",
        "200308": "無",
        "200309": "無",
        "200310": "無",
        "200311": "無",
        "200312": "無",
        "200401": "無",
        "200402": "無",
        "200403": "無",
        "200404": "無",
        "200405": "無",
        "200406": "無",
        "200407": "無",
        "200408": "無",
        "200409": "無",
        "200410": "無",
        "200411": "無",
        "200412": "無",
        "200501": "無",
        "200502": "無",
        "200503": "無",
        "200504": "無",
        "200505": "無",
        "200506": "無",
        "200507": "無",
        "200508": "無",
        "200509": "無",
        "200510": "無",
        "200511": "無",
        "200512": "無",
        "200601": "無",
        "200602": "無",
        "200603": "無",
        "200604": "無",
        "200605": "無",
        "200606": "無",
        "200607": "無",
        "200608": "無",
        "200609": "無",
        "200610": "無",
        "200611": "無",
        "200612": "無",
        "200701": "無",
        "200702": "無",
        "200703": "無",
        "200704": "無",
        "200705": "無",
        "200706": "無",
        "200707": "無",
        "200708": "無",
        "200709": "無",
        "200710": "無",
        "200711": "無",
        "200712": "無",
        "200801": "無",
        "200802": "無",
        "200803": "無",
        "200804": "無",
        "200805": "無",
        "200806": "無",
        "200807": "無",
        "200808": "無",
        "200809": "無",
        "200810": "無",
        "200811": "無",
        "200812": "無",
        "200901": "無",
        "200902": "無",
        "200903": "無",
        "200904": "無",
        "200905": "無",
        "200906": "無",
        "200907": "無",
        "200908": "無",
        "200909": "無",
        "200910": "112.39",
        "200911": "105.75",
        "200912": "99.06",
        "201001": "101.32",
        "201002": "93.80",
        "201003": "84.68",
        "201004": "84.08",
        "201005": "86.63",
        "201006": "90.58",
        "201007": "91.54",
        "201008": "94.46",
        "201009": "99.07",
        "201010": "99.66",
        "201011": "90.06",
        "201012": "89.49",
        "201101": "90.36",
        "201102": "85.39",
        "201103": "83.80",
        "201104": "68.00",
        "201105": "82.21",
        "201106": "88.42",
        "201107": "87.00",
        "201108": "88.91",
        "201109": "83.08",
        "201110": "78.38",
        "201111": "78.10",
        "201112": "73.23",
        "201201": "75.63",
        "201202": "80.20",
        "201203": "75.36",
        "201204": "72.52",
        "201205": "72.91",
        "201206": "74.75",
        "201207": "80.87",
        "201208": "79.58",
        "201209": "78.49",
        "201210": "84.82",
        "201211": "107.50",
        "201212": "105.69",
        "201301": "112.25",
        "201302": "110.42",
        "201303": "103.26",
        "201304": "100.14",
        "201305": "98.71",
        "201306": "97.73",
        "201307": "80.01",
        "201308": "71.41",
        "201309": "79.40",
        "201310": "72.50",
        "201311": "74.64",
        "201312": "75.75",
        "201401": "81.36",
        "201402": "91.46",
        "201403": "96.88",
        "201404": "93.72",
        "201405": "92.12",
        "201406": "90.99",
        "201407": "85.04",
        "201408": "80.95",
        "201409": "80.68",
        "201410": "77.74",
        "201411": "75.98",
        "201412": "75.21",
        "201501": "75.48",
        "201502": "75.46",
        "201503": "77.57",
        "201504": "79.91",
        "201505": "74.80",
        "201506": "70.63",
        "201507": "66.60",
        "201508": "68.62",
        "201509": "69.30",
        "201510": "75.74",
        "201511": "73.93",
        "201512": "69.46",
        "201601": "63.33",
        "201602": "62.72",
        "201603": "60.96",
        "201604": "60.01",
        "201605": "57.64",
        "201606": "54.39",
        "201607": "47.00",
        "201608": "44.57",
        "201609": "39.06",
        "201610": "40.45",
        "201611": "37.19",
        "201612": "33.04",
        "201701": "29.51",
        "201702": "31.06",
        "201703": "40.19",
        "201704": "38.29",
        "201705": "48.83",
        "201706": "57.71",
        "201707": "59.59",
        "201708": "55.21",
        "201709": "53.49",
        "201710": "53.29",
        "201711": "52.76",
        "201712": "55.16",
        "201801": "66.09",
        "201802": "69.45",
        "201803": "66.65",
        "201804": "73.10",
        "201805": "71.91",
        "201806": "69.40",
        "201807": "61.84",
        "201808": "54.67",
        "201809": "53.82",
        "201810": "50.44",
        "201811": "49.92",
        "201812": "49.82",
        "201901": "44.43",
        "201902": "42.90",
        "201903": "41.68",
        "201904": "40.76",
        "201905": "42.79",
        "201906": "41.52",
        "201907": "40.62",
        "201908": "39.43",
        "201909": "39.43",
        "201910": "40.81",
        "201911": "40.39",
        "201912": "40.15",
        "202001": "39.47",
        "202002": "38.07",
        "202003": "33.99",
        "202004": "39.10",
        "202005": "44.05",
        "202006": "58.46",
        "202007": "51.66",
        "202008": "52.90",
        "202009": "56.07",
        "202010": "54.19",
        "202011": "54.70",
        "202012": "56.97",
        "202101": "59.52",
        "202102": "56.27",
        "202103": "54.51",
        "202104": "56.55",
        "202105": "54.30",
        "202106": "53.21",
        "202107": "52.94",
        "202108": "52.20",
        "202109": "49.54",
        "202110": "48.62",
        "202111": "46.88",
        "202112": "44.13",
        "202201": "42.85",
        "202202": "41.62",
        "202203": "44.72",
        "202204": "44.54",
        "202205": "44.09",
        "202206": "43.99",
        "202207": "45.90",
        "202208": "49.92",
        "202209": "52.83",
        "202210": "48.26",
        "202211": "45.84",
        "202212": "43.43",
        "202301": "40.83",
        "202302": "39.38",
        "202303": "38.49",
        "202304": "37.59",
        "202305": "37.49",
        "202306": "36.72",
        "202307": "34.31",
        "202308": "36.96",
        "202309": "41.82",
        "202310": "39.75",
        "202311": "38.08",
        "202312": "34.94"
    },
    "quarters": {
        "20011": {
            "year_quarter": 20011,
            "year": 2001,
            "quarter": 1,
            "eps": null,
            "eps_growth_year": null,
            "eps_4q": null,
            "eps_4q_growth_year": null,
            "roe": null,
            "roe_4q": 0,
            "gross_profit": null,
            "gross_margin": null,
            "gross_margin_4q_avg": 0,
            "net_income": null,
            "net_income_4q": null,
            "revenue": null,
            "revenue_4q": null,
            "common_shares": null,
            "book_valuer_per_share": null,
            "book_valuer_per_share_4q_avg": 0,
            "equity": null,
            "current_ratio": null,
            "debt_ratio": null,
            "inventory_turnover_ratio": null,
            "account_receivable_turnover_ratio": null,
            "reinvestment_rate": null,
            "research_to_sale_ratio": null,
            "price_fair": 0,
            "eps_avg_yearly": 0,
            "eps_latest_yearly": 0,
            "eps_growth_yearly": 0
        },
        "20012": {
            "year_quarter": 20012,
            "year": 2001,
            "quarter": 2,
            "eps": null,
            "eps_growth_year": null,
            "eps_4q": null,
            "eps_4q_growth_year": null,
            "roe": null,
            "roe_4q": 0,
            "gross_profit": null,
            "gross_margin": null,
            "gross_margin_4q_avg": 0,
            "net_income": null,
            "net_income_4q": null,
            "revenue": null,
            "revenue_4q": null,
            "common_shares": null,
            "book_valuer_per_share": null,
            "book_valuer_per_share_4q_avg": 0,
            "equity": null,
            "current_ratio": null,
            "debt_ratio": null,
            "inventory_turnover_ratio": null,
            "account_receivable_turnover_ratio": null,
            "reinvestment_rate": null,
            "research_to_sale_ratio": null,
            "price_fair": 0,
            "eps_avg_yearly": 0,
            "eps_latest_yearly": 0,
            "eps_growth_yearly": 0
        },
        "20013": {
            "year_quarter": 20013,
            "year": 2001,
            "quarter": 3,
            "eps": null,
            "eps_growth_year": null,
            "eps_4q": null,
            "eps_4q_growth_year": null,
            "roe": null,
            "roe_4q": 0,
            "gross_profit": null,
            "gross_margin": null,
            "gross_margin_4q_avg": 0,
            "net_income": null,
            "net_income_4q": null,
            "revenue": null,
            "revenue_4q": null,
            "common_shares": null,
            "book_valuer_per_share": null,
            "book_valuer_per_share_4q_avg": 0,
            "equity": null,
            "current_ratio": null,
            "debt_ratio": null,
            "inventory_turnover_ratio": null,
            "account_receivable_turnover_ratio": null,
            "reinvestment_rate": null,
            "research_to_sale_ratio": null,
            "price_fair": 0,
            "eps_avg_yearly": 0,
            "eps_latest_yearly": 0,
            "eps_growth_yearly": 0
        },
        "20014": {
            "year_quarter": 20014,
            "year": 2001,
            "quarter": 4,
            "eps": null,
            "eps_growth_year": null,
            "eps_4q": null,
            "eps_4q_growth_year": null,
            "roe": null,
            "roe_4q": 0,
            "gross_profit": null,
            "gross_margin": null,
            "gross_margin_4q_avg": 0,
            "net_income": null,
            "net_income_4q": null,
            "revenue": null,
            "revenue_4q": null,
            "common_shares": null,
            "book_valuer_per_share": null,
            "book_valuer_per_share_4q_avg": 0,
            "equity": null,
            "current_ratio": null,
            "debt_ratio": null,
            "inventory_turnover_ratio": null,
            "account_receivable_turnover_ratio": null,
            "reinvestment_rate": null,
            "research_to_sale_ratio": null,
            "price_fair": 0,
            "eps_avg_yearly": 0,
            "eps_latest_yearly": 0,
            "eps_growth_yearly": 0
        },
        "20021": {
            "year_quarter": 20021,
            "year": 2002,
            "quarter": 1,
            "eps": null,
            "eps_growth_year": null,
            "eps_4q": null,
            "eps_4q_growth_year": null,
            "roe": null,
            "roe_4q": 0,
            "gross_profit": null,
            "gross_margin": null,
            "gross_margin_4q_avg": 0,
            "net_income": null,
            "net_income_4q": null,
            "revenue": null,
            "revenue_4q": null,
            "common_shares": null,
            "book_valuer_per_share": null,
            "book_valuer_per_share_4q_avg": 0,
            "equity": null,
            "current_ratio": null,
            "debt_ratio": null,
            "inventory_turnover_ratio": null,
            "account_receivable_turnover_ratio": null,
            "reinvestment_rate": null,
            "research_to_sale_ratio": null,
            "price_fair": 0,
            "eps_avg_yearly": 0,
            "eps_latest_yearly": 0,
            "eps_growth_yearly": 0
        },
        "20022": {
            "year_quarter": 20022,
            "year": 2002,
            "quarter": 2,
            "eps": null,
            "eps_growth_year": null,
            "eps_4q": null,
            "eps_4q_growth_year": null,
            "roe": null,
            "roe_4q": 0,
            "gross_profit": null,
            "gross_margin": null,
            "gross_margin_4q_avg": 0,
            "net_income": null,
            "net_income_4q": null,
            "revenue": null,
            "revenue_4q": null,
            "common_shares": null,
            "book_valuer_per_share": null,
            "book_valuer_per_share_4q_avg": 0,
            "equity": null,
            "current_ratio": null,
            "debt_ratio": null,
            "inventory_turnover_ratio": null,
            "account_receivable_turnover_ratio": null,
            "reinvestment_rate": null,
            "research_to_sale_ratio": null,
            "price_fair": 0,
            "eps_avg_yearly": 0,
            "eps_latest_yearly": 0,
            "eps_growth_yearly": 0
        },
        "20023": {
            "year_quarter": 20023,
            "year": 2002,
            "quarter": 3,
            "eps": null,
            "eps_growth_year": null,
            "eps_4q": null,
            "eps_4q_growth_year": null,
            "roe": null,
            "roe_4q": 0,
            "gross_profit": null,
            "gross_margin": null,
            "gross_margin_4q_avg": 0,
            "net_income": null,
            "net_income_4q": null,
            "revenue": null,
            "revenue_4q": null,
            "common_shares": null,
            "book_valuer_per_share": null,
            "book_valuer_per_share_4q_avg": 0,
            "equity": null,
            "current_ratio": null,
            "debt_ratio": null,
            "inventory_turnover_ratio": null,
            "account_receivable_turnover_ratio": null,
            "reinvestment_rate": null,
            "research_to_sale_ratio": null,
            "price_fair": 0,
            "eps_avg_yearly": 0,
            "eps_latest_yearly": 0,
            "eps_growth_yearly": 0
        },
        "20024": {
            "year_quarter": 20024,
            "year": 2002,
            "quarter": 4,
            "eps": null,
            "eps_growth_year": null,
            "eps_4q": null,
            "eps_4q_growth_year": null,
            "roe": null,
            "roe_4q": 0,
            "gross_profit": null,
            "gross_margin": null,
            "gross_margin_4q_avg": 0,
            "net_income": null,
            "net_income_4q": null,
            "revenue": null,
            "revenue_4q": null,
            "common_shares": null,
            "book_valuer_per_share": null,
            "book_valuer_per_share_4q_avg": 0,
            "equity": null,
            "current_ratio": null,
            "debt_ratio": null,
            "inventory_turnover_ratio": null,
            "account_receivable_turnover_ratio": null,
            "reinvestment_rate": null,
            "research_to_sale_ratio": null,
            "price_fair": 0,
            "eps_avg_yearly": 0,
            "eps_latest_yearly": 0,
            "eps_growth_yearly": 0
        },
        "20031": {
            "year_quarter": 20031,
            "year": 2003,
            "quarter": 1,
            "eps": null,
            "eps_growth_year": null,
            "eps_4q": null,
            "eps_4q_growth_year": null,
            "roe": null,
            "roe_4q": 0,
            "gross_profit": null,
            "gross_margin": null,
            "gross_margin_4q_avg": 0,
            "net_income": null,
            "net_income_4q": null,
            "revenue": null,
            "revenue_4q": null,
            "common_shares": null,
            "book_valuer_per_share": null,
            "book_valuer_per_share_4q_avg": 0,
            "equity": null,
            "current_ratio": null,
            "debt_ratio": null,
            "inventory_turnover_ratio": null,
            "account_receivable_turnover_ratio": null,
            "reinvestment_rate": null,
            "research_to_sale_ratio": null,
            "price_fair": 0,
            "eps_avg_yearly": 0,
            "eps_latest_yearly": 0,
            "eps_growth_yearly": 0
        },
        "20032": {
            "year_quarter": 20032,
            "year": 2003,
            "quarter": 2,
            "eps": null,
            "eps_growth_year": null,
            "eps_4q": null,
            "eps_4q_growth_year": null,
            "roe": null,
            "roe_4q": 0,
            "gross_profit": null,
            "gross_margin": null,
            "gross_margin_4q_avg": 0,
            "net_income": null,
            "net_income_4q": null,
            "revenue": null,
            "revenue_4q": null,
            "common_shares": null,
            "book_valuer_per_share": null,
            "book_valuer_per_share_4q_avg": 0,
            "equity": null,
            "current_ratio": null,
            "debt_ratio": null,
            "inventory_turnover_ratio": null,
            "account_receivable_turnover_ratio": null,
            "reinvestment_rate": null,
            "research_to_sale_ratio": null,
            "price_fair": 0,
            "eps_avg_yearly": 0,
            "eps_latest_yearly": 0,
            "eps_growth_yearly": 0
        },
        "20033": {
            "year_quarter": 20033,
            "year": 2003,
            "quarter": 3,
            "eps": null,
            "eps_growth_year": null,
            "eps_4q": null,
            "eps_4q_growth_year": null,
            "roe": null,
            "roe_4q": 0,
            "gross_profit": null,
            "gross_margin": null,
            "gross_margin_4q_avg": 0,
            "net_income": null,
            "net_income_4q": null,
            "revenue": null,
            "revenue_4q": null,
            "common_shares": null,
            "book_valuer_per_share": null,
            "book_valuer_per_share_4q_avg": 0,
            "equity": null,
            "current_ratio": null,
            "debt_ratio": null,
            "inventory_turnover_ratio": null,
            "account_receivable_turnover_ratio": null,
            "reinvestment_rate": null,
            "research_to_sale_ratio": null,
            "price_fair": 0,
            "eps_avg_yearly": 0,
            "eps_latest_yearly": 0,
            "eps_growth_yearly": 0
        },
        "20034": {
            "year_quarter": 20034,
            "year": 2003,
            "quarter": 4,
            "eps": null,
            "eps_growth_year": null,
            "eps_4q": null,
            "eps_4q_growth_year": null,
            "roe": null,
            "roe_4q": 0,
            "gross_profit": null,
            "gross_margin": null,
            "gross_margin_4q_avg": 0,
            "net_income": null,
            "net_income_4q": null,
            "revenue": null,
            "revenue_4q": null,
            "common_shares": null,
            "book_valuer_per_share": null,
            "book_valuer_per_share_4q_avg": 0,
            "equity": null,
            "current_ratio": null,
            "debt_ratio": null,
            "inventory_turnover_ratio": null,
            "account_receivable_turnover_ratio": null,
            "reinvestment_rate": null,
            "research_to_sale_ratio": null,
            "price_fair": 0,
            "eps_avg_yearly": 0,
            "eps_latest_yearly": 0,
            "eps_growth_yearly": 0
        },
        "20041": {
            "year_quarter": 20041,
            "year": 2004,
            "quarter": 1,
            "eps": null,
            "eps_growth_year": null,
            "eps_4q": null,
            "eps_4q_growth_year": null,
            "roe": null,
            "roe_4q": 0,
            "gross_profit": null,
            "gross_margin": null,
            "gross_margin_4q_avg": 0,
            "net_income": null,
            "net_income_4q": null,
            "revenue": null,
            "revenue_4q": null,
            "common_shares": null,
            "book_valuer_per_share": null,
            "book_valuer_per_share_4q_avg": 0,
            "equity": null,
            "current_ratio": null,
            "debt_ratio": null,
            "inventory_turnover_ratio": null,
            "account_receivable_turnover_ratio": null,
            "reinvestment_rate": null,
            "research_to_sale_ratio": null,
            "price_fair": 0,
            "eps_avg_yearly": 0,
            "eps_latest_yearly": 0,
            "eps_growth_yearly": 0
        },
        "20042": {
            "year_quarter": 20042,
            "year": 2004,
            "quarter": 2,
            "eps": null,
            "eps_growth_year": null,
            "eps_4q": null,
            "eps_4q_growth_year": null,
            "roe": null,
            "roe_4q": 0,
            "gross_profit": null,
            "gross_margin": null,
            "gross_margin_4q_avg": 0,
            "net_income": null,
            "net_income_4q": null,
            "revenue": null,
            "revenue_4q": null,
            "common_shares": null,
            "book_valuer_per_share": null,
            "book_valuer_per_share_4q_avg": 0,
            "equity": null,
            "current_ratio": null,
            "debt_ratio": null,
            "inventory_turnover_ratio": null,
            "account_receivable_turnover_ratio": null,
            "reinvestment_rate": null,
            "research_to_sale_ratio": null,
            "price_fair": 0,
            "eps_avg_yearly": 0,
            "eps_latest_yearly": 0,
            "eps_growth_yearly": 0
        },
        "20043": {
            "year_quarter": 20043,
            "year": 2004,
            "quarter": 3,
            "eps": null,
            "eps_growth_year": null,
            "eps_4q": null,
            "eps_4q_growth_year": null,
            "roe": null,
            "roe_4q": 0,
            "gross_profit": null,
            "gross_margin": null,
            "gross_margin_4q_avg": 0,
            "net_income": null,
            "net_income_4q": null,
            "revenue": null,
            "revenue_4q": null,
            "common_shares": null,
            "book_valuer_per_share": null,
            "book_valuer_per_share_4q_avg": 0,
            "equity": null,
            "current_ratio": null,
            "debt_ratio": null,
            "inventory_turnover_ratio": null,
            "account_receivable_turnover_ratio": null,
            "reinvestment_rate": null,
            "research_to_sale_ratio": null,
            "price_fair": 0,
            "eps_avg_yearly": 0,
            "eps_latest_yearly": 0,
            "eps_growth_yearly": 0
        },
        "20044": {
            "year_quarter": 20044,
            "year": 2004,
            "quarter": 4,
            "eps": null,
            "eps_growth_year": null,
            "eps_4q": null,
            "eps_4q_growth_year": null,
            "roe": null,
            "roe_4q": 0,
            "gross_profit": null,
            "gross_margin": null,
            "gross_margin_4q_avg": 0,
            "net_income": null,
            "net_income_4q": null,
            "revenue": null,
            "revenue_4q": null,
            "common_shares": null,
            "book_valuer_per_share": null,
            "book_valuer_per_share_4q_avg": 0,
            "equity": null,
            "current_ratio": null,
            "debt_ratio": null,
            "inventory_turnover_ratio": null,
            "account_receivable_turnover_ratio": null,
            "reinvestment_rate": null,
            "research_to_sale_ratio": null,
            "price_fair": 0,
            "eps_avg_yearly": 0,
            "eps_latest_yearly": 0,
            "eps_growth_yearly": 0
        },
        "20051": {
            "year_quarter": 20051,
            "year": 2005,
            "quarter": 1,
            "eps": null,
            "eps_growth_year": null,
            "eps_4q": null,
            "eps_4q_growth_year": null,
            "roe": null,
            "roe_4q": 0,
            "gross_profit": null,
            "gross_margin": null,
            "gross_margin_4q_avg": 0,
            "net_income": null,
            "net_income_4q": null,
            "revenue": null,
            "revenue_4q": null,
            "common_shares": null,
            "book_valuer_per_share": null,
            "book_valuer_per_share_4q_avg": 0,
            "equity": null,
            "current_ratio": null,
            "debt_ratio": null,
            "inventory_turnover_ratio": null,
            "account_receivable_turnover_ratio": null,
            "reinvestment_rate": null,
            "research_to_sale_ratio": null,
            "price_fair": 0,
            "eps_avg_yearly": 0,
            "eps_latest_yearly": 0,
            "eps_growth_yearly": 0
        },
        "20052": {
            "year_quarter": 20052,
            "year": 2005,
            "quarter": 2,
            "eps": null,
            "eps_growth_year": null,
            "eps_4q": null,
            "eps_4q_growth_year": null,
            "roe": null,
            "roe_4q": 0,
            "gross_profit": null,
            "gross_margin": null,
            "gross_margin_4q_avg": 0,
            "net_income": null,
            "net_income_4q": null,
            "revenue": null,
            "revenue_4q": null,
            "common_shares": null,
            "book_valuer_per_share": null,
            "book_valuer_per_share_4q_avg": 0,
            "equity": null,
            "current_ratio": null,
            "debt_ratio": null,
            "inventory_turnover_ratio": null,
            "account_receivable_turnover_ratio": null,
            "reinvestment_rate": null,
            "research_to_sale_ratio": null,
            "price_fair": 0,
            "eps_avg_yearly": 0,
            "eps_latest_yearly": 0,
            "eps_growth_yearly": 0
        },
        "20053": {
            "year_quarter": 20053,
            "year": 2005,
            "quarter": 3,
            "eps": null,
            "eps_growth_year": null,
            "eps_4q": null,
            "eps_4q_growth_year": null,
            "roe": null,
            "roe_4q": 0,
            "gross_profit": null,
            "gross_margin": null,
            "gross_margin_4q_avg": 0,
            "net_income": null,
            "net_income_4q": null,
            "revenue": null,
            "revenue_4q": null,
            "common_shares": null,
            "book_valuer_per_share": null,
            "book_valuer_per_share_4q_avg": 0,
            "equity": null,
            "current_ratio": null,
            "debt_ratio": null,
            "inventory_turnover_ratio": null,
            "account_receivable_turnover_ratio": null,
            "reinvestment_rate": null,
            "research_to_sale_ratio": null,
            "price_fair": 0,
            "eps_avg_yearly": 0,
            "eps_latest_yearly": 0,
            "eps_growth_yearly": 0
        },
        "20054": {
            "year_quarter": 20054,
            "year": 2005,
            "quarter": 4,
            "eps": null,
            "eps_growth_year": null,
            "eps_4q": null,
            "eps_4q_growth_year": null,
            "roe": null,
            "roe_4q": 0,
            "gross_profit": null,
            "gross_margin": null,
            "gross_margin_4q_avg": 0,
            "net_income": null,
            "net_income_4q": null,
            "revenue": null,
            "revenue_4q": null,
            "common_shares": null,
            "book_valuer_per_share": null,
            "book_valuer_per_share_4q_avg": 0,
            "equity": null,
            "current_ratio": null,
            "debt_ratio": null,
            "inventory_turnover_ratio": null,
            "account_receivable_turnover_ratio": null,
            "reinvestment_rate": null,
            "research_to_sale_ratio": null,
            "price_fair": 0,
            "eps_avg_yearly": 0,
            "eps_latest_yearly": 0,
            "eps_growth_yearly": 0
        },
        "20061": {
            "year_quarter": 20061,
            "year": 2006,
            "quarter": 1,
            "eps": null,
            "eps_growth_year": null,
            "eps_4q": null,
            "eps_4q_growth_year": null,
            "roe": null,
            "roe_4q": 0,
            "gross_profit": null,
            "gross_margin": null,
            "gross_margin_4q_avg": 0,
            "net_income": null,
            "net_income_4q": null,
            "revenue": null,
            "revenue_4q": null,
            "common_shares": null,
            "book_valuer_per_share": null,
            "book_valuer_per_share_4q_avg": 0,
            "equity": null,
            "current_ratio": null,
            "debt_ratio": null,
            "inventory_turnover_ratio": null,
            "account_receivable_turnover_ratio": null,
            "reinvestment_rate": null,
            "research_to_sale_ratio": null,
            "price_fair": 0,
            "eps_avg_yearly": 0,
            "eps_latest_yearly": 0,
            "eps_growth_yearly": 0
        },
        "20062": {
            "year_quarter": 20062,
            "year": 2006,
            "quarter": 2,
            "eps": null,
            "eps_growth_year": null,
            "eps_4q": null,
            "eps_4q_growth_year": null,
            "roe": null,
            "roe_4q": 0,
            "gross_profit": null,
            "gross_margin": null,
            "gross_margin_4q_avg": 0,
            "net_income": null,
            "net_income_4q": null,
            "revenue": null,
            "revenue_4q": null,
            "common_shares": null,
            "book_valuer_per_share": null,
            "book_valuer_per_share_4q_avg": 0,
            "equity": null,
            "current_ratio": null,
            "debt_ratio": null,
            "inventory_turnover_ratio": null,
            "account_receivable_turnover_ratio": null,
            "reinvestment_rate": null,
            "research_to_sale_ratio": null,
            "price_fair": 0,
            "eps_avg_yearly": 0,
            "eps_latest_yearly": 0,
            "eps_growth_yearly": 0
        },
        "20063": {
            "year_quarter": 20063,
            "year": 2006,
            "quarter": 3,
            "eps": null,
            "eps_growth_year": null,
            "eps_4q": null,
            "eps_4q_growth_year": null,
            "roe": null,
            "roe_4q": 0,
            "gross_profit": null,
            "gross_margin": null,
            "gross_margin_4q_avg": 0,
            "net_income": null,
            "net_income_4q": null,
            "revenue": null,
            "revenue_4q": null,
            "common_shares": null,
            "book_valuer_per_share": null,
            "book_valuer_per_share_4q_avg": 0,
            "equity": null,
            "current_ratio": null,
            "debt_ratio": null,
            "inventory_turnover_ratio": null,
            "account_receivable_turnover_ratio": null,
            "reinvestment_rate": null,
            "research_to_sale_ratio": null,
            "price_fair": 0,
            "eps_avg_yearly": 0,
            "eps_latest_yearly": 0,
            "eps_growth_yearly": 0
        },
        "20064": {
            "year_quarter": 20064,
            "year": 2006,
            "quarter": 4,
            "eps": null,
            "eps_growth_year": null,
            "eps_4q": null,
            "eps_4q_growth_year": null,
            "roe": null,
            "roe_4q": 0,
            "gross_profit": null,
            "gross_margin": null,
            "gross_margin_4q_avg": 0,
            "net_income": null,
            "net_income_4q": null,
            "revenue": null,
            "revenue_4q": null,
            "common_shares": null,
            "book_valuer_per_share": null,
            "book_valuer_per_share_4q_avg": 0,
            "equity": null,
            "current_ratio": null,
            "debt_ratio": null,
            "inventory_turnover_ratio": null,
            "account_receivable_turnover_ratio": null,
            "reinvestment_rate": null,
            "research_to_sale_ratio": null,
            "price_fair": 0,
            "eps_avg_yearly": 0,
            "eps_latest_yearly": 0,
            "eps_growth_yearly": 0
        },
        "20071": {
            "year_quarter": 20071,
            "year": 2007,
            "quarter": 1,
            "eps": null,
            "eps_growth_year": null,
            "eps_4q": null,
            "eps_4q_growth_year": null,
            "roe": null,
            "roe_4q": 0,
            "gross_profit": null,
            "gross_margin": null,
            "gross_margin_4q_avg": 0,
            "net_income": null,
            "net_income_4q": null,
            "revenue": null,
            "revenue_4q": null,
            "common_shares": null,
            "book_valuer_per_share": null,
            "book_valuer_per_share_4q_avg": 0,
            "equity": null,
            "current_ratio": null,
            "debt_ratio": null,
            "inventory_turnover_ratio": null,
            "account_receivable_turnover_ratio": null,
            "reinvestment_rate": null,
            "research_to_sale_ratio": null,
            "price_fair": 0,
            "eps_avg_yearly": 0,
            "eps_latest_yearly": 0,
            "eps_growth_yearly": 0
        },
        "20072": {
            "year_quarter": 20072,
            "year": 2007,
            "quarter": 2,
            "eps": null,
            "eps_growth_year": null,
            "eps_4q": null,
            "eps_4q_growth_year": null,
            "roe": null,
            "roe_4q": 0,
            "gross_profit": null,
            "gross_margin": null,
            "gross_margin_4q_avg": 0,
            "net_income": null,
            "net_income_4q": null,
            "revenue": null,
            "revenue_4q": null,
            "common_shares": null,
            "book_valuer_per_share": null,
            "book_valuer_per_share_4q_avg": 0,
            "equity": null,
            "current_ratio": null,
            "debt_ratio": null,
            "inventory_turnover_ratio": null,
            "account_receivable_turnover_ratio": null,
            "reinvestment_rate": null,
            "research_to_sale_ratio": null,
            "price_fair": 0,
            "eps_avg_yearly": 0,
            "eps_latest_yearly": 0,
            "eps_growth_yearly": 0
        },
        "20073": {
            "year_quarter": 20073,
            "year": 2007,
            "quarter": 3,
            "eps": null,
            "eps_growth_year": null,
            "eps_4q": null,
            "eps_4q_growth_year": null,
            "roe": null,
            "roe_4q": 0,
            "gross_profit": null,
            "gross_margin": null,
            "gross_margin_4q_avg": 0,
            "net_income": null,
            "net_income_4q": null,
            "revenue": null,
            "revenue_4q": null,
            "common_shares": null,
            "book_valuer_per_share": null,
            "book_valuer_per_share_4q_avg": 0,
            "equity": null,
            "current_ratio": null,
            "debt_ratio": null,
            "inventory_turnover_ratio": null,
            "account_receivable_turnover_ratio": null,
            "reinvestment_rate": null,
            "research_to_sale_ratio": null,
            "price_fair": 0,
            "eps_avg_yearly": 0,
            "eps_latest_yearly": 0,
            "eps_growth_yearly": 0
        },
        "20074": {
            "year_quarter": 20074,
            "year": 2007,
            "quarter": 4,
            "eps": null,
            "eps_growth_year": null,
            "eps_4q": null,
            "eps_4q_growth_year": null,
            "roe": null,
            "roe_4q": 0,
            "gross_profit": null,
            "gross_margin": null,
            "gross_margin_4q_avg": 0,
            "net_income": null,
            "net_income_4q": null,
            "revenue": null,
            "revenue_4q": null,
            "common_shares": 67350,
            "book_valuer_per_share": 5.49,
            "book_valuer_per_share_4q_avg": 1.37,
            "equity": 36952,
            "current_ratio": 106.98,
            "debt_ratio": 47.84,
            "inventory_turnover_ratio": null,
            "account_receivable_turnover_ratio": null,
            "reinvestment_rate": null,
            "research_to_sale_ratio": null,
            "price_fair": 0,
            "eps_avg_yearly": 0,
            "eps_latest_yearly": 0,
            "eps_growth_yearly": 0
        },
        "20081": {
            "year_quarter": 20081,
            "year": 2008,
            "quarter": 1,
            "eps": null,
            "eps_growth_year": null,
            "eps_4q": null,
            "eps_4q_growth_year": null,
            "roe": null,
            "roe_4q": 0,
            "gross_profit": null,
            "gross_margin": null,
            "gross_margin_4q_avg": 0,
            "net_income": null,
            "net_income_4q": null,
            "revenue": null,
            "revenue_4q": null,
            "common_shares": null,
            "book_valuer_per_share": null,
            "book_valuer_per_share_4q_avg": 1.37,
            "equity": null,
            "current_ratio": null,
            "debt_ratio": null,
            "inventory_turnover_ratio": null,
            "account_receivable_turnover_ratio": null,
            "reinvestment_rate": null,
            "research_to_sale_ratio": null,
            "price_fair": 0,
            "eps_avg_yearly": 0,
            "eps_latest_yearly": 0,
            "eps_growth_yearly": 0
        },
        "20082": {
            "year_quarter": 20082,
            "year": 2008,
            "quarter": 2,
            "eps": null,
            "eps_growth_year": null,
            "eps_4q": null,
            "eps_4q_growth_year": null,
            "roe": null,
            "roe_4q": 0,
            "gross_profit": null,
            "gross_margin": null,
            "gross_margin_4q_avg": 0,
            "net_income": null,
            "net_income_4q": null,
            "revenue": null,
            "revenue_4q": null,
            "common_shares": null,
            "book_valuer_per_share": null,
            "book_valuer_per_share_4q_avg": 1.37,
            "equity": null,
            "current_ratio": null,
            "debt_ratio": null,
            "inventory_turnover_ratio": null,
            "account_receivable_turnover_ratio": null,
            "reinvestment_rate": null,
            "research_to_sale_ratio": null,
            "price_fair": 0,
            "eps_avg_yearly": 0,
            "eps_latest_yearly": 0,
            "eps_growth_yearly": 0
        },
        "20083": {
            "year_quarter": 20083,
            "year": 2008,
            "quarter": 3,
            "eps": null,
            "eps_growth_year": null,
            "eps_4q": null,
            "eps_4q_growth_year": null,
            "roe": null,
            "roe_4q": 0,
            "gross_profit": null,
            "gross_margin": null,
            "gross_margin_4q_avg": 0,
            "net_income": null,
            "net_income_4q": null,
            "revenue": null,
            "revenue_4q": null,
            "common_shares": null,
            "book_valuer_per_share": null,
            "book_valuer_per_share_4q_avg": 1.37,
            "equity": null,
            "current_ratio": null,
            "debt_ratio": null,
            "inventory_turnover_ratio": null,
            "account_receivable_turnover_ratio": null,
            "reinvestment_rate": null,
            "research_to_sale_ratio": null,
            "price_fair": 0,
            "eps_avg_yearly": 0,
            "eps_latest_yearly": 0,
            "eps_growth_yearly": 0
        },
        "20084": {
            "year_quarter": 20084,
            "year": 2008,
            "quarter": 4,
            "eps": null,
            "eps_growth_year": null,
            "eps_4q": null,
            "eps_4q_growth_year": null,
            "roe": null,
            "roe_4q": 0,
            "gross_profit": null,
            "gross_margin": null,
            "gross_margin_4q_avg": 0,
            "net_income": null,
            "net_income_4q": null,
            "revenue": null,
            "revenue_4q": null,
            "common_shares": 68552,
            "book_valuer_per_share": 11.37,
            "book_valuer_per_share_4q_avg": 2.84,
            "equity": 77936,
            "current_ratio": 168.85,
            "debt_ratio": 52.52,
            "inventory_turnover_ratio": null,
            "account_receivable_turnover_ratio": null,
            "reinvestment_rate": null,
            "research_to_sale_ratio": null,
            "price_fair": 0,
            "eps_avg_yearly": 0,
            "eps_latest_yearly": 0,
            "eps_growth_yearly": 0
        },
        "20091": {
            "year_quarter": 20091,
            "year": 2009,
            "quarter": 1,
            "eps": null,
            "eps_growth_year": null,
            "eps_4q": null,
            "eps_4q_growth_year": null,
            "roe": null,
            "roe_4q": 0,
            "gross_profit": null,
            "gross_margin": null,
            "gross_margin_4q_avg": 0,
            "net_income": null,
            "net_income_4q": null,
            "revenue": null,
            "revenue_4q": null,
            "common_shares": null,
            "book_valuer_per_share": null,
            "book_valuer_per_share_4q_avg": 2.84,
            "equity": null,
            "current_ratio": null,
            "debt_ratio": null,
            "inventory_turnover_ratio": null,
            "account_receivable_turnover_ratio": null,
            "reinvestment_rate": null,
            "research_to_sale_ratio": null,
            "price_fair": 0,
            "eps_avg_yearly": 0,
            "eps_latest_yearly": 0,
            "eps_growth_yearly": 0
        },
        "20092": {
            "year_quarter": 20092,
            "year": 2009,
            "quarter": 2,
            "eps": null,
            "eps_growth_year": null,
            "eps_4q": null,
            "eps_4q_growth_year": null,
            "roe": null,
            "roe_4q": 0,
            "gross_profit": null,
            "gross_margin": null,
            "gross_margin_4q_avg": 0,
            "net_income": null,
            "net_income_4q": null,
            "revenue": null,
            "revenue_4q": null,
            "common_shares": 0,
            "book_valuer_per_share": null,
            "book_valuer_per_share_4q_avg": 2.84,
            "equity": 0,
            "current_ratio": null,
            "debt_ratio": null,
            "inventory_turnover_ratio": null,
            "account_receivable_turnover_ratio": null,
            "reinvestment_rate": null,
            "research_to_sale_ratio": null,
            "price_fair": 0,
            "eps_avg_yearly": 0,
            "eps_latest_yearly": 0,
            "eps_growth_yearly": 0
        },
        "20093": {
            "year_quarter": 20093,
            "year": 2009,
            "quarter": 3,
            "eps": null,
            "eps_growth_year": null,
            "eps_4q": null,
            "eps_4q_growth_year": null,
            "roe": null,
            "roe_4q": 0,
            "gross_profit": 0,
            "gross_margin": null,
            "gross_margin_4q_avg": 0,
            "net_income": 0,
            "net_income_4q": null,
            "revenue": 0,
            "revenue_4q": null,
            "common_shares": 0,
            "book_valuer_per_share": null,
            "book_valuer_per_share_4q_avg": 2.84,
            "equity": 0,
            "current_ratio": null,
            "debt_ratio": null,
            "inventory_turnover_ratio": null,
            "account_receivable_turnover_ratio": null,
            "reinvestment_rate": null,
            "research_to_sale_ratio": null,
            "price_fair": 0,
            "eps_avg_yearly": 0,
            "eps_latest_yearly": 0,
            "eps_growth_yearly": 0
        },
        "20094": {
            "year_quarter": 20094,
            "year": 2009,
            "quarter": 4,
            "eps": null,
            "eps_growth_year": null,
            "eps_4q": null,
            "eps_4q_growth_year": null,
            "roe": null,
            "roe_4q": 0,
            "gross_profit": 34411,
            "gross_margin": null,
            "gross_margin_4q_avg": 0,
            "net_income": 17661,
            "net_income_4q": null,
            "revenue": 115030,
            "revenue_4q": null,
            "common_shares": 135000,
            "book_valuer_per_share": 8.79,
            "book_valuer_per_share_4q_avg": 2.2,
            "equity": 118707,
            "current_ratio": 234.41,
            "debt_ratio": 41.73,
            "inventory_turnover_ratio": null,
            "account_receivable_turnover_ratio": null,
            "reinvestment_rate": null,
            "research_to_sale_ratio": null,
            "price_fair": 0,
            "eps_avg_yearly": 0,
            "eps_latest_yearly": 0,
            "eps_growth_yearly": 0
        },
        "20101": {
            "year_quarter": 20101,
            "year": 2010,
            "quarter": 1,
            "eps": null,
            "eps_growth_year": null,
            "eps_4q": null,
            "eps_4q_growth_year": null,
            "roe": null,
            "roe_4q": 0,
            "gross_profit": 22447,
            "gross_margin": null,
            "gross_margin_4q_avg": 0,
            "net_income": 11695,
            "net_income_4q": null,
            "revenue": 68312,
            "revenue_4q": null,
            "common_shares": 135000,
            "book_valuer_per_share": 9.62,
            "book_valuer_per_share_4q_avg": 4.6,
            "equity": 129930,
            "current_ratio": 275.53,
            "debt_ratio": 38.15,
            "inventory_turnover_ratio": null,
            "account_receivable_turnover_ratio": null,
            "reinvestment_rate": null,
            "research_to_sale_ratio": null,
            "price_fair": 0,
            "eps_avg_yearly": 0,
            "eps_latest_yearly": 0,
            "eps_growth_yearly": 0
        },
        "20102": {
            "year_quarter": 20102,
            "year": 2010,
            "quarter": 2,
            "eps": 0.57,
            "eps_growth_year": null,
            "eps_4q": 0.57,
            "eps_4q_growth_year": null,
            "roe": 5.7,
            "roe_4q": 5.7,
            "gross_profit": 24420,
            "gross_margin": 34.01,
            "gross_margin_4q_avg": 8.5,
            "net_income": 7666,
            "net_income_4q": null,
            "revenue": 71793,
            "revenue_4q": null,
            "common_shares": 135000,
            "book_valuer_per_share": 10.3,
            "book_valuer_per_share_4q_avg": 7.18,
            "equity": 139036,
            "current_ratio": 322.61,
            "debt_ratio": 35.4,
            "inventory_turnover_ratio": 2.11,
            "account_receivable_turnover_ratio": 92.88,
            "reinvestment_rate": null,
            "research_to_sale_ratio": null,
            "price_fair": 0,
            "eps_avg_yearly": 0,
            "eps_latest_yearly": 0,
            "eps_growth_yearly": 0
        },
        "20103": {
            "year_quarter": 20103,
            "year": 2010,
            "quarter": 3,
            "eps": 0.55,
            "eps_growth_year": null,
            "eps_4q": 1.12,
            "eps_4q_growth_year": null,
            "roe": 5.13,
            "roe_4q": 10.83,
            "gross_profit": 25568,
            "gross_margin": 32.09,
            "gross_margin_4q_avg": 16.53,
            "net_income": 7395,
            "net_income_4q": null,
            "revenue": 79669,
            "revenue_4q": null,
            "common_shares": 135000,
            "book_valuer_per_share": 11.06,
            "book_valuer_per_share_4q_avg": 9.94,
            "equity": 149250,
            "current_ratio": 323.8,
            "debt_ratio": 35.5,
            "inventory_turnover_ratio": 2.31,
            "account_receivable_turnover_ratio": 50.15,
            "reinvestment_rate": null,
            "research_to_sale_ratio": null,
            "price_fair": 6.6,
            "eps_avg_yearly": 2.2,
            "eps_latest_yearly": 2.2,
            "eps_growth_yearly": -14.04
        },
        "20104": {
            "year_quarter": 20104,
            "year": 2010,
            "quarter": 4,
            "eps": 0.24,
            "eps_growth_year": null,
            "eps_4q": 1.35,
            "eps_4q_growth_year": null,
            "roe": 2.11,
            "roe_4q": 12.940000000000001,
            "gross_profit": 24332,
            "gross_margin": 33.44,
            "gross_margin_4q_avg": 24.89,
            "net_income": 3181,
            "net_income_4q": null,
            "revenue": 72766,
            "revenue_4q": null,
            "common_shares": 135000,
            "book_valuer_per_share": 11.24,
            "book_valuer_per_share_4q_avg": 10.56,
            "equity": 151677,
            "current_ratio": 262.26,
            "debt_ratio": 38.47,
            "inventory_turnover_ratio": 1.99,
            "account_receivable_turnover_ratio": 31.14,
            "reinvestment_rate": null,
            "research_to_sale_ratio": null,
            "price_fair": 4.74,
            "eps_avg_yearly": 1.58,
            "eps_latest_yearly": 0.96,
            "eps_growth_yearly": -119.74
        },
        "20111": {
            "year_quarter": 20111,
            "year": 2011,
            "quarter": 1,
            "eps": 0.75,
            "eps_growth_year": null,
            "eps_4q": 2.1,
            "eps_4q_growth_year": null,
            "roe": 6.48,
            "roe_4q": 19.419999999999998,
            "gross_profit": 30048,
            "gross_margin": 41.77,
            "gross_margin_4q_avg": 35.33,
            "net_income": 10090,
            "net_income_4q": null,
            "revenue": 71932,
            "revenue_4q": null,
            "common_shares": 135000,
            "book_valuer_per_share": 11.82,
            "book_valuer_per_share_4q_avg": 11.11,
            "equity": 159561,
            "current_ratio": 365.41,
            "debt_ratio": 32.27,
            "inventory_turnover_ratio": 1.79,
            "account_receivable_turnover_ratio": 12.49,
            "reinvestment_rate": null,
            "research_to_sale_ratio": null,
            "price_fair": 71.87,
            "eps_avg_yearly": 2.05,
            "eps_latest_yearly": 3,
            "eps_growth_yearly": 203.5
        },
        "20112": {
            "year_quarter": 20112,
            "year": 2011,
            "quarter": 2,
            "eps": 0.54,
            "eps_growth_year": -4.55,
            "eps_4q": 1.79,
            "eps_4q_growth_year": 216.01,
            "roe": 4.19,
            "roe_4q": 17.91,
            "gross_profit": 32400,
            "gross_margin": 43.64,
            "gross_margin_4q_avg": 37.74,
            "net_income": 8943,
            "net_income_4q": null,
            "revenue": 74249,
            "revenue_4q": null,
            "common_shares": 153000,
            "book_valuer_per_share": 17.46,
            "book_valuer_per_share_4q_avg": 12.9,
            "equity": 267199,
            "current_ratio": 685.91,
            "debt_ratio": 22.1,
            "inventory_turnover_ratio": 1.81,
            "account_receivable_turnover_ratio": 7.86,
            "reinvestment_rate": null,
            "research_to_sale_ratio": null,
            "price_fair": 72.8,
            "eps_avg_yearly": 2.08,
            "eps_latest_yearly": 2.16,
            "eps_growth_yearly": 124.63
        },
        "20113": {
            "year_quarter": 20113,
            "year": 2011,
            "quarter": 3,
            "eps": 0.63,
            "eps_growth_year": 14.53,
            "eps_4q": 1.97,
            "eps_4q_growth_year": 76.91,
            "roe": 3.8,
            "roe_4q": 16.580000000000002,
            "gross_profit": 36238,
            "gross_margin": 44.68,
            "gross_margin_4q_avg": 40.88,
            "net_income": 10352,
            "net_income_4q": null,
            "revenue": 81101,
            "revenue_4q": null,
            "common_shares": 165000,
            "book_valuer_per_share": 16.85,
            "book_valuer_per_share_4q_avg": 14.34,
            "equity": 277992,
            "current_ratio": 485.82,
            "debt_ratio": 30.42,
            "inventory_turnover_ratio": 2.04,
            "account_receivable_turnover_ratio": 7.08,
            "reinvestment_rate": null,
            "research_to_sale_ratio": null,
            "price_fair": 75.88,
            "eps_avg_yearly": 2.17,
            "eps_latest_yearly": 2.52,
            "eps_growth_yearly": 113.04
        },
        "20114": {
            "year_quarter": 20114,
            "year": 2011,
            "quarter": 4,
            "eps": -0.08,
            "eps_growth_year": -135.85,
            "eps_4q": 1.7,
            "eps_4q_growth_year": 25.54,
            "roe": -0.91,
            "roe_4q": 13.56,
            "gross_profit": 33934,
            "gross_margin": 41.74,
            "gross_margin_4q_avg": 42.96,
            "net_income": -2967,
            "net_income_4q": null,
            "revenue": 81301,
            "revenue_4q": null,
            "common_shares": 165000,
            "book_valuer_per_share": 16.9,
            "book_valuer_per_share_4q_avg": 15.76,
            "equity": 374899,
            "current_ratio": 435.54,
            "debt_ratio": 35.66,
            "inventory_turnover_ratio": 2.21,
            "account_receivable_turnover_ratio": 2.37,
            "reinvestment_rate": null,
            "research_to_sale_ratio": null,
            "price_fair": 75.88,
            "eps_avg_yearly": 2.17,
            "eps_latest_yearly": 2.52,
            "eps_growth_yearly": 113.04
        },
        "20121": {
            "year_quarter": 20121,
            "year": 2012,
            "quarter": 1,
            "eps": 0.56,
            "eps_growth_year": -25.33,
            "eps_4q": 1.38,
            "eps_4q_growth_year": -34.1,
            "roe": 1.16,
            "roe_4q": 8.24,
            "gross_profit": 37458,
            "gross_margin": 45.59,
            "gross_margin_4q_avg": 43.91,
            "net_income": 5732,
            "net_income_4q": null,
            "revenue": 82165,
            "revenue_4q": null,
            "common_shares": 200000,
            "book_valuer_per_share": 26.22,
            "book_valuer_per_share_4q_avg": 19.36,
            "equity": 612021,
            "current_ratio": 662.24,
            "debt_ratio": 24.21,
            "inventory_turnover_ratio": 2.05,
            "account_receivable_turnover_ratio": 1.92,
            "reinvestment_rate": null,
            "research_to_sale_ratio": null,
            "price_fair": 75.88,
            "eps_avg_yearly": 2.17,
            "eps_latest_yearly": 2.52,
            "eps_growth_yearly": 113.04
        },
        "20122": {
            "year_quarter": 20122,
            "year": 2012,
            "quarter": 2,
            "eps": 0.65,
            "eps_growth_year": 20.12,
            "eps_4q": 1.48,
            "eps_4q_growth_year": -17.36,
            "roe": 1.79,
            "roe_4q": 5.84,
            "gross_profit": 37474,
            "gross_margin": 43.79,
            "gross_margin_4q_avg": 43.95,
            "net_income": 11062,
            "net_income_4q": null,
            "revenue": 85568,
            "revenue_4q": null,
            "common_shares": 200000,
            "book_valuer_per_share": 27.01,
            "book_valuer_per_share_4q_avg": 21.75,
            "equity": 624348,
            "current_ratio": 559.8,
            "debt_ratio": 24.61,
            "inventory_turnover_ratio": 1.96,
            "account_receivable_turnover_ratio": 3.18,
            "reinvestment_rate": null,
            "research_to_sale_ratio": null,
            "price_fair": 78.4,
            "eps_avg_yearly": 2.24,
            "eps_latest_yearly": 2.6,
            "eps_growth_yearly": 104.91
        },
        "20123": {
            "year_quarter": 20123,
            "year": 2012,
            "quarter": 3,
            "eps": 0.08,
            "eps_growth_year": -87.7,
            "eps_4q": 1.1,
            "eps_4q_growth_year": -44.27,
            "roe": -0.63,
            "roe_4q": 1.4100000000000001,
            "gross_profit": 37569,
            "gross_margin": 41.3,
            "gross_margin_4q_avg": 43.11,
            "net_income": -3931,
            "net_income_4q": null,
            "revenue": 90973,
            "revenue_4q": null,
            "common_shares": 225000,
            "book_valuer_per_share": 24.23,
            "book_valuer_per_share_4q_avg": 23.59,
            "equity": 625164,
            "current_ratio": 497.14,
            "debt_ratio": 24.15,
            "inventory_turnover_ratio": 2.01,
            "account_receivable_turnover_ratio": 2.91,
            "reinvestment_rate": null,
            "research_to_sale_ratio": null,
            "price_fair": 68.8,
            "eps_avg_yearly": 1.97,
            "eps_latest_yearly": 0.32,
            "eps_growth_yearly": 39.81
        },
        "20124": {
            "year_quarter": 20124,
            "year": 2012,
            "quarter": 4,
            "eps": 0.39,
            "eps_growth_year": null,
            "eps_4q": 1.55,
            "eps_4q_growth_year": -8.49,
            "roe": 0.45,
            "roe_4q": 2.77,
            "gross_profit": 29149,
            "gross_margin": 30.24,
            "gross_margin_4q_avg": 40.23,
            "net_income": 2788,
            "net_income_4q": null,
            "revenue": 96394,
            "revenue_4q": null,
            "common_shares": 225000,
            "book_valuer_per_share": 24.51,
            "book_valuer_per_share_4q_avg": 25.49,
            "equity": 626028,
            "current_ratio": 424.47,
            "debt_ratio": 24.54,
            "inventory_turnover_ratio": 2.52,
            "account_receivable_turnover_ratio": 2.86,
            "reinvestment_rate": null,
            "research_to_sale_ratio": null,
            "price_fair": 67.03,
            "eps_avg_yearly": 1.92,
            "eps_latest_yearly": 1.56,
            "eps_growth_yearly": 228.59
        },
        "20131": {
            "year_quarter": 20131,
            "year": 2013,
            "quarter": 1,
            "eps": 0.25,
            "eps_growth_year": -55.36,
            "eps_4q": 1.37,
            "eps_4q_growth_year": -1.21,
            "roe": -1.09,
            "roe_4q": 0.52,
            "gross_profit": 31592,
            "gross_margin": 36.44,
            "gross_margin_4q_avg": 37.94,
            "net_income": -7073,
            "net_income_4q": null,
            "revenue": 86688,
            "revenue_4q": null,
            "common_shares": 225000,
            "book_valuer_per_share": 24.97,
            "book_valuer_per_share_4q_avg": 25.18,
            "equity": 666255,
            "current_ratio": 719.11,
            "debt_ratio": 15.04,
            "inventory_turnover_ratio": 2,
            "account_receivable_turnover_ratio": 3.05,
            "reinvestment_rate": null,
            "research_to_sale_ratio": null,
            "price_fair": 63.47,
            "eps_avg_yearly": 1.81,
            "eps_latest_yearly": 1,
            "eps_growth_yearly": 187.23
        },
        "20132": {
            "year_quarter": 20132,
            "year": 2013,
            "quarter": 2,
            "eps": -1.43,
            "eps_growth_year": -319.64,
            "eps_4q": -0.57,
            "eps_4q_growth_year": -138.47,
            "roe": -6.9,
            "roe_4q": -8.17,
            "gross_profit": 31945,
            "gross_margin": 32.9,
            "gross_margin_4q_avg": 35.22,
            "net_income": -44528,
            "net_income_4q": null,
            "revenue": 97104,
            "revenue_4q": null,
            "common_shares": 225000,
            "book_valuer_per_share": 23.6,
            "book_valuer_per_share_4q_avg": 24.33,
            "equity": 625086,
            "current_ratio": 325.06,
            "debt_ratio": 24.7,
            "inventory_turnover_ratio": 2.69,
            "account_receivable_turnover_ratio": 3.1,
            "reinvestment_rate": 325.06,
            "research_to_sale_ratio": null,
            "price_fair": 63.47,
            "eps_avg_yearly": 1.81,
            "eps_latest_yearly": 1,
            "eps_growth_yearly": 187.23
        },
        "20133": {
            "year_quarter": 20133,
            "year": 2013,
            "quarter": 3,
            "eps": 1.08,
            "eps_growth_year": 1299.76,
            "eps_4q": 0.45,
            "eps_4q_growth_year": -59.03,
            "roe": 2.65,
            "roe_4q": -4.89,
            "gross_profit": 21289,
            "gross_margin": 19,
            "gross_margin_4q_avg": 29.65,
            "net_income": 16900,
            "net_income_4q": null,
            "revenue": 112045,
            "revenue_4q": null,
            "common_shares": 282500,
            "book_valuer_per_share": 20.2,
            "book_valuer_per_share_4q_avg": 23.32,
            "equity": 649738,
            "current_ratio": 315.57,
            "debt_ratio": 23.9,
            "inventory_turnover_ratio": 3.88,
            "account_receivable_turnover_ratio": 2.69,
            "reinvestment_rate": 261.33,
            "research_to_sale_ratio": null,
            "price_fair": 63.47,
            "eps_avg_yearly": 1.81,
            "eps_latest_yearly": 1,
            "eps_growth_yearly": 187.23
        },
        "20134": {
            "year_quarter": 20134,
            "year": 2013,
            "quarter": 4,
            "eps": 0.03,
            "eps_growth_year": -92.87,
            "eps_4q": 0.17,
            "eps_4q_growth_year": -89.21,
            "roe": -2.08,
            "roe_4q": -7.42,
            "gross_profit": -41991,
            "gross_margin": -35.05,
            "gross_margin_4q_avg": 13.32,
            "net_income": -13438,
            "net_income_4q": null,
            "revenue": 119815,
            "revenue_4q": null,
            "common_shares": 282500,
            "book_valuer_per_share": 20.5,
            "book_valuer_per_share_4q_avg": 22.32,
            "equity": 645368,
            "current_ratio": 226.88,
            "debt_ratio": 28.71,
            "inventory_turnover_ratio": 5.91,
            "account_receivable_turnover_ratio": 2.26,
            "reinvestment_rate": 290.76,
            "research_to_sale_ratio": null,
            "price_fair": 57.54,
            "eps_avg_yearly": 1.64,
            "eps_latest_yearly": 0.12,
            "eps_growth_yearly": 129.62
        },
        "20141": {
            "year_quarter": 20141,
            "year": 2014,
            "quarter": 1,
            "eps": 1.27,
            "eps_growth_year": 408,
            "eps_4q": 1.24,
            "eps_4q_growth_year": -9.42,
            "roe": 3.13,
            "roe_4q": -3.2000000000000006,
            "gross_profit": 3923,
            "gross_margin": 3.54,
            "gross_margin_4q_avg": 5.1,
            "net_income": 20607,
            "net_income_4q": null,
            "revenue": 110733,
            "revenue_4q": null,
            "common_shares": 282500,
            "book_valuer_per_share": 21.94,
            "book_valuer_per_share_4q_avg": 21.56,
            "equity": 670455,
            "current_ratio": 267.81,
            "debt_ratio": 30.66,
            "inventory_turnover_ratio": 3.54,
            "account_receivable_turnover_ratio": 1.91,
            "reinvestment_rate": 135.01,
            "research_to_sale_ratio": null,
            "price_fair": 68.47,
            "eps_avg_yearly": 1.96,
            "eps_latest_yearly": 5.08,
            "eps_growth_yearly": 1620.87
        },
        "20142": {
            "year_quarter": 20142,
            "year": 2014,
            "quarter": 2,
            "eps": -0.1,
            "eps_growth_year": null,
            "eps_4q": 2.03,
            "eps_4q_growth_year": null,
            "roe": -2.24,
            "roe_4q": 1.4599999999999995,
            "gross_profit": 11809,
            "gross_margin": 8.88,
            "gross_margin_4q_avg": -0.91,
            "net_income": -15363,
            "net_income_4q": null,
            "revenue": 132994,
            "revenue_4q": null,
            "common_shares": 282500,
            "book_valuer_per_share": 20.99,
            "book_valuer_per_share_4q_avg": 20.91,
            "equity": 698528,
            "current_ratio": 239.9,
            "debt_ratio": 28.89,
            "inventory_turnover_ratio": 3.56,
            "account_receivable_turnover_ratio": 2.27,
            "reinvestment_rate": 178.62,
            "research_to_sale_ratio": null,
            "price_fair": 68.47,
            "eps_avg_yearly": 1.96,
            "eps_latest_yearly": 5.08,
            "eps_growth_yearly": 1620.87
        },
        "20143": {
            "year_quarter": 20143,
            "year": 2014,
            "quarter": 3,
            "eps": -0.48,
            "eps_growth_year": -144.44,
            "eps_4q": 0.58,
            "eps_4q_growth_year": 29.15,
            "roe": -3.55,
            "roe_4q": -4.74,
            "gross_profit": 31637,
            "gross_margin": 16.69,
            "gross_margin_4q_avg": -1.49,
            "net_income": -24668,
            "net_income_4q": null,
            "revenue": 189565,
            "revenue_4q": null,
            "common_shares": 315270,
            "book_valuer_per_share": 18.18,
            "book_valuer_per_share_4q_avg": 20.4,
            "equity": 693034,
            "current_ratio": 154.48,
            "debt_ratio": 29.39,
            "inventory_turnover_ratio": 4.47,
            "account_receivable_turnover_ratio": 2.67,
            "reinvestment_rate": 312.27,
            "research_to_sale_ratio": null,
            "price_fair": 67.62,
            "eps_avg_yearly": 1.93,
            "eps_latest_yearly": 5.08,
            "eps_growth_yearly": 1784.36
        },
        "20144": {
            "year_quarter": 20144,
            "year": 2014,
            "quarter": 4,
            "eps": -0.37,
            "eps_growth_year": -1411.89,
            "eps_4q": 0.19,
            "eps_4q_growth_year": 14.39,
            "roe": -2.72,
            "roe_4q": -5.38,
            "gross_profit": 10247,
            "gross_margin": 4.38,
            "gross_margin_4q_avg": 8.37,
            "net_income": -18783,
            "net_income_4q": null,
            "revenue": 233911,
            "revenue_4q": null,
            "common_shares": 315270,
            "book_valuer_per_share": 18.19,
            "book_valuer_per_share_4q_avg": 19.83,
            "equity": 689816,
            "current_ratio": 159.17,
            "debt_ratio": 28.47,
            "inventory_turnover_ratio": 5.88,
            "account_receivable_turnover_ratio": 2.04,
            "reinvestment_rate": 409.66,
            "research_to_sale_ratio": null,
            "price_fair": 71.4,
            "eps_avg_yearly": 2.04,
            "eps_latest_yearly": 5.08,
            "eps_growth_yearly": 2007.67
        },
        "20151": {
            "year_quarter": 20151,
            "year": 2015,
            "quarter": 1,
            "eps": -0.44,
            "eps_growth_year": -134.65,
            "eps_4q": -1.39,
            "eps_4q_growth_year": -211.96,
            "roe": -3.6,
            "roe_4q": -12.110000000000001,
            "gross_profit": 10394,
            "gross_margin": 5.7,
            "gross_margin_4q_avg": 8.91,
            "net_income": -24097,
            "net_income_4q": null,
            "revenue": 182271,
            "revenue_4q": null,
            "common_shares": 315270,
            "book_valuer_per_share": 17.27,
            "book_valuer_per_share_4q_avg": 18.66,
            "equity": 647645,
            "current_ratio": 125.54,
            "debt_ratio": 34.65,
            "inventory_turnover_ratio": 3.75,
            "account_receivable_turnover_ratio": 1.26,
            "reinvestment_rate": 665.5,
            "research_to_sale_ratio": null,
            "price_fair": 67.2,
            "eps_avg_yearly": 1.92,
            "eps_latest_yearly": 5.08,
            "eps_growth_yearly": 2152.38
        },
        "20152": {
            "year_quarter": 20152,
            "year": 2015,
            "quarter": 2,
            "eps": -0.31,
            "eps_growth_year": null,
            "eps_4q": -1.45,
            "eps_4q_growth_year": -171.53,
            "roe": -2.59,
            "roe_4q": -12.46,
            "gross_profit": 28818,
            "gross_margin": 14.04,
            "gross_margin_4q_avg": 10.2,
            "net_income": -16815,
            "net_income_4q": null,
            "revenue": 205232,
            "revenue_4q": null,
            "common_shares": 315270,
            "book_valuer_per_share": 16.92,
            "book_valuer_per_share_4q_avg": 17.64,
            "equity": 649115,
            "current_ratio": 167.31,
            "debt_ratio": 42.61,
            "inventory_turnover_ratio": 3.66,
            "account_receivable_turnover_ratio": 1.25,
            "reinvestment_rate": 1806.85,
            "research_to_sale_ratio": null,
            "price_fair": 66,
            "eps_avg_yearly": 1.89,
            "eps_latest_yearly": 5.08,
            "eps_growth_yearly": 2475.86
        },
        "20153": {
            "year_quarter": 20153,
            "year": 2015,
            "quarter": 3,
            "eps": -0.42,
            "eps_growth_year": null,
            "eps_4q": -1.44,
            "eps_4q_growth_year": -346.72,
            "roe": -3.24,
            "roe_4q": -12.15,
            "gross_profit": 36630,
            "gross_margin": 15.17,
            "gross_margin_4q_avg": 9.82,
            "net_income": -20680,
            "net_income_4q": null,
            "revenue": 241450,
            "revenue_4q": null,
            "common_shares": 346797,
            "book_valuer_per_share": 15.12,
            "book_valuer_per_share_4q_avg": 16.88,
            "equity": 626940,
            "current_ratio": 127.67,
            "debt_ratio": 46.83,
            "inventory_turnover_ratio": 2.96,
            "account_receivable_turnover_ratio": 1.13,
            "reinvestment_rate": null,
            "research_to_sale_ratio": null,
            "price_fair": 62.3,
            "eps_avg_yearly": 1.78,
            "eps_latest_yearly": 5.08,
            "eps_growth_yearly": 2877.4
        },
        "20154": {
            "year_quarter": 20154,
            "year": 2015,
            "quarter": 4,
            "eps": -0.59,
            "eps_growth_year": null,
            "eps_4q": -1.7,
            "eps_4q_growth_year": -986.32,
            "roe": -4.84,
            "roe_4q": -14.27,
            "gross_profit": 53441,
            "gross_margin": 15.9,
            "gross_margin_4q_avg": 12.7,
            "net_income": -29891,
            "net_income_4q": null,
            "revenue": 336105,
            "revenue_4q": null,
            "common_shares": 346797,
            "book_valuer_per_share": 14.56,
            "book_valuer_per_share_4q_avg": 15.97,
            "equity": 608391,
            "current_ratio": 130.04,
            "debt_ratio": 51.6,
            "inventory_turnover_ratio": 3.43,
            "account_receivable_turnover_ratio": 1.37,
            "reinvestment_rate": null,
            "research_to_sale_ratio": null,
            "price_fair": 62.3,
            "eps_avg_yearly": 1.78,
            "eps_latest_yearly": 5.08,
            "eps_growth_yearly": 2877.4
        },
        "20161": {
            "year_quarter": 20161,
            "year": 2016,
            "quarter": 1,
            "eps": -0.5,
            "eps_growth_year": null,
            "eps_4q": -1.8,
            "eps_4q_growth_year": null,
            "roe": -4.13,
            "roe_4q": -14.799999999999999,
            "gross_profit": 17209,
            "gross_margin": 8.25,
            "gross_margin_4q_avg": 13.34,
            "net_income": -24625,
            "net_income_4q": null,
            "revenue": 208605,
            "revenue_4q": null,
            "common_shares": 346797,
            "book_valuer_per_share": 13.78,
            "book_valuer_per_share_4q_avg": 15.1,
            "equity": 582685,
            "current_ratio": 117.88,
            "debt_ratio": 51.2,
            "inventory_turnover_ratio": 2.42,
            "account_receivable_turnover_ratio": 0.94,
            "reinvestment_rate": null,
            "research_to_sale_ratio": null,
            "price_fair": 62.3,
            "eps_avg_yearly": 1.78,
            "eps_latest_yearly": 5.08,
            "eps_growth_yearly": 2877.4
        },
        "20162": {
            "year_quarter": 20162,
            "year": 2016,
            "quarter": 2,
            "eps": -0.47,
            "eps_growth_year": null,
            "eps_4q": -1.85,
            "eps_4q_growth_year": null,
            "roe": -4.66,
            "roe_4q": -16.869999999999997,
            "gross_profit": 20466,
            "gross_margin": 8.79,
            "gross_margin_4q_avg": 12.03,
            "net_income": -26385,
            "net_income_4q": null,
            "revenue": 232885,
            "revenue_4q": null,
            "common_shares": 346797,
            "book_valuer_per_share": 13.18,
            "book_valuer_per_share_4q_avg": 14.16,
            "equity": 548986,
            "current_ratio": 107.11,
            "debt_ratio": 51.08,
            "inventory_turnover_ratio": 2.82,
            "account_receivable_turnover_ratio": 1.12,
            "reinvestment_rate": null,
            "research_to_sale_ratio": null,
            "price_fair": 56.56,
            "eps_avg_yearly": 1.62,
            "eps_latest_yearly": 5.08,
            "eps_growth_yearly": 3440.02
        },
        "20163": {
            "year_quarter": 20163,
            "year": 2016,
            "quarter": 3,
            "eps": -0.27,
            "eps_growth_year": null,
            "eps_4q": -1.74,
            "eps_4q_growth_year": null,
            "roe": -3.95,
            "roe_4q": -17.58,
            "gross_profit": 16981,
            "gross_margin": 7.94,
            "gross_margin_4q_avg": 10.22,
            "net_income": -20976,
            "net_income_4q": null,
            "revenue": 213761,
            "revenue_4q": null,
            "common_shares": 381477,
            "book_valuer_per_share": 11.41,
            "book_valuer_per_share_4q_avg": 13.23,
            "equity": 513891,
            "current_ratio": 108.29,
            "debt_ratio": 52.59,
            "inventory_turnover_ratio": 2.86,
            "account_receivable_turnover_ratio": 1.06,
            "reinvestment_rate": null,
            "research_to_sale_ratio": null,
            "price_fair": 67.9,
            "eps_avg_yearly": 1.94,
            "eps_latest_yearly": 5.08,
            "eps_growth_yearly": 4387.71
        },
        "20164": {
            "year_quarter": 20164,
            "year": 2016,
            "quarter": 4,
            "eps": -0.43,
            "eps_growth_year": null,
            "eps_4q": -1.63,
            "eps_4q_growth_year": null,
            "roe": -5.18,
            "roe_4q": -17.919999999999998,
            "gross_profit": 28963,
            "gross_margin": 11.09,
            "gross_margin_4q_avg": 9.02,
            "net_income": -25802,
            "net_income_4q": null,
            "revenue": 261129,
            "revenue_4q": null,
            "common_shares": 381477,
            "book_valuer_per_share": 10.84,
            "book_valuer_per_share_4q_avg": 12.3,
            "equity": 481791,
            "current_ratio": 102.31,
            "debt_ratio": 54.93,
            "inventory_turnover_ratio": 3.86,
            "account_receivable_turnover_ratio": 1.54,
            "reinvestment_rate": null,
            "research_to_sale_ratio": null,
            "price_fair": 72.33,
            "eps_avg_yearly": 2.07,
            "eps_latest_yearly": 5.08,
            "eps_growth_yearly": 5333.62
        },
        "20171": {
            "year_quarter": 20171,
            "year": 2017,
            "quarter": 1,
            "eps": 0.01,
            "eps_growth_year": null,
            "eps_4q": -1.17,
            "eps_4q_growth_year": null,
            "roe": -0.34,
            "roe_4q": -14.129999999999999,
            "gross_profit": 32793,
            "gross_margin": 16.63,
            "gross_margin_4q_avg": 11.11,
            "net_income": -1611,
            "net_income_4q": null,
            "revenue": 197203,
            "revenue_4q": null,
            "common_shares": 381477,
            "book_valuer_per_share": 10.6,
            "book_valuer_per_share_4q_avg": 11.51,
            "equity": 468082,
            "current_ratio": 112.52,
            "debt_ratio": 51.77,
            "inventory_turnover_ratio": 3.5,
            "account_receivable_turnover_ratio": 1.46,
            "reinvestment_rate": null,
            "research_to_sale_ratio": null,
            "price_fair": 91,
            "eps_avg_yearly": 2.6,
            "eps_latest_yearly": 5.08,
            "eps_growth_yearly": 8072.22
        },
        "20172": {
            "year_quarter": 20172,
            "year": 2017,
            "quarter": 2,
            "eps": 0.18,
            "eps_growth_year": null,
            "eps_4q": -0.52,
            "eps_4q_growth_year": null,
            "roe": 1.4,
            "roe_4q": -8.07,
            "gross_profit": 41101,
            "gross_margin": 19.58,
            "gross_margin_4q_avg": 13.81,
            "net_income": 6652,
            "net_income_4q": null,
            "revenue": 209963,
            "revenue_4q": null,
            "common_shares": 381477,
            "book_valuer_per_share": 10.95,
            "book_valuer_per_share_4q_avg": 10.95,
            "equity": 483700,
            "current_ratio": 127.02,
            "debt_ratio": 50.23,
            "inventory_turnover_ratio": 3.68,
            "account_receivable_turnover_ratio": 1.89,
            "reinvestment_rate": null,
            "research_to_sale_ratio": null,
            "price_fair": 69.07,
            "eps_avg_yearly": 1.97,
            "eps_latest_yearly": 0.72,
            "eps_growth_yearly": 7648.15
        },
        "20173": {
            "year_quarter": 20173,
            "year": 2017,
            "quarter": 3,
            "eps": 0.25,
            "eps_growth_year": null,
            "eps_4q": 0.01,
            "eps_4q_growth_year": null,
            "roe": 1.63,
            "roe_4q": -2.4899999999999998,
            "gross_profit": 48350,
            "gross_margin": 21.3,
            "gross_margin_4q_avg": 17.15,
            "net_income": 7960,
            "net_income_4q": null,
            "revenue": 227020,
            "revenue_4q": null,
            "common_shares": 381477,
            "book_valuer_per_share": 11.29,
            "book_valuer_per_share_4q_avg": 10.92,
            "equity": 495619,
            "current_ratio": 124.77,
            "debt_ratio": 49.3,
            "inventory_turnover_ratio": 3.31,
            "account_receivable_turnover_ratio": 2.11,
            "reinvestment_rate": null,
            "research_to_sale_ratio": null,
            "price_fair": 60.55,
            "eps_avg_yearly": 1.73,
            "eps_latest_yearly": 1,
            "eps_growth_yearly": 5775
        },
        "20174": {
            "year_quarter": 20174,
            "year": 2017,
            "quarter": 4,
            "eps": 0.65,
            "eps_growth_year": null,
            "eps_4q": 1.1,
            "eps_4q_growth_year": null,
            "roe": 6.87,
            "roe_4q": 9.56,
            "gross_profit": 76545,
            "gross_margin": 24.82,
            "gross_margin_4q_avg": 20.58,
            "net_income": 35313,
            "net_income_4q": null,
            "revenue": 308383,
            "revenue_4q": null,
            "common_shares": 381477,
            "book_valuer_per_share": 11.96,
            "book_valuer_per_share_4q_avg": 11.2,
            "equity": 532303,
            "current_ratio": 127.81,
            "debt_ratio": 50.68,
            "inventory_turnover_ratio": 3.78,
            "account_receivable_turnover_ratio": 2.15,
            "reinvestment_rate": null,
            "research_to_sale_ratio": null,
            "price_fair": 82.25,
            "eps_avg_yearly": 2.35,
            "eps_latest_yearly": 2.6,
            "eps_growth_yearly": 6032.22
        },
        "20181": {
            "year_quarter": 20181,
            "year": 2018,
            "quarter": 1,
            "eps": -0.13,
            "eps_growth_year": -1400,
            "eps_4q": 0.96,
            "eps_4q_growth_year": null,
            "roe": -1.53,
            "roe_4q": 8.37,
            "gross_profit": 30018,
            "gross_margin": 14.35,
            "gross_margin_4q_avg": 20.01,
            "net_income": -8192,
            "net_income_4q": null,
            "revenue": 209197,
            "revenue_4q": null,
            "common_shares": 381477,
            "book_valuer_per_share": 11.93,
            "book_valuer_per_share_4q_avg": 11.53,
            "equity": 537149,
            "current_ratio": 125.7,
            "debt_ratio": 48.1,
            "inventory_turnover_ratio": 2.84,
            "account_receivable_turnover_ratio": 1.32,
            "reinvestment_rate": null,
            "research_to_sale_ratio": null,
            "price_fair": 50.4,
            "eps_avg_yearly": 1.44,
            "eps_latest_yearly": 2.6,
            "eps_growth_yearly": 2531.85
        },
        "20182": {
            "year_quarter": 20182,
            "year": 2018,
            "quarter": 2,
            "eps": -0.25,
            "eps_growth_year": -238.89,
            "eps_4q": 0.46,
            "eps_4q_growth_year": null,
            "roe": -2.33,
            "roe_4q": 4.64,
            "gross_profit": 35474,
            "gross_margin": 16.38,
            "gross_margin_4q_avg": 19.21,
            "net_income": -12343,
            "net_income_4q": null,
            "revenue": 216509,
            "revenue_4q": null,
            "common_shares": 381477,
            "book_valuer_per_share": 11.69,
            "book_valuer_per_share_4q_avg": 11.72,
            "equity": 523262,
            "current_ratio": 93.23,
            "debt_ratio": 50.91,
            "inventory_turnover_ratio": 2.75,
            "account_receivable_turnover_ratio": 1.42,
            "reinvestment_rate": null,
            "research_to_sale_ratio": null,
            "price_fair": 50.4,
            "eps_avg_yearly": 1.44,
            "eps_latest_yearly": 2.6,
            "eps_growth_yearly": 2531.85
        },
        "20183": {
            "year_quarter": 20183,
            "year": 2018,
            "quarter": 3,
            "eps": 0.58,
            "eps_growth_year": 132,
            "eps_4q": 0.81,
            "eps_4q_growth_year": 7814.72,
            "roe": 4.34,
            "roe_4q": 7.35,
            "gross_profit": 38293,
            "gross_margin": 16.66,
            "gross_margin_4q_avg": 18.05,
            "net_income": 22795,
            "net_income_4q": null,
            "revenue": 229801,
            "revenue_4q": null,
            "common_shares": 419624,
            "book_valuer_per_share": 10.95,
            "book_valuer_per_share_4q_avg": 11.63,
            "equity": 526118,
            "current_ratio": 92.9,
            "debt_ratio": 50.88,
            "inventory_turnover_ratio": 2.73,
            "account_receivable_turnover_ratio": 1.42,
            "reinvestment_rate": null,
            "research_to_sale_ratio": null,
            "price_fair": 50.4,
            "eps_avg_yearly": 1.44,
            "eps_latest_yearly": 2.6,
            "eps_growth_yearly": 2531.85
        },
        "20184": {
            "year_quarter": 20184,
            "year": 2018,
            "quarter": 4,
            "eps": 0.44,
            "eps_growth_year": -33.4,
            "eps_4q": 0.65,
            "eps_4q_growth_year": -41.1,
            "roe": 4.07,
            "roe_4q": 4.55,
            "gross_profit": 60473,
            "gross_margin": 21.95,
            "gross_margin_4q_avg": 17.34,
            "net_income": 22004,
            "net_income_4q": null,
            "revenue": 275447,
            "revenue_4q": null,
            "common_shares": 419624,
            "book_valuer_per_share": 11.54,
            "book_valuer_per_share_4q_avg": 11.53,
            "equity": 554964,
            "current_ratio": 101.55,
            "debt_ratio": 50.28,
            "inventory_turnover_ratio": 3.37,
            "account_receivable_turnover_ratio": 1.66,
            "reinvestment_rate": null,
            "research_to_sale_ratio": null,
            "price_fair": 53.2,
            "eps_avg_yearly": 1.52,
            "eps_latest_yearly": 1.76,
            "eps_growth_yearly": 1874.75
        },
        "20191": {
            "year_quarter": 20191,
            "year": 2019,
            "quarter": 1,
            "eps": -0.49,
            "eps_growth_year": null,
            "eps_4q": 0.27,
            "eps_4q_growth_year": -72.03,
            "roe": -4.96,
            "roe_4q": 1.12,
            "gross_profit": 24753,
            "gross_margin": 11.31,
            "gross_margin_4q_avg": 16.58,
            "net_income": -26557,
            "net_income_4q": null,
            "revenue": 218953,
            "revenue_4q": null,
            "common_shares": 419624,
            "book_valuer_per_share": 10.85,
            "book_valuer_per_share_4q_avg": 11.26,
            "equity": 516626,
            "current_ratio": 75.76,
            "debt_ratio": 61.88,
            "inventory_turnover_ratio": 2.92,
            "account_receivable_turnover_ratio": 1.34,
            "reinvestment_rate": null,
            "research_to_sale_ratio": null,
            "price_fair": 53.2,
            "eps_avg_yearly": 1.52,
            "eps_latest_yearly": 1.76,
            "eps_growth_yearly": 1874.75
        },
        "20192": {
            "year_quarter": 20192,
            "year": 2019,
            "quarter": 2,
            "eps": -0.1,
            "eps_growth_year": null,
            "eps_4q": 0.42,
            "eps_4q_growth_year": -8.12,
            "roe": -1.33,
            "roe_4q": 2.12,
            "gross_profit": 32257,
            "gross_margin": 13.39,
            "gross_margin_4q_avg": 15.83,
            "net_income": -6855,
            "net_income_4q": null,
            "revenue": 240955,
            "revenue_4q": null,
            "common_shares": 419624,
            "book_valuer_per_share": 11.02,
            "book_valuer_per_share_4q_avg": 11.09,
            "equity": 517566,
            "current_ratio": 79.66,
            "debt_ratio": 61.75,
            "inventory_turnover_ratio": 2.68,
            "account_receivable_turnover_ratio": 1.47,
            "reinvestment_rate": null,
            "research_to_sale_ratio": null,
            "price_fair": 53.2,
            "eps_avg_yearly": 1.52,
            "eps_latest_yearly": 1.76,
            "eps_growth_yearly": 1874.75
        },
        "20193": {
            "year_quarter": 20193,
            "year": 2019,
            "quarter": 3,
            "eps": 0.12,
            "eps_growth_year": -79.31,
            "eps_4q": -0.03,
            "eps_4q_growth_year": -104.13,
            "roe": 0.82,
            "roe_4q": -1.3999999999999995,
            "gross_profit": 51123,
            "gross_margin": 19.45,
            "gross_margin_4q_avg": 16.53,
            "net_income": 4160,
            "net_income_4q": null,
            "revenue": 262859,
            "revenue_4q": null,
            "common_shares": 419624,
            "book_valuer_per_share": 10.76,
            "book_valuer_per_share_4q_avg": 11.04,
            "equity": 503266,
            "current_ratio": 83.72,
            "debt_ratio": 61.68,
            "inventory_turnover_ratio": 2.57,
            "account_receivable_turnover_ratio": 1.59,
            "reinvestment_rate": null,
            "research_to_sale_ratio": null,
            "price_fair": 53.2,
            "eps_avg_yearly": 1.52,
            "eps_latest_yearly": 1.76,
            "eps_growth_yearly": 1874.75
        },
        "20194": {
            "year_quarter": 20194,
            "year": 2019,
            "quarter": 4,
            "eps": 2.08,
            "eps_growth_year": 377.8,
            "eps_4q": 1.61,
            "eps_4q_growth_year": 149.4,
            "roe": 16.97,
            "roe_4q": 11.5,
            "gross_profit": 68924,
            "gross_margin": 23.17,
            "gross_margin_4q_avg": 16.83,
            "net_income": 93603,
            "net_income_4q": null,
            "revenue": 297422,
            "revenue_4q": null,
            "common_shares": 419624,
            "book_valuer_per_share": 12.63,
            "book_valuer_per_share_4q_avg": 11.32,
            "equity": 600129,
            "current_ratio": 91.62,
            "debt_ratio": 56.81,
            "inventory_turnover_ratio": 2.66,
            "account_receivable_turnover_ratio": 1.81,
            "reinvestment_rate": -170.64,
            "research_to_sale_ratio": null,
            "price_fair": 100.8,
            "eps_avg_yearly": 2.88,
            "eps_latest_yearly": 8.32,
            "eps_growth_yearly": 2806.47
        },
        "20201": {
            "year_quarter": 20201,
            "year": 2020,
            "quarter": 1,
            "eps": 0.02,
            "eps_growth_year": null,
            "eps_4q": 2.13,
            "eps_4q_growth_year": 692.22,
            "roe": 0.1,
            "roe_4q": 16.560000000000002,
            "gross_profit": 26922,
            "gross_margin": 13.57,
            "gross_margin_4q_avg": 17.4,
            "net_income": 620,
            "net_income_4q": null,
            "revenue": 198364,
            "revenue_4q": null,
            "common_shares": 419624,
            "book_valuer_per_share": 12.27,
            "book_valuer_per_share_4q_avg": 11.67,
            "equity": 583580,
            "current_ratio": 92.8,
            "debt_ratio": 56.26,
            "inventory_turnover_ratio": 2.1,
            "account_receivable_turnover_ratio": 1.24,
            "reinvestment_rate": -135.85,
            "research_to_sale_ratio": null,
            "price_fair": 84.47,
            "eps_avg_yearly": 2.41,
            "eps_latest_yearly": 0.08,
            "eps_growth_yearly": 2272.7
        },
        "20202": {
            "year_quarter": 20202,
            "year": 2020,
            "quarter": 2,
            "eps": 0.59,
            "eps_growth_year": null,
            "eps_4q": 2.79,
            "eps_4q_growth_year": 560.38,
            "roe": 5.39,
            "roe_4q": 23.279999999999998,
            "gross_profit": 23726,
            "gross_margin": 12.63,
            "gross_margin_4q_avg": 17.21,
            "net_income": 30836,
            "net_income_4q": null,
            "revenue": 187794,
            "revenue_4q": null,
            "common_shares": 419624,
            "book_valuer_per_share": 11.62,
            "book_valuer_per_share_4q_avg": 11.82,
            "equity": 560371,
            "current_ratio": 80.37,
            "debt_ratio": 56.65,
            "inventory_turnover_ratio": 2.28,
            "account_receivable_turnover_ratio": 1.26,
            "reinvestment_rate": -89.92,
            "research_to_sale_ratio": null,
            "price_fair": 84.2,
            "eps_avg_yearly": 2.41,
            "eps_latest_yearly": 2.36,
            "eps_growth_yearly": 3576.6
        },
        "20203": {
            "year_quarter": 20203,
            "year": 2020,
            "quarter": 3,
            "eps": 0.39,
            "eps_growth_year": 225,
            "eps_4q": 3.06,
            "eps_4q_growth_year": null,
            "roe": 4.1,
            "roe_4q": 26.559999999999995,
            "gross_profit": 54513,
            "gross_margin": 23.25,
            "gross_margin_4q_avg": 18.16,
            "net_income": 23972,
            "net_income_4q": null,
            "revenue": 234415,
            "revenue_4q": null,
            "common_shares": 425499,
            "book_valuer_per_share": 12.2,
            "book_valuer_per_share_4q_avg": 12.18,
            "equity": 607902,
            "current_ratio": 96.4,
            "debt_ratio": 54.04,
            "inventory_turnover_ratio": 2.71,
            "account_receivable_turnover_ratio": 1.74,
            "reinvestment_rate": -37.79,
            "research_to_sale_ratio": null,
            "price_fair": 80.5,
            "eps_avg_yearly": 2.3,
            "eps_latest_yearly": 1.56,
            "eps_growth_yearly": 3112.57
        },
        "20204": {
            "year_quarter": 20204,
            "year": 2020,
            "quarter": 4,
            "eps": 0.8,
            "eps_growth_year": -61.35,
            "eps_4q": 1.81,
            "eps_4q_growth_year": 12.54,
            "roe": 6.89,
            "roe_4q": 16.48,
            "gross_profit": 70250,
            "gross_margin": 24.25,
            "gross_margin_4q_avg": 18.43,
            "net_income": 44052,
            "net_income_4q": null,
            "revenue": 289667,
            "revenue_4q": null,
            "common_shares": 425499,
            "book_valuer_per_share": 13.39,
            "book_valuer_per_share_4q_avg": 12.37,
            "equity": 670157,
            "current_ratio": 105.47,
            "debt_ratio": 52.77,
            "inventory_turnover_ratio": 3.32,
            "account_receivable_turnover_ratio": 2.23,
            "reinvestment_rate": -28.79,
            "research_to_sale_ratio": null,
            "price_fair": 84,
            "eps_avg_yearly": 2.4,
            "eps_latest_yearly": 3.2,
            "eps_growth_yearly": 2813.46
        },
        "20211": {
            "year_quarter": 20211,
            "year": 2021,
            "quarter": 1,
            "eps": 0.16,
            "eps_growth_year": 700,
            "eps_4q": 1.95,
            "eps_4q_growth_year": -8.45,
            "roe": 0.96,
            "roe_4q": 17.34,
            "gross_profit": 40236,
            "gross_margin": 18.36,
            "gross_margin_4q_avg": 19.62,
            "net_income": 6407,
            "net_income_4q": null,
            "revenue": 219168,
            "revenue_4q": null,
            "common_shares": 425499,
            "book_valuer_per_share": 13.2,
            "book_valuer_per_share_4q_avg": 12.6,
            "equity": 661446,
            "current_ratio": 121.03,
            "debt_ratio": 53.85,
            "inventory_turnover_ratio": 2.52,
            "account_receivable_turnover_ratio": 1.62,
            "reinvestment_rate": -24.89,
            "research_to_sale_ratio": null,
            "price_fair": 77.84,
            "eps_avg_yearly": 2.22,
            "eps_latest_yearly": 0.64,
            "eps_growth_yearly": 2500.11
        },
        "20212": {
            "year_quarter": 20212,
            "year": 2021,
            "quarter": 2,
            "eps": 0.08,
            "eps_growth_year": -86.44,
            "eps_4q": 1.43,
            "eps_4q_growth_year": -48.57,
            "roe": 0.52,
            "roe_4q": 12.469999999999999,
            "gross_profit": 44137,
            "gross_margin": 19.37,
            "gross_margin_4q_avg": 21.31,
            "net_income": 3403,
            "net_income_4q": null,
            "revenue": 227851,
            "revenue_4q": null,
            "common_shares": 425499,
            "book_valuer_per_share": 13.13,
            "book_valuer_per_share_4q_avg": 12.98,
            "equity": 657596,
            "current_ratio": 111.94,
            "debt_ratio": 53.77,
            "inventory_turnover_ratio": 2.21,
            "account_receivable_turnover_ratio": 1.65,
            "reinvestment_rate": -18.97,
            "research_to_sale_ratio": null,
            "price_fair": 76.44,
            "eps_avg_yearly": 2.18,
            "eps_latest_yearly": 0.32,
            "eps_growth_yearly": 1800.11
        },
        "20213": {
            "year_quarter": 20213,
            "year": 2021,
            "quarter": 3,
            "eps": 0.24,
            "eps_growth_year": -38.46,
            "eps_4q": 1.27,
            "eps_4q_growth_year": -58.36,
            "roe": 1.97,
            "roe_4q": 10.34,
            "gross_profit": 40329,
            "gross_margin": 17.39,
            "gross_margin_4q_avg": 19.84,
            "net_income": 11201,
            "net_income_4q": null,
            "revenue": 231940,
            "revenue_4q": null,
            "common_shares": 425499,
            "book_valuer_per_share": 9.84,
            "book_valuer_per_share_4q_avg": 12.39,
            "equity": 478717,
            "current_ratio": 79,
            "debt_ratio": 63.75,
            "inventory_turnover_ratio": 1.97,
            "account_receivable_turnover_ratio": 2.07,
            "reinvestment_rate": -19.19,
            "research_to_sale_ratio": null,
            "price_fair": 76.3,
            "eps_avg_yearly": 2.18,
            "eps_latest_yearly": 0.96,
            "eps_growth_yearly": 1864.55
        },
        "20214": {
            "year_quarter": 20214,
            "year": 2021,
            "quarter": 4,
            "eps": 0.44,
            "eps_growth_year": -45.88,
            "eps_4q": 0.91,
            "eps_4q_growth_year": -50.05,
            "roe": 4.16,
            "roe_4q": 7.61,
            "gross_profit": 48462,
            "gross_margin": 17.28,
            "gross_margin_4q_avg": 18.1,
            "net_income": 20946,
            "net_income_4q": null,
            "revenue": 280495,
            "revenue_4q": null,
            "common_shares": 425499,
            "book_valuer_per_share": 10.95,
            "book_valuer_per_share_4q_avg": 11.78,
            "equity": 528702,
            "current_ratio": 79,
            "debt_ratio": 60.7,
            "inventory_turnover_ratio": 2.4,
            "account_receivable_turnover_ratio": 2.98,
            "reinvestment_rate": -8.99,
            "research_to_sale_ratio": null,
            "price_fair": 73.36,
            "eps_avg_yearly": 2.1,
            "eps_latest_yearly": 1.76,
            "eps_growth_yearly": 1833.89
        },
        "20221": {
            "year_quarter": 20221,
            "year": 2022,
            "quarter": 1,
            "eps": 0.02,
            "eps_growth_year": -87.5,
            "eps_4q": 0.77,
            "eps_4q_growth_year": -60.69,
            "roe": 0.02,
            "roe_4q": 6.67,
            "gross_profit": 32296,
            "gross_margin": 14.31,
            "gross_margin_4q_avg": 17.09,
            "net_income": 113,
            "net_income_4q": null,
            "revenue": 225655,
            "revenue_4q": null,
            "common_shares": 425499,
            "book_valuer_per_share": 11.21,
            "book_valuer_per_share_4q_avg": 11.28,
            "equity": 541690,
            "current_ratio": 100.01,
            "debt_ratio": 60.5,
            "inventory_turnover_ratio": 2.04,
            "account_receivable_turnover_ratio": 2.36,
            "reinvestment_rate": 2.64,
            "research_to_sale_ratio": null,
            "price_fair": 66.95,
            "eps_avg_yearly": 1.91,
            "eps_latest_yearly": 0.08,
            "eps_growth_yearly": 1632.46
        },
        "20222": {
            "year_quarter": 20222,
            "year": 2022,
            "quarter": 2,
            "eps": 0.07,
            "eps_growth_year": -12.5,
            "eps_4q": 0.76,
            "eps_4q_growth_year": -47.11,
            "roe": 0.76,
            "roe_4q": 6.91,
            "gross_profit": 38052,
            "gross_margin": 15.42,
            "gross_margin_4q_avg": 16.1,
            "net_income": 4042,
            "net_income_4q": null,
            "revenue": 246783,
            "revenue_4q": null,
            "common_shares": 425499,
            "book_valuer_per_share": 10.81,
            "book_valuer_per_share_4q_avg": 10.7,
            "equity": 524665,
            "current_ratio": 98.69,
            "debt_ratio": 61.53,
            "inventory_turnover_ratio": 2.23,
            "account_receivable_turnover_ratio": 2.38,
            "reinvestment_rate": 13.95,
            "research_to_sale_ratio": null,
            "price_fair": 62.18,
            "eps_avg_yearly": 1.78,
            "eps_latest_yearly": 0.28,
            "eps_growth_yearly": 1579.76
        },
        "20223": {
            "year_quarter": 20223,
            "year": 2022,
            "quarter": 3,
            "eps": -0.08,
            "eps_growth_year": -133.33,
            "eps_4q": 0.45,
            "eps_4q_growth_year": -64.98,
            "roe": -0.9,
            "roe_4q": 4.04,
            "gross_profit": 34565,
            "gross_margin": 13.36,
            "gross_margin_4q_avg": 15.09,
            "net_income": -4725,
            "net_income_4q": null,
            "revenue": 258700,
            "revenue_4q": null,
            "common_shares": 425499,
            "book_valuer_per_share": 10.84,
            "book_valuer_per_share_4q_avg": 10.95,
            "equity": 523278,
            "current_ratio": 78.04,
            "debt_ratio": 66.19,
            "inventory_turnover_ratio": 2.48,
            "account_receivable_turnover_ratio": 2.06,
            "reinvestment_rate": 60.47,
            "research_to_sale_ratio": null,
            "price_fair": 62.18,
            "eps_avg_yearly": 1.78,
            "eps_latest_yearly": 0.28,
            "eps_growth_yearly": 1579.76
        },
        "20224": {
            "year_quarter": 20224,
            "year": 2022,
            "quarter": 4,
            "eps": -0.74,
            "eps_growth_year": -269.49,
            "eps_4q": -0.73,
            "eps_4q_growth_year": -180.18,
            "roe": -6.91,
            "roe_4q": -7.030000000000001,
            "gross_profit": 55784,
            "gross_margin": 17.03,
            "gross_margin_4q_avg": 15.03,
            "net_income": -34948,
            "net_income_4q": null,
            "revenue": 327607,
            "revenue_4q": null,
            "common_shares": 425499,
            "book_valuer_per_share": 10.11,
            "book_valuer_per_share_4q_avg": 10.74,
            "equity": 488293,
            "current_ratio": 80.18,
            "debt_ratio": 68.52,
            "inventory_turnover_ratio": 2.74,
            "account_receivable_turnover_ratio": 2.65,
            "reinvestment_rate": 61.13,
            "research_to_sale_ratio": null,
            "price_fair": 62.24,
            "eps_avg_yearly": 1.78,
            "eps_latest_yearly": 0.28,
            "eps_growth_yearly": 1732.15
        },
        "20231": {
            "year_quarter": 20231,
            "year": 2023,
            "quarter": 1,
            "eps": -0.05,
            "eps_growth_year": -350,
            "eps_4q": -0.79,
            "eps_4q_growth_year": -203.64,
            "roe": -0.47,
            "roe_4q": -7.52,
            "gross_profit": 36299,
            "gross_margin": 13.02,
            "gross_margin_4q_avg": 14.71,
            "net_income": -2279,
            "net_income_4q": null,
            "revenue": 278897,
            "revenue_4q": null,
            "common_shares": 425499,
            "book_valuer_per_share": 10.03,
            "book_valuer_per_share_4q_avg": 10.45,
            "equity": 484773,
            "current_ratio": 82.73,
            "debt_ratio": 68.15,
            "inventory_turnover_ratio": 2.37,
            "account_receivable_turnover_ratio": 2.16,
            "reinvestment_rate": 53.79,
            "research_to_sale_ratio": null,
            "price_fair": 62.24,
            "eps_avg_yearly": 1.78,
            "eps_latest_yearly": 0.28,
            "eps_growth_yearly": 1732.15
        },
        "20232": {
            "year_quarter": 20232,
            "year": 2023,
            "quarter": 2,
            "eps": 0.08,
            "eps_growth_year": 14.29,
            "eps_4q": -0.79,
            "eps_4q_growth_year": -203.61,
            "roe": 1.12,
            "roe_4q": -7.16,
            "gross_profit": 55707,
            "gross_margin": 18.7,
            "gross_margin_4q_avg": 15.53,
            "net_income": 5497,
            "net_income_4q": null,
            "revenue": 297923,
            "revenue_4q": null,
            "common_shares": 425499,
            "book_valuer_per_share": 10.33,
            "book_valuer_per_share_4q_avg": 10.33,
            "equity": 497995,
            "current_ratio": 79.9,
            "debt_ratio": 67.08,
            "inventory_turnover_ratio": 2.82,
            "account_receivable_turnover_ratio": 2.05,
            "reinvestment_rate": 48.53,
            "research_to_sale_ratio": null,
            "price_fair": 62.24,
            "eps_avg_yearly": 1.78,
            "eps_latest_yearly": 0.28,
            "eps_growth_yearly": 1732.15
        },
        "20233": {
            "year_quarter": 20233,
            "year": 2023,
            "quarter": 3,
            "eps": -0.51,
            "eps_growth_year": null,
            "eps_4q": -1.22,
            "eps_4q_growth_year": -374.01,
            "roe": -4.21,
            "roe_4q": -10.469999999999999,
            "gross_profit": 41970,
            "gross_margin": 13.4,
            "gross_margin_4q_avg": 15.54,
            "net_income": -20727,
            "net_income_4q": null,
            "revenue": 313289,
            "revenue_4q": null,
            "common_shares": 425499,
            "book_valuer_per_share": 10.01,
            "book_valuer_per_share_4q_avg": 10.12,
            "equity": 487637,
            "current_ratio": 73.89,
            "debt_ratio": 69.41,
            "inventory_turnover_ratio": 4.01,
            "account_receivable_turnover_ratio": 1.93,
            "reinvestment_rate": 68.16,
            "research_to_sale_ratio": null,
            "price_fair": 62.24,
            "eps_avg_yearly": 1.78,
            "eps_latest_yearly": 0.28,
            "eps_growth_yearly": 1732.15
        },
        "20234": {
            "year_quarter": 20234,
            "year": 2023,
            "quarter": 4,
            "eps": -0.51,
            "eps_growth_year": null,
            "eps_4q": -1,
            "eps_4q_growth_year": null,
            "roe": -4.62,
            "roe_4q": -8.18,
            "gross_profit": 37791,
            "gross_margin": 11.52,
            "gross_margin_4q_avg": 14.16,
            "net_income": -22115,
            "net_income_4q": null,
            "revenue": 328007,
            "revenue_4q": null,
            "common_shares": 425499,
            "book_valuer_per_share": 9.6,
            "book_valuer_per_share_4q_avg": 9.99,
            "equity": 468983,
            "current_ratio": 71.72,
            "debt_ratio": 70.13,
            "inventory_turnover_ratio": 5.06,
            "account_receivable_turnover_ratio": 2.04,
            "reinvestment_rate": 271.31,
            "research_to_sale_ratio": null,
            "price_fair": 39.34,
            "eps_avg_yearly": 1.12,
            "eps_latest_yearly": 0.28,
            "eps_growth_yearly": 1252.03
        }
    },
    "months": {
        "2009-11": {
            "month": "2009-11",
            "price": "105.75",
            "revenue": 0
        },
        "2009-12": {
            "month": "2009-12",
            "price": "99.06",
            "revenue": 0
        },
        "2011-04": {
            "month": "2011-04",
            "price": "68.00",
            "revenue": 27105
        },
        "2011-05": {
            "month": "2011-05",
            "price": "82.21",
            "revenue": 26912
        },
        "2011-06": {
            "month": "2011-06",
            "price": "88.42",
            "revenue": 26921
        },
        "2011-07": {
            "month": "2011-07",
            "price": "87.00",
            "revenue": 25001
        },
        "2011-08": {
            "month": "2011-08",
            "price": "88.91",
            "revenue": 25147
        },
        "2011-09": {
            "month": "2011-09",
            "price": "83.08",
            "revenue": 26707
        },
        "2011-10": {
            "month": "2011-10",
            "price": "78.38",
            "revenue": 30468
        },
        "2011-11": {
            "month": "2011-11",
            "price": "78.10",
            "revenue": 25964
        },
        "2011-12": {
            "month": "2011-12",
            "price": "73.23",
            "revenue": 25344
        },
        "2012-01": {
            "month": "2012-01",
            "price": "75.63",
            "revenue": 25151
        },
        "2012-02": {
            "month": "2012-02",
            "price": "80.20",
            "revenue": 25251
        },
        "2012-03": {
            "month": "2012-03",
            "price": "75.36",
            "revenue": 27823
        },
        "2012-04": {
            "month": "2012-04",
            "price": "72.52",
            "revenue": 29535
        },
        "2012-05": {
            "month": "2012-05",
            "price": "72.91",
            "revenue": 26728
        },
        "2012-06": {
            "month": "2012-06",
            "price": "74.75",
            "revenue": 29534
        },
        "2012-07": {
            "month": "2012-07",
            "price": "80.87",
            "revenue": 29994
        },
        "2012-08": {
            "month": "2012-08",
            "price": "79.58",
            "revenue": 28046
        },
        "2012-09": {
            "month": "2012-09",
            "price": "78.49",
            "revenue": 28897
        },
        "2012-10": {
            "month": "2012-10",
            "price": "84.82",
            "revenue": 30495
        },
        "2012-11": {
            "month": "2012-11",
            "price": "107.50",
            "revenue": 29677
        },
        "2012-12": {
            "month": "2012-12",
            "price": "105.69",
            "revenue": 32245
        },
        "2013-01": {
            "month": "2013-01",
            "price": "112.25",
            "revenue": 29137
        },
        "2013-02": {
            "month": "2013-02",
            "price": "110.42",
            "revenue": 22870
        },
        "2013-03": {
            "month": "2013-03",
            "price": "103.26",
            "revenue": 30460
        },
        "2013-04": {
            "month": "2013-04",
            "price": "100.14",
            "revenue": 29423
        },
        "2013-05": {
            "month": "2013-05",
            "price": "98.71",
            "revenue": 30804
        },
        "2013-06": {
            "month": "2013-06",
            "price": "97.73",
            "revenue": 34751
        },
        "2013-07": {
            "month": "2013-07",
            "price": "80.01",
            "revenue": 40013
        },
        "2013-08": {
            "month": "2013-08",
            "price": "71.41",
            "revenue": 38427
        },
        "2013-09": {
            "month": "2013-09",
            "price": "79.40",
            "revenue": 36775
        },
        "2013-10": {
            "month": "2013-10",
            "price": "72.50",
            "revenue": 38648
        },
        "2013-11": {
            "month": "2013-11",
            "price": "74.64",
            "revenue": 40761
        },
        "2013-12": {
            "month": "2013-12",
            "price": "75.75",
            "revenue": 44563
        },
        "2014-01": {
            "month": "2014-01",
            "price": "81.36",
            "revenue": 38066
        },
        "2014-02": {
            "month": "2014-02",
            "price": "91.46",
            "revenue": 31607
        },
        "2014-03": {
            "month": "2014-03",
            "price": "96.88",
            "revenue": 39994
        },
        "2014-04": {
            "month": "2014-04",
            "price": "93.72",
            "revenue": 40238
        },
        "2014-05": {
            "month": "2014-05",
            "price": "92.12",
            "revenue": 45220
        },
        "2014-06": {
            "month": "2014-06",
            "price": "90.99",
            "revenue": 45487
        },
        "2014-07": {
            "month": "2014-07",
            "price": "85.04",
            "revenue": 59358
        },
        "2014-08": {
            "month": "2014-08",
            "price": "80.95",
            "revenue": 62727
        },
        "2014-09": {
            "month": "2014-09",
            "price": "80.68",
            "revenue": 67947
        },
        "2014-10": {
            "month": "2014-10",
            "price": "77.74",
            "revenue": 64789
        },
        "2014-11": {
            "month": "2014-11",
            "price": "75.98",
            "revenue": 70754
        },
        "2014-12": {
            "month": "2014-12",
            "price": "75.21",
            "revenue": 100774
        },
        "2015-01": {
            "month": "2015-01",
            "price": "75.48",
            "revenue": 61409
        },
        "2015-02": {
            "month": "2015-02",
            "price": "75.46",
            "revenue": 51319
        },
        "2015-03": {
            "month": "2015-03",
            "price": "77.57",
            "revenue": 67999
        },
        "2015-04": {
            "month": "2015-04",
            "price": "79.91",
            "revenue": 67291
        },
        "2015-05": {
            "month": "2015-05",
            "price": "74.80",
            "revenue": 68905
        },
        "2015-06": {
            "month": "2015-06",
            "price": "70.63",
            "revenue": 67655
        },
        "2015-07": {
            "month": "2015-07",
            "price": "66.60",
            "revenue": 78281
        },
        "2015-08": {
            "month": "2015-08",
            "price": "68.62",
            "revenue": 78219
        },
        "2015-09": {
            "month": "2015-09",
            "price": "69.30",
            "revenue": 84362
        },
        "2015-10": {
            "month": "2015-10",
            "price": "75.74",
            "revenue": 93875
        },
        "2015-11": {
            "month": "2015-11",
            "price": "73.93",
            "revenue": 106786
        },
        "2015-12": {
            "month": "2015-12",
            "price": "69.46",
            "revenue": 136570
        },
        "2016-01": {
            "month": "2016-01",
            "price": "63.33",
            "revenue": 74402
        },
        "2016-02": {
            "month": "2016-02",
            "price": "62.72",
            "revenue": 63230
        },
        "2016-03": {
            "month": "2016-03",
            "price": "60.96",
            "revenue": 78627
        },
        "2016-04": {
            "month": "2016-04",
            "price": "60.01",
            "revenue": 81019
        },
        "2016-05": {
            "month": "2016-05",
            "price": "57.64",
            "revenue": 82339
        },
        "2016-06": {
            "month": "2016-06",
            "price": "54.39",
            "revenue": 69429
        },
        "2016-07": {
            "month": "2016-07",
            "price": "47.00",
            "revenue": 68089
        },
        "2016-08": {
            "month": "2016-08",
            "price": "44.57",
            "revenue": 78584
        },
        "2016-09": {
            "month": "2016-09",
            "price": "39.06",
            "revenue": 68174
        },
        "2016-10": {
            "month": "2016-10",
            "price": "40.45",
            "revenue": 70899
        },
        "2016-11": {
            "month": "2016-11",
            "price": "37.19",
            "revenue": 83640
        },
        "2016-12": {
            "month": "2016-12",
            "price": "33.04",
            "revenue": 107549
        },
        "2017-01": {
            "month": "2017-01",
            "price": "29.51",
            "revenue": 57982
        },
        "2017-02": {
            "month": "2017-02",
            "price": "31.06",
            "revenue": 56099
        },
        "2017-03": {
            "month": "2017-03",
            "price": "40.19",
            "revenue": 65068
        },
        "2017-04": {
            "month": "2017-04",
            "price": "38.29",
            "revenue": 67413
        },
        "2017-05": {
            "month": "2017-05",
            "price": "48.83",
            "revenue": 68119
        },
        "2017-06": {
            "month": "2017-06",
            "price": "57.71",
            "revenue": 71990
        },
        "2017-07": {
            "month": "2017-07",
            "price": "59.59",
            "revenue": 75650
        },
        "2017-08": {
            "month": "2017-08",
            "price": "55.21",
            "revenue": 75810
        },
        "2017-09": {
            "month": "2017-09",
            "price": "53.49",
            "revenue": 75842
        },
        "2017-10": {
            "month": "2017-10",
            "price": "53.29",
            "revenue": 85734
        },
        "2017-11": {
            "month": "2017-11",
            "price": "52.76",
            "revenue": 93658
        },
        "2017-12": {
            "month": "2017-12",
            "price": "55.16",
            "revenue": 130145
        },
        "2018-01": {
            "month": "2018-01",
            "price": "66.09",
            "revenue": 77066
        },
        "2018-02": {
            "month": "2018-02",
            "price": "69.45",
            "revenue": 60621
        },
        "2018-03": {
            "month": "2018-03",
            "price": "66.65",
            "revenue": 70960
        },
        "2018-04": {
            "month": "2018-04",
            "price": "73.10",
            "revenue": 71192
        },
        "2018-05": {
            "month": "2018-05",
            "price": "71.91",
            "revenue": 72651
        },
        "2018-06": {
            "month": "2018-06",
            "price": "69.40",
            "revenue": 72567
        },
        "2018-07": {
            "month": "2018-07",
            "price": "61.84",
            "revenue": 77300
        },
        "2018-08": {
            "month": "2018-08",
            "price": "54.67",
            "revenue": 77827
        },
        "2018-09": {
            "month": "2018-09",
            "price": "53.82",
            "revenue": 74343
        },
        "2018-10": {
            "month": "2018-10",
            "price": "50.44",
            "revenue": 82650
        },
        "2018-11": {
            "month": "2018-11",
            "price": "49.92",
            "revenue": 85727
        },
        "2018-12": {
            "month": "2018-12",
            "price": "49.82",
            "revenue": 108474
        },
        "2019-01": {
            "month": "2019-01",
            "price": "44.43",
            "revenue": 85223
        },
        "2019-02": {
            "month": "2019-02",
            "price": "42.90",
            "revenue": 58108
        },
        "2019-03": {
            "month": "2019-03",
            "price": "41.68",
            "revenue": 76155
        },
        "2019-04": {
            "month": "2019-04",
            "price": "40.76",
            "revenue": 79542
        },
        "2019-05": {
            "month": "2019-05",
            "price": "42.79",
            "revenue": 82994
        },
        "2019-06": {
            "month": "2019-06",
            "price": "41.52",
            "revenue": 78617
        },
        "2019-07": {
            "month": "2019-07",
            "price": "40.62",
            "revenue": 87583
        },
        "2019-08": {
            "month": "2019-08",
            "price": "39.43",
            "revenue": 89153
        },
        "2019-09": {
            "month": "2019-09",
            "price": "39.43",
            "revenue": 85546
        },
        "2019-10": {
            "month": "2019-10",
            "price": "40.81",
            "revenue": 87431
        },
        "2019-11": {
            "month": "2019-11",
            "price": "40.39",
            "revenue": 94661
        },
        "2019-12": {
            "month": "2019-12",
            "price": "40.15",
            "revenue": 113744
        },
        "2020-01": {
            "month": "2020-01",
            "price": "39.47",
            "revenue": 67678
        },
        "2020-02": {
            "month": "2020-02",
            "price": "38.07",
            "revenue": 61079
        },
        "2020-03": {
            "month": "2020-03",
            "price": "33.99",
            "revenue": 69687
        },
        "2020-04": {
            "month": "2020-04",
            "price": "39.10",
            "revenue": 59048
        },
        "2020-05": {
            "month": "2020-05",
            "price": "44.05",
            "revenue": 59463
        },
        "2020-06": {
            "month": "2020-06",
            "price": "58.46",
            "revenue": 69357
        },
        "2020-07": {
            "month": "2020-07",
            "price": "51.66",
            "revenue": 75159
        },
        "2020-08": {
            "month": "2020-08",
            "price": "52.90",
            "revenue": 79397
        },
        "2020-09": {
            "month": "2020-09",
            "price": "56.07",
            "revenue": 80141
        },
        "2020-10": {
            "month": "2020-10",
            "price": "54.19",
            "revenue": 83426
        },
        "2020-11": {
            "month": "2020-11",
            "price": "54.70",
            "revenue": 90344
        },
        "2020-12": {
            "month": "2020-12",
            "price": "56.97",
            "revenue": 116846
        },
        "2021-01": {
            "month": "2021-01",
            "price": "59.52",
            "revenue": 79006
        },
        "2021-02": {
            "month": "2021-02",
            "price": "56.27",
            "revenue": 59923
        },
        "2021-03": {
            "month": "2021-03",
            "price": "54.51",
            "revenue": 80193
        },
        "2021-04": {
            "month": "2021-04",
            "price": "56.55",
            "revenue": 77105
        },
        "2021-05": {
            "month": "2021-05",
            "price": "54.30",
            "revenue": 75725
        },
        "2021-06": {
            "month": "2021-06",
            "price": "53.21",
            "revenue": 72424
        },
        "2021-07": {
            "month": "2021-07",
            "price": "52.94",
            "revenue": 75034
        },
        "2021-08": {
            "month": "2021-08",
            "price": "52.20",
            "revenue": 78446
        },
        "2021-09": {
            "month": "2021-09",
            "price": "49.54",
            "revenue": 78364
        },
        "2021-10": {
            "month": "2021-10",
            "price": "48.62",
            "revenue": 80567
        },
        "2021-11": {
            "month": "2021-11",
            "price": "46.88",
            "revenue": 86971
        },
        "2021-12": {
            "month": "2021-12",
            "price": "44.13",
            "revenue": 112927
        },
        "2022-01": {
            "month": "2022-01",
            "price": "42.85",
            "revenue": 88890
        },
        "2022-02": {
            "month": "2022-02",
            "price": "41.62",
            "revenue": 52866
        },
        "2022-03": {
            "month": "2022-03",
            "price": "44.72",
            "revenue": 83879
        },
        "2022-04": {
            "month": "2022-04",
            "price": "44.54",
            "revenue": 83123
        },
        "2022-05": {
            "month": "2022-05",
            "price": "44.09",
            "revenue": 82530
        },
        "2022-06": {
            "month": "2022-06",
            "price": "43.99",
            "revenue": 81136
        },
        "2022-07": {
            "month": "2022-07",
            "price": "45.90",
            "revenue": 81830
        },
        "2022-08": {
            "month": "2022-08",
            "price": "49.92",
            "revenue": 87346
        },
        "2022-09": {
            "month": "2022-09",
            "price": "52.83",
            "revenue": 90004
        },
        "2022-10": {
            "month": "2022-10",
            "price": "48.26",
            "revenue": 105829
        },
        "2022-11": {
            "month": "2022-11",
            "price": "45.84",
            "revenue": 102302
        },
        "2022-12": {
            "month": "2022-12",
            "price": "43.43",
            "revenue": 120933
        },
        "2023-01": {
            "month": "2023-01",
            "price": "40.83",
            "revenue": 85638
        },
        "2023-02": {
            "month": "2023-02",
            "price": "39.38",
            "revenue": 89529
        },
        "2023-03": {
            "month": "2023-03",
            "price": "38.49",
            "revenue": 103630
        },
        "2023-04": {
            "month": "2023-04",
            "price": "37.59",
            "revenue": 94754
        },
        "2023-05": {
            "month": "2023-05",
            "price": "37.49",
            "revenue": 106304
        },
        "2023-06": {
            "month": "2023-06",
            "price": "36.72",
            "revenue": 96798
        },
        "2023-07": {
            "month": "2023-07",
            "price": "34.31",
            "revenue": 106017
        },
        "2023-08": {
            "month": "2023-08",
            "price": "36.96",
            "revenue": 104139
        },
        "2023-09": {
            "month": "2023-09",
            "price": "41.82",
            "revenue": 103731
        },
        "2023-10": {
            "month": "2023-10",
            "price": "39.75",
            "revenue": 103528
        },
        "2023-11": {
            "month": "2023-11",
            "price": "38.08",
            "revenue": 97835
        },
        "2023-12": {
            "month": "2023-12",
            "price": "34.94",
            "revenue": 126456
        }
    }
}
