{
    "summary": {
        "stock_name": "龍燈-KY",
        "stock_id": "4141",
        "category": "生技醫療",
        "main_business": "作物保劑、植物營養劑的研究開發、生產製造與銷售一體化服務",
        "website_url": "http://www.rotam.com/",
        "ceo": "羅昌庚",
        "pe_ratio": -14,
        "report_year_from": 2009,
        "report_year_to": 2021,
        "age": 14,
        "eps_negative_percentage": 45,
        "eps_growth_avg": {
            "last_all": -36.11,
            "last_2y": -100,
            "last_4y": -100,
            "last_8y": -63.33,
            "last_12y": null,
            "last_16y": null,
            "last_20y": null,
            "at_2006_last_3y": null,
            "at_2007_last_3y": null,
            "at_2008_last_3y": null,
            "at_2009_last_3y": null,
            "at_2010_last_3y": null,
            "at_2011_last_3y": null,
            "at_2012_last_3y": null,
            "at_2013_last_3y": null,
            "at_2014_last_3y": null,
            "at_2015_last_3y": -4.16,
            "at_2016_last_3y": -38.88,
            "at_2017_last_3y": -58.66,
            "at_2018_last_3y": -100,
            "at_2019_last_3y": -100,
            "at_2020_last_3y": -100,
            "at_2021_last_3y": -100,
            "at_2022_last_3y": -100,
            "at_2023_last_3y": -100,
            "at_2006_last_all": null,
            "at_2007_last_all": null,
            "at_2008_last_all": null,
            "at_2009_last_all": null,
            "at_2010_last_all": null,
            "at_2011_last_all": null,
            "at_2012_last_all": null,
            "at_2013_last_all": 29.67,
            "at_2014_last_all": 27.79,
            "at_2015_last_all": -4.16,
            "at_2016_last_all": -4.16,
            "at_2017_last_all": -23.33,
            "at_2018_last_all": -23.33,
            "at_2019_last_all": -36.11,
            "at_2020_last_all": -36.11,
            "at_2021_last_all": -36.11,
            "at_2022_last_all": -36.11,
            "at_2023_last_all": -36.11
        },
        "latest_eps": -1.91,
        "latest_price": 26.1,
        "latest_roe": -7.35,
        "latest_gross_margin": 35.43,
        "latest_equity": 5110443,
        "latest_revenue": 3652522,
        "latest_gross_profit": 1294005,
        "latest_net_income": 47487,
        "latest_debt_ratio": 71.95,
        "latest_current_ratio": 93.21,
        "latest_account_receivable_turnover_ratio": 1.15,
        "latest_inventory_turnover_ratio": 0.79,
        "latest_reinvestment_rate": null,
        "latest_research_to_sale_ratio": 2.68
    },
    "eps_dividends": {
        "2001": {
            "cash": 0,
            "stock": 0,
            "eps": 0
        },
        "2002": {
            "cash": 0,
            "stock": 0,
            "eps": 0
        },
        "2003": {
            "cash": 0,
            "stock": 0,
            "eps": 0
        },
        "2004": {
            "cash": 0,
            "stock": 0,
            "eps": 0
        },
        "2005": {
            "cash": 0,
            "stock": 0,
            "eps": 0
        },
        "2006": {
            "cash": 0,
            "stock": 0,
            "eps": 0
        },
        "2007": {
            "cash": 0,
            "stock": 0,
            "eps": 0
        },
        "2008": {
            "cash": 0,
            "stock": 0,
            "eps": 0
        },
        "2009": {
            "cash": 0,
            "stock": 0,
            "eps": 0
        },
        "2010": {
            "cash": 0,
            "stock": 3088.6,
            "eps": 0
        },
        "2011": {
            "cash": 1,
            "stock": 0,
            "eps": 0.85
        },
        "2012": {
            "cash": 0,
            "stock": 0,
            "eps": 4.28
        },
        "2013": {
            "cash": 1.1,
            "stock": 0,
            "eps": 2.54
        },
        "2014": {
            "cash": 0.6,
            "stock": 0.6,
            "eps": 3.15
        },
        "2015": {
            "cash": 0.7,
            "stock": 0,
            "eps": -1.45
        },
        "2016": {
            "cash": 0,
            "stock": 0,
            "eps": 3.65
        },
        "2017": {
            "cash": 1.2,
            "stock": 0,
            "eps": -1.01
        },
        "2018": {
            "cash": 0,
            "stock": 0,
            "eps": 0.54
        },
        "2019": {
            "cash": 0,
            "stock": 0,
            "eps": -2.64
        },
        "2020": {
            "cash": 0,
            "stock": 0,
            "eps": -2.96
        },
        "2021": {
            "cash": 0,
            "stock": 0,
            "eps": -2.14
        }
    },
    "dividends": {
        "2010-12-31": {
            "cash": 0,
            "stock": 3088.6
        },
        "2011-01-01": {
            "cash": 1,
            "stock": 0
        },
        "2013-05-08": {
            "cash": 1.1,
            "stock": 0
        },
        "2014-11-27": {
            "cash": 0.6,
            "stock": 0.6
        },
        "2015-11-27": {
            "cash": 0.7,
            "stock": 0
        },
        "2017-11-28": {
            "cash": 1.2,
            "stock": 0
        }
    },
    "prices": {
        "200101": "無",
        "200102": "無",
        "200103": "無",
        "200104": "無",
        "200105": "無",
        "200106": "無",
        "200107": "無",
        "200108": "無",
        "200109": "無",
        "200110": "無",
        "200111": "無",
        "200112": "無",
        "200201": "無",
        "200202": "無",
        "200203": "無",
        "200204": "無",
        "200205": "無",
        "200206": "無",
        "200207": "無",
        "200208": "無",
        "200209": "無",
        "200210": "無",
        "200211": "無",
        "200212": "無",
        "200301": "無",
        "200302": "無",
        "200303": "無",
        "200304": "無",
        "200305": "無",
        "200306": "無",
        "200307": "無",
        "200308": "無",
        "200309": "無",
        "200310": "無",
        "200311": "無",
        "200312": "無",
        "200401": "無",
        "200402": "無",
        "200403": "無",
        "200404": "無",
        "200405": "無",
        "200406": "無",
        "200407": "無",
        "200408": "無",
        "200409": "無",
        "200410": "無",
        "200411": "無",
        "200412": "無",
        "200501": "無",
        "200502": "無",
        "200503": "無",
        "200504": "無",
        "200505": "無",
        "200506": "無",
        "200507": "無",
        "200508": "無",
        "200509": "無",
        "200510": "無",
        "200511": "無",
        "200512": "無",
        "200601": "無",
        "200602": "無",
        "200603": "無",
        "200604": "無",
        "200605": "無",
        "200606": "無",
        "200607": "無",
        "200608": "無",
        "200609": "無",
        "200610": "無",
        "200611": "無",
        "200612": "無",
        "200701": "無",
        "200702": "無",
        "200703": "無",
        "200704": "無",
        "200705": "無",
        "200706": "無",
        "200707": "無",
        "200708": "無",
        "200709": "無",
        "200710": "無",
        "200711": "無",
        "200712": "無",
        "200801": "無",
        "200802": "無",
        "200803": "無",
        "200804": "無",
        "200805": "無",
        "200806": "無",
        "200807": "無",
        "200808": "無",
        "200809": "無",
        "200810": "無",
        "200811": "無",
        "200812": "無",
        "200901": "無",
        "200902": "無",
        "200903": "無",
        "200904": "無",
        "200905": "無",
        "200906": "無",
        "200907": "無",
        "200908": "無",
        "200909": "無",
        "200910": "無",
        "200911": "無",
        "200912": "無",
        "201001": "無",
        "201002": "無",
        "201003": "無",
        "201004": "無",
        "201005": "無",
        "201006": "無",
        "201007": "無",
        "201008": "無",
        "201009": "無",
        "201010": "無",
        "201011": "無",
        "201012": "無",
        "201101": "無",
        "201102": "無",
        "201103": "無",
        "201104": "無",
        "201105": "無",
        "201106": "無",
        "201107": "無",
        "201108": "無",
        "201109": "無",
        "201110": "無",
        "201111": "無",
        "201112": "無",
        "201201": "無",
        "201202": "無",
        "201203": "無",
        "201204": "85.65",
        "201205": "79.31",
        "201206": "71.20",
        "201207": "78.05",
        "201208": "83.37",
        "201209": "79.28",
        "201210": "77.70",
        "201211": "72.41",
        "201212": "76.09",
        "201301": "73.62",
        "201302": "74.76",
        "201303": "74.79",
        "201304": "65.98",
        "201305": "60.45",
        "201306": "58.75",
        "201307": "55.96",
        "201308": "53.55",
        "201309": "50.53",
        "201310": "53.10",
        "201311": "50.81",
        "201312": "60.25",
        "201401": "62.22",
        "201402": "58.09",
        "201403": "62.62",
        "201404": "60.57",
        "201405": "57.84",
        "201406": "61.56",
        "201407": "65.24",
        "201408": "67.12",
        "201409": "63.36",
        "201410": "55.43",
        "201411": "51.71",
        "201412": "52.39",
        "201501": "52.87",
        "201502": "50.69",
        "201503": "49.39",
        "201504": "47.88",
        "201505": "48.76",
        "201506": "44.68",
        "201507": "42.50",
        "201508": "34.44",
        "201509": "30.03",
        "201510": "32.50",
        "201511": "35.03",
        "201512": "33.43",
        "201601": "28.71",
        "201602": "28.75",
        "201603": "34.75",
        "201604": "36.66",
        "201605": "38.16",
        "201606": "40.53",
        "201607": "42.08",
        "201608": "41.53",
        "201609": "39.33",
        "201610": "37.38",
        "201611": "33.55",
        "201612": "33.31",
        "201701": "32.55",
        "201702": "34.04",
        "201703": "34.50",
        "201704": "33.67",
        "201705": "31.56",
        "201706": "31.60",
        "201707": "31.83",
        "201708": "29.04",
        "201709": "28.16",
        "201710": "30.21",
        "201711": "29.40",
        "201712": "27.62",
        "201801": "27.28",
        "201802": "25.19",
        "201803": "26.64",
        "201804": "26.63",
        "201805": "25.44",
        "201806": "25.62",
        "201807": "22.45",
        "201808": "23.80",
        "201809": "22.81",
        "201810": "20.08",
        "201811": "18.23",
        "201812": "18.32",
        "201901": "19.30",
        "201902": "18.71",
        "201903": "18.67",
        "201904": "19.25",
        "201905": "18.08",
        "201906": "17.30",
        "201907": "17.59",
        "201908": "17.08",
        "201909": "17.20",
        "201910": "17.08",
        "201911": "16.30",
        "201912": "14.86",
        "202001": "14.30",
        "202002": "14.13",
        "202003": "12.70",
        "202004": "13.34",
        "202005": "14.45",
        "202006": "15.00",
        "202007": "14.52",
        "202008": "12.82",
        "202009": "12.45",
        "202010": "11.47",
        "202011": "11.37",
        "202012": "12.20",
        "202101": "11.81",
        "202102": "11.88",
        "202103": "11.90",
        "202104": "12.98",
        "202105": "12.64",
        "202106": "11.93",
        "202107": "12.34",
        "202108": "12.30",
        "202109": "15.30",
        "202110": "25.48",
        "202111": "21.79",
        "202112": "24.43",
        "202201": "25.19",
        "202202": "25.59",
        "202203": "25.80",
        "202204": "26.06",
        "202205": "無",
        "202206": "無",
        "202207": "無",
        "202208": "無",
        "202209": "無",
        "202210": "無",
        "202211": "無",
        "202212": "無",
        "202301": "無",
        "202302": "無",
        "202303": "無",
        "202304": "無",
        "202305": "無",
        "202306": "無",
        "202307": "無",
        "202308": "無",
        "202309": "無"
    },
    "quarters": {
        "20011": {
            "year_quarter": 20011,
            "year": 2001,
            "quarter": 1,
            "eps": null,
            "eps_growth_year": null,
            "eps_4q": null,
            "eps_4q_growth_year": null,
            "roe": null,
            "roe_4q": 0,
            "gross_profit": null,
            "gross_margin": null,
            "gross_margin_4q_avg": 0,
            "net_income": null,
            "revenue": null,
            "common_shares": null,
            "book_valuer_per_share": null,
            "book_valuer_per_share_4q_avg": 0,
            "equity": null,
            "current_ratio": null,
            "debt_ratio": null,
            "inventory_turnover_ratio": null,
            "account_receivable_turnover_ratio": null,
            "reinvestment_rate": null,
            "research_to_sale_ratio": null,
            "price_fair": 0,
            "eps_avg_yearly": 0,
            "eps_latest_yearly": 0,
            "eps_growth_yearly": 0
        },
        "20012": {
            "year_quarter": 20012,
            "year": 2001,
            "quarter": 2,
            "eps": null,
            "eps_growth_year": null,
            "eps_4q": null,
            "eps_4q_growth_year": null,
            "roe": null,
            "roe_4q": 0,
            "gross_profit": null,
            "gross_margin": null,
            "gross_margin_4q_avg": 0,
            "net_income": null,
            "revenue": null,
            "common_shares": null,
            "book_valuer_per_share": null,
            "book_valuer_per_share_4q_avg": 0,
            "equity": null,
            "current_ratio": null,
            "debt_ratio": null,
            "inventory_turnover_ratio": null,
            "account_receivable_turnover_ratio": null,
            "reinvestment_rate": null,
            "research_to_sale_ratio": null,
            "price_fair": 0,
            "eps_avg_yearly": 0,
            "eps_latest_yearly": 0,
            "eps_growth_yearly": 0
        },
        "20013": {
            "year_quarter": 20013,
            "year": 2001,
            "quarter": 3,
            "eps": null,
            "eps_growth_year": null,
            "eps_4q": null,
            "eps_4q_growth_year": null,
            "roe": null,
            "roe_4q": 0,
            "gross_profit": null,
            "gross_margin": null,
            "gross_margin_4q_avg": 0,
            "net_income": null,
            "revenue": null,
            "common_shares": null,
            "book_valuer_per_share": null,
            "book_valuer_per_share_4q_avg": 0,
            "equity": null,
            "current_ratio": null,
            "debt_ratio": null,
            "inventory_turnover_ratio": null,
            "account_receivable_turnover_ratio": null,
            "reinvestment_rate": null,
            "research_to_sale_ratio": null,
            "price_fair": 0,
            "eps_avg_yearly": 0,
            "eps_latest_yearly": 0,
            "eps_growth_yearly": 0
        },
        "20014": {
            "year_quarter": 20014,
            "year": 2001,
            "quarter": 4,
            "eps": null,
            "eps_growth_year": null,
            "eps_4q": null,
            "eps_4q_growth_year": null,
            "roe": null,
            "roe_4q": 0,
            "gross_profit": null,
            "gross_margin": null,
            "gross_margin_4q_avg": 0,
            "net_income": null,
            "revenue": null,
            "common_shares": null,
            "book_valuer_per_share": null,
            "book_valuer_per_share_4q_avg": 0,
            "equity": null,
            "current_ratio": null,
            "debt_ratio": null,
            "inventory_turnover_ratio": null,
            "account_receivable_turnover_ratio": null,
            "reinvestment_rate": null,
            "research_to_sale_ratio": null,
            "price_fair": 0,
            "eps_avg_yearly": 0,
            "eps_latest_yearly": 0,
            "eps_growth_yearly": 0
        },
        "20021": {
            "year_quarter": 20021,
            "year": 2002,
            "quarter": 1,
            "eps": null,
            "eps_growth_year": null,
            "eps_4q": null,
            "eps_4q_growth_year": null,
            "roe": null,
            "roe_4q": 0,
            "gross_profit": null,
            "gross_margin": null,
            "gross_margin_4q_avg": 0,
            "net_income": null,
            "revenue": null,
            "common_shares": null,
            "book_valuer_per_share": null,
            "book_valuer_per_share_4q_avg": 0,
            "equity": null,
            "current_ratio": null,
            "debt_ratio": null,
            "inventory_turnover_ratio": null,
            "account_receivable_turnover_ratio": null,
            "reinvestment_rate": null,
            "research_to_sale_ratio": null,
            "price_fair": 0,
            "eps_avg_yearly": 0,
            "eps_latest_yearly": 0,
            "eps_growth_yearly": 0
        },
        "20022": {
            "year_quarter": 20022,
            "year": 2002,
            "quarter": 2,
            "eps": null,
            "eps_growth_year": null,
            "eps_4q": null,
            "eps_4q_growth_year": null,
            "roe": null,
            "roe_4q": 0,
            "gross_profit": null,
            "gross_margin": null,
            "gross_margin_4q_avg": 0,
            "net_income": null,
            "revenue": null,
            "common_shares": null,
            "book_valuer_per_share": null,
            "book_valuer_per_share_4q_avg": 0,
            "equity": null,
            "current_ratio": null,
            "debt_ratio": null,
            "inventory_turnover_ratio": null,
            "account_receivable_turnover_ratio": null,
            "reinvestment_rate": null,
            "research_to_sale_ratio": null,
            "price_fair": 0,
            "eps_avg_yearly": 0,
            "eps_latest_yearly": 0,
            "eps_growth_yearly": 0
        },
        "20023": {
            "year_quarter": 20023,
            "year": 2002,
            "quarter": 3,
            "eps": null,
            "eps_growth_year": null,
            "eps_4q": null,
            "eps_4q_growth_year": null,
            "roe": null,
            "roe_4q": 0,
            "gross_profit": null,
            "gross_margin": null,
            "gross_margin_4q_avg": 0,
            "net_income": null,
            "revenue": null,
            "common_shares": null,
            "book_valuer_per_share": null,
            "book_valuer_per_share_4q_avg": 0,
            "equity": null,
            "current_ratio": null,
            "debt_ratio": null,
            "inventory_turnover_ratio": null,
            "account_receivable_turnover_ratio": null,
            "reinvestment_rate": null,
            "research_to_sale_ratio": null,
            "price_fair": 0,
            "eps_avg_yearly": 0,
            "eps_latest_yearly": 0,
            "eps_growth_yearly": 0
        },
        "20024": {
            "year_quarter": 20024,
            "year": 2002,
            "quarter": 4,
            "eps": null,
            "eps_growth_year": null,
            "eps_4q": null,
            "eps_4q_growth_year": null,
            "roe": null,
            "roe_4q": 0,
            "gross_profit": null,
            "gross_margin": null,
            "gross_margin_4q_avg": 0,
            "net_income": null,
            "revenue": null,
            "common_shares": null,
            "book_valuer_per_share": null,
            "book_valuer_per_share_4q_avg": 0,
            "equity": null,
            "current_ratio": null,
            "debt_ratio": null,
            "inventory_turnover_ratio": null,
            "account_receivable_turnover_ratio": null,
            "reinvestment_rate": null,
            "research_to_sale_ratio": null,
            "price_fair": 0,
            "eps_avg_yearly": 0,
            "eps_latest_yearly": 0,
            "eps_growth_yearly": 0
        },
        "20031": {
            "year_quarter": 20031,
            "year": 2003,
            "quarter": 1,
            "eps": null,
            "eps_growth_year": null,
            "eps_4q": null,
            "eps_4q_growth_year": null,
            "roe": null,
            "roe_4q": 0,
            "gross_profit": null,
            "gross_margin": null,
            "gross_margin_4q_avg": 0,
            "net_income": null,
            "revenue": null,
            "common_shares": null,
            "book_valuer_per_share": null,
            "book_valuer_per_share_4q_avg": 0,
            "equity": null,
            "current_ratio": null,
            "debt_ratio": null,
            "inventory_turnover_ratio": null,
            "account_receivable_turnover_ratio": null,
            "reinvestment_rate": null,
            "research_to_sale_ratio": null,
            "price_fair": 0,
            "eps_avg_yearly": 0,
            "eps_latest_yearly": 0,
            "eps_growth_yearly": 0
        },
        "20032": {
            "year_quarter": 20032,
            "year": 2003,
            "quarter": 2,
            "eps": null,
            "eps_growth_year": null,
            "eps_4q": null,
            "eps_4q_growth_year": null,
            "roe": null,
            "roe_4q": 0,
            "gross_profit": null,
            "gross_margin": null,
            "gross_margin_4q_avg": 0,
            "net_income": null,
            "revenue": null,
            "common_shares": null,
            "book_valuer_per_share": null,
            "book_valuer_per_share_4q_avg": 0,
            "equity": null,
            "current_ratio": null,
            "debt_ratio": null,
            "inventory_turnover_ratio": null,
            "account_receivable_turnover_ratio": null,
            "reinvestment_rate": null,
            "research_to_sale_ratio": null,
            "price_fair": 0,
            "eps_avg_yearly": 0,
            "eps_latest_yearly": 0,
            "eps_growth_yearly": 0
        },
        "20033": {
            "year_quarter": 20033,
            "year": 2003,
            "quarter": 3,
            "eps": null,
            "eps_growth_year": null,
            "eps_4q": null,
            "eps_4q_growth_year": null,
            "roe": null,
            "roe_4q": 0,
            "gross_profit": null,
            "gross_margin": null,
            "gross_margin_4q_avg": 0,
            "net_income": null,
            "revenue": null,
            "common_shares": null,
            "book_valuer_per_share": null,
            "book_valuer_per_share_4q_avg": 0,
            "equity": null,
            "current_ratio": null,
            "debt_ratio": null,
            "inventory_turnover_ratio": null,
            "account_receivable_turnover_ratio": null,
            "reinvestment_rate": null,
            "research_to_sale_ratio": null,
            "price_fair": 0,
            "eps_avg_yearly": 0,
            "eps_latest_yearly": 0,
            "eps_growth_yearly": 0
        },
        "20034": {
            "year_quarter": 20034,
            "year": 2003,
            "quarter": 4,
            "eps": null,
            "eps_growth_year": null,
            "eps_4q": null,
            "eps_4q_growth_year": null,
            "roe": null,
            "roe_4q": 0,
            "gross_profit": null,
            "gross_margin": null,
            "gross_margin_4q_avg": 0,
            "net_income": null,
            "revenue": null,
            "common_shares": null,
            "book_valuer_per_share": null,
            "book_valuer_per_share_4q_avg": 0,
            "equity": null,
            "current_ratio": null,
            "debt_ratio": null,
            "inventory_turnover_ratio": null,
            "account_receivable_turnover_ratio": null,
            "reinvestment_rate": null,
            "research_to_sale_ratio": null,
            "price_fair": 0,
            "eps_avg_yearly": 0,
            "eps_latest_yearly": 0,
            "eps_growth_yearly": 0
        },
        "20041": {
            "year_quarter": 20041,
            "year": 2004,
            "quarter": 1,
            "eps": null,
            "eps_growth_year": null,
            "eps_4q": null,
            "eps_4q_growth_year": null,
            "roe": null,
            "roe_4q": 0,
            "gross_profit": null,
            "gross_margin": null,
            "gross_margin_4q_avg": 0,
            "net_income": null,
            "revenue": null,
            "common_shares": null,
            "book_valuer_per_share": null,
            "book_valuer_per_share_4q_avg": 0,
            "equity": null,
            "current_ratio": null,
            "debt_ratio": null,
            "inventory_turnover_ratio": null,
            "account_receivable_turnover_ratio": null,
            "reinvestment_rate": null,
            "research_to_sale_ratio": null,
            "price_fair": 0,
            "eps_avg_yearly": 0,
            "eps_latest_yearly": 0,
            "eps_growth_yearly": 0
        },
        "20042": {
            "year_quarter": 20042,
            "year": 2004,
            "quarter": 2,
            "eps": null,
            "eps_growth_year": null,
            "eps_4q": null,
            "eps_4q_growth_year": null,
            "roe": null,
            "roe_4q": 0,
            "gross_profit": null,
            "gross_margin": null,
            "gross_margin_4q_avg": 0,
            "net_income": null,
            "revenue": null,
            "common_shares": null,
            "book_valuer_per_share": null,
            "book_valuer_per_share_4q_avg": 0,
            "equity": null,
            "current_ratio": null,
            "debt_ratio": null,
            "inventory_turnover_ratio": null,
            "account_receivable_turnover_ratio": null,
            "reinvestment_rate": null,
            "research_to_sale_ratio": null,
            "price_fair": 0,
            "eps_avg_yearly": 0,
            "eps_latest_yearly": 0,
            "eps_growth_yearly": 0
        },
        "20043": {
            "year_quarter": 20043,
            "year": 2004,
            "quarter": 3,
            "eps": null,
            "eps_growth_year": null,
            "eps_4q": null,
            "eps_4q_growth_year": null,
            "roe": null,
            "roe_4q": 0,
            "gross_profit": null,
            "gross_margin": null,
            "gross_margin_4q_avg": 0,
            "net_income": null,
            "revenue": null,
            "common_shares": null,
            "book_valuer_per_share": null,
            "book_valuer_per_share_4q_avg": 0,
            "equity": null,
            "current_ratio": null,
            "debt_ratio": null,
            "inventory_turnover_ratio": null,
            "account_receivable_turnover_ratio": null,
            "reinvestment_rate": null,
            "research_to_sale_ratio": null,
            "price_fair": 0,
            "eps_avg_yearly": 0,
            "eps_latest_yearly": 0,
            "eps_growth_yearly": 0
        },
        "20044": {
            "year_quarter": 20044,
            "year": 2004,
            "quarter": 4,
            "eps": null,
            "eps_growth_year": null,
            "eps_4q": null,
            "eps_4q_growth_year": null,
            "roe": null,
            "roe_4q": 0,
            "gross_profit": null,
            "gross_margin": null,
            "gross_margin_4q_avg": 0,
            "net_income": null,
            "revenue": null,
            "common_shares": null,
            "book_valuer_per_share": null,
            "book_valuer_per_share_4q_avg": 0,
            "equity": null,
            "current_ratio": null,
            "debt_ratio": null,
            "inventory_turnover_ratio": null,
            "account_receivable_turnover_ratio": null,
            "reinvestment_rate": null,
            "research_to_sale_ratio": null,
            "price_fair": 0,
            "eps_avg_yearly": 0,
            "eps_latest_yearly": 0,
            "eps_growth_yearly": 0
        },
        "20051": {
            "year_quarter": 20051,
            "year": 2005,
            "quarter": 1,
            "eps": null,
            "eps_growth_year": null,
            "eps_4q": null,
            "eps_4q_growth_year": null,
            "roe": null,
            "roe_4q": 0,
            "gross_profit": null,
            "gross_margin": null,
            "gross_margin_4q_avg": 0,
            "net_income": null,
            "revenue": null,
            "common_shares": null,
            "book_valuer_per_share": null,
            "book_valuer_per_share_4q_avg": 0,
            "equity": null,
            "current_ratio": null,
            "debt_ratio": null,
            "inventory_turnover_ratio": null,
            "account_receivable_turnover_ratio": null,
            "reinvestment_rate": null,
            "research_to_sale_ratio": null,
            "price_fair": 0,
            "eps_avg_yearly": 0,
            "eps_latest_yearly": 0,
            "eps_growth_yearly": 0
        },
        "20052": {
            "year_quarter": 20052,
            "year": 2005,
            "quarter": 2,
            "eps": null,
            "eps_growth_year": null,
            "eps_4q": null,
            "eps_4q_growth_year": null,
            "roe": null,
            "roe_4q": 0,
            "gross_profit": null,
            "gross_margin": null,
            "gross_margin_4q_avg": 0,
            "net_income": null,
            "revenue": null,
            "common_shares": null,
            "book_valuer_per_share": null,
            "book_valuer_per_share_4q_avg": 0,
            "equity": null,
            "current_ratio": null,
            "debt_ratio": null,
            "inventory_turnover_ratio": null,
            "account_receivable_turnover_ratio": null,
            "reinvestment_rate": null,
            "research_to_sale_ratio": null,
            "price_fair": 0,
            "eps_avg_yearly": 0,
            "eps_latest_yearly": 0,
            "eps_growth_yearly": 0
        },
        "20053": {
            "year_quarter": 20053,
            "year": 2005,
            "quarter": 3,
            "eps": null,
            "eps_growth_year": null,
            "eps_4q": null,
            "eps_4q_growth_year": null,
            "roe": null,
            "roe_4q": 0,
            "gross_profit": null,
            "gross_margin": null,
            "gross_margin_4q_avg": 0,
            "net_income": null,
            "revenue": null,
            "common_shares": null,
            "book_valuer_per_share": null,
            "book_valuer_per_share_4q_avg": 0,
            "equity": null,
            "current_ratio": null,
            "debt_ratio": null,
            "inventory_turnover_ratio": null,
            "account_receivable_turnover_ratio": null,
            "reinvestment_rate": null,
            "research_to_sale_ratio": null,
            "price_fair": 0,
            "eps_avg_yearly": 0,
            "eps_latest_yearly": 0,
            "eps_growth_yearly": 0
        },
        "20054": {
            "year_quarter": 20054,
            "year": 2005,
            "quarter": 4,
            "eps": null,
            "eps_growth_year": null,
            "eps_4q": null,
            "eps_4q_growth_year": null,
            "roe": null,
            "roe_4q": 0,
            "gross_profit": null,
            "gross_margin": null,
            "gross_margin_4q_avg": 0,
            "net_income": null,
            "revenue": null,
            "common_shares": null,
            "book_valuer_per_share": null,
            "book_valuer_per_share_4q_avg": 0,
            "equity": null,
            "current_ratio": null,
            "debt_ratio": null,
            "inventory_turnover_ratio": null,
            "account_receivable_turnover_ratio": null,
            "reinvestment_rate": null,
            "research_to_sale_ratio": null,
            "price_fair": 0,
            "eps_avg_yearly": 0,
            "eps_latest_yearly": 0,
            "eps_growth_yearly": 0
        },
        "20061": {
            "year_quarter": 20061,
            "year": 2006,
            "quarter": 1,
            "eps": null,
            "eps_growth_year": null,
            "eps_4q": null,
            "eps_4q_growth_year": null,
            "roe": null,
            "roe_4q": 0,
            "gross_profit": null,
            "gross_margin": null,
            "gross_margin_4q_avg": 0,
            "net_income": null,
            "revenue": null,
            "common_shares": null,
            "book_valuer_per_share": null,
            "book_valuer_per_share_4q_avg": 0,
            "equity": null,
            "current_ratio": null,
            "debt_ratio": null,
            "inventory_turnover_ratio": null,
            "account_receivable_turnover_ratio": null,
            "reinvestment_rate": null,
            "research_to_sale_ratio": null,
            "price_fair": 0,
            "eps_avg_yearly": 0,
            "eps_latest_yearly": 0,
            "eps_growth_yearly": 0
        },
        "20062": {
            "year_quarter": 20062,
            "year": 2006,
            "quarter": 2,
            "eps": null,
            "eps_growth_year": null,
            "eps_4q": null,
            "eps_4q_growth_year": null,
            "roe": null,
            "roe_4q": 0,
            "gross_profit": null,
            "gross_margin": null,
            "gross_margin_4q_avg": 0,
            "net_income": null,
            "revenue": null,
            "common_shares": null,
            "book_valuer_per_share": null,
            "book_valuer_per_share_4q_avg": 0,
            "equity": null,
            "current_ratio": null,
            "debt_ratio": null,
            "inventory_turnover_ratio": null,
            "account_receivable_turnover_ratio": null,
            "reinvestment_rate": null,
            "research_to_sale_ratio": null,
            "price_fair": 0,
            "eps_avg_yearly": 0,
            "eps_latest_yearly": 0,
            "eps_growth_yearly": 0
        },
        "20063": {
            "year_quarter": 20063,
            "year": 2006,
            "quarter": 3,
            "eps": null,
            "eps_growth_year": null,
            "eps_4q": null,
            "eps_4q_growth_year": null,
            "roe": null,
            "roe_4q": 0,
            "gross_profit": null,
            "gross_margin": null,
            "gross_margin_4q_avg": 0,
            "net_income": null,
            "revenue": null,
            "common_shares": null,
            "book_valuer_per_share": null,
            "book_valuer_per_share_4q_avg": 0,
            "equity": null,
            "current_ratio": null,
            "debt_ratio": null,
            "inventory_turnover_ratio": null,
            "account_receivable_turnover_ratio": null,
            "reinvestment_rate": null,
            "research_to_sale_ratio": null,
            "price_fair": 0,
            "eps_avg_yearly": 0,
            "eps_latest_yearly": 0,
            "eps_growth_yearly": 0
        },
        "20064": {
            "year_quarter": 20064,
            "year": 2006,
            "quarter": 4,
            "eps": null,
            "eps_growth_year": null,
            "eps_4q": null,
            "eps_4q_growth_year": null,
            "roe": null,
            "roe_4q": 0,
            "gross_profit": null,
            "gross_margin": null,
            "gross_margin_4q_avg": 0,
            "net_income": null,
            "revenue": null,
            "common_shares": null,
            "book_valuer_per_share": null,
            "book_valuer_per_share_4q_avg": 0,
            "equity": null,
            "current_ratio": null,
            "debt_ratio": null,
            "inventory_turnover_ratio": null,
            "account_receivable_turnover_ratio": null,
            "reinvestment_rate": null,
            "research_to_sale_ratio": null,
            "price_fair": 0,
            "eps_avg_yearly": 0,
            "eps_latest_yearly": 0,
            "eps_growth_yearly": 0
        },
        "20071": {
            "year_quarter": 20071,
            "year": 2007,
            "quarter": 1,
            "eps": null,
            "eps_growth_year": null,
            "eps_4q": null,
            "eps_4q_growth_year": null,
            "roe": null,
            "roe_4q": 0,
            "gross_profit": null,
            "gross_margin": null,
            "gross_margin_4q_avg": 0,
            "net_income": null,
            "revenue": null,
            "common_shares": null,
            "book_valuer_per_share": null,
            "book_valuer_per_share_4q_avg": 0,
            "equity": null,
            "current_ratio": null,
            "debt_ratio": null,
            "inventory_turnover_ratio": null,
            "account_receivable_turnover_ratio": null,
            "reinvestment_rate": null,
            "research_to_sale_ratio": null,
            "price_fair": 0,
            "eps_avg_yearly": 0,
            "eps_latest_yearly": 0,
            "eps_growth_yearly": 0
        },
        "20072": {
            "year_quarter": 20072,
            "year": 2007,
            "quarter": 2,
            "eps": null,
            "eps_growth_year": null,
            "eps_4q": null,
            "eps_4q_growth_year": null,
            "roe": null,
            "roe_4q": 0,
            "gross_profit": null,
            "gross_margin": null,
            "gross_margin_4q_avg": 0,
            "net_income": null,
            "revenue": null,
            "common_shares": null,
            "book_valuer_per_share": null,
            "book_valuer_per_share_4q_avg": 0,
            "equity": null,
            "current_ratio": null,
            "debt_ratio": null,
            "inventory_turnover_ratio": null,
            "account_receivable_turnover_ratio": null,
            "reinvestment_rate": null,
            "research_to_sale_ratio": null,
            "price_fair": 0,
            "eps_avg_yearly": 0,
            "eps_latest_yearly": 0,
            "eps_growth_yearly": 0
        },
        "20073": {
            "year_quarter": 20073,
            "year": 2007,
            "quarter": 3,
            "eps": null,
            "eps_growth_year": null,
            "eps_4q": null,
            "eps_4q_growth_year": null,
            "roe": null,
            "roe_4q": 0,
            "gross_profit": null,
            "gross_margin": null,
            "gross_margin_4q_avg": 0,
            "net_income": null,
            "revenue": null,
            "common_shares": null,
            "book_valuer_per_share": null,
            "book_valuer_per_share_4q_avg": 0,
            "equity": null,
            "current_ratio": null,
            "debt_ratio": null,
            "inventory_turnover_ratio": null,
            "account_receivable_turnover_ratio": null,
            "reinvestment_rate": null,
            "research_to_sale_ratio": null,
            "price_fair": 0,
            "eps_avg_yearly": 0,
            "eps_latest_yearly": 0,
            "eps_growth_yearly": 0
        },
        "20074": {
            "year_quarter": 20074,
            "year": 2007,
            "quarter": 4,
            "eps": null,
            "eps_growth_year": null,
            "eps_4q": null,
            "eps_4q_growth_year": null,
            "roe": null,
            "roe_4q": 0,
            "gross_profit": null,
            "gross_margin": null,
            "gross_margin_4q_avg": 0,
            "net_income": null,
            "revenue": null,
            "common_shares": null,
            "book_valuer_per_share": null,
            "book_valuer_per_share_4q_avg": 0,
            "equity": null,
            "current_ratio": null,
            "debt_ratio": null,
            "inventory_turnover_ratio": null,
            "account_receivable_turnover_ratio": null,
            "reinvestment_rate": null,
            "research_to_sale_ratio": null,
            "price_fair": 0,
            "eps_avg_yearly": 0,
            "eps_latest_yearly": 0,
            "eps_growth_yearly": 0
        },
        "20081": {
            "year_quarter": 20081,
            "year": 2008,
            "quarter": 1,
            "eps": null,
            "eps_growth_year": null,
            "eps_4q": null,
            "eps_4q_growth_year": null,
            "roe": null,
            "roe_4q": 0,
            "gross_profit": null,
            "gross_margin": null,
            "gross_margin_4q_avg": 0,
            "net_income": null,
            "revenue": null,
            "common_shares": null,
            "book_valuer_per_share": null,
            "book_valuer_per_share_4q_avg": 0,
            "equity": null,
            "current_ratio": null,
            "debt_ratio": null,
            "inventory_turnover_ratio": null,
            "account_receivable_turnover_ratio": null,
            "reinvestment_rate": null,
            "research_to_sale_ratio": null,
            "price_fair": 0,
            "eps_avg_yearly": 0,
            "eps_latest_yearly": 0,
            "eps_growth_yearly": 0
        },
        "20082": {
            "year_quarter": 20082,
            "year": 2008,
            "quarter": 2,
            "eps": null,
            "eps_growth_year": null,
            "eps_4q": null,
            "eps_4q_growth_year": null,
            "roe": null,
            "roe_4q": 0,
            "gross_profit": null,
            "gross_margin": null,
            "gross_margin_4q_avg": 0,
            "net_income": null,
            "revenue": null,
            "common_shares": null,
            "book_valuer_per_share": null,
            "book_valuer_per_share_4q_avg": 0,
            "equity": null,
            "current_ratio": null,
            "debt_ratio": null,
            "inventory_turnover_ratio": null,
            "account_receivable_turnover_ratio": null,
            "reinvestment_rate": null,
            "research_to_sale_ratio": null,
            "price_fair": 0,
            "eps_avg_yearly": 0,
            "eps_latest_yearly": 0,
            "eps_growth_yearly": 0
        },
        "20083": {
            "year_quarter": 20083,
            "year": 2008,
            "quarter": 3,
            "eps": null,
            "eps_growth_year": null,
            "eps_4q": null,
            "eps_4q_growth_year": null,
            "roe": null,
            "roe_4q": 0,
            "gross_profit": null,
            "gross_margin": null,
            "gross_margin_4q_avg": 0,
            "net_income": null,
            "revenue": null,
            "common_shares": null,
            "book_valuer_per_share": null,
            "book_valuer_per_share_4q_avg": 0,
            "equity": null,
            "current_ratio": null,
            "debt_ratio": null,
            "inventory_turnover_ratio": null,
            "account_receivable_turnover_ratio": null,
            "reinvestment_rate": null,
            "research_to_sale_ratio": null,
            "price_fair": 0,
            "eps_avg_yearly": 0,
            "eps_latest_yearly": 0,
            "eps_growth_yearly": 0
        },
        "20084": {
            "year_quarter": 20084,
            "year": 2008,
            "quarter": 4,
            "eps": null,
            "eps_growth_year": null,
            "eps_4q": null,
            "eps_4q_growth_year": null,
            "roe": null,
            "roe_4q": 0,
            "gross_profit": null,
            "gross_margin": null,
            "gross_margin_4q_avg": 0,
            "net_income": null,
            "revenue": null,
            "common_shares": 8831,
            "book_valuer_per_share": 926.14,
            "book_valuer_per_share_4q_avg": 231.54,
            "equity": 817873,
            "current_ratio": 97.94,
            "debt_ratio": 79.05,
            "inventory_turnover_ratio": null,
            "account_receivable_turnover_ratio": null,
            "reinvestment_rate": null,
            "research_to_sale_ratio": null,
            "price_fair": 0,
            "eps_avg_yearly": 0,
            "eps_latest_yearly": 0,
            "eps_growth_yearly": 0
        },
        "20091": {
            "year_quarter": 20091,
            "year": 2009,
            "quarter": 1,
            "eps": null,
            "eps_growth_year": null,
            "eps_4q": null,
            "eps_4q_growth_year": null,
            "roe": null,
            "roe_4q": 0,
            "gross_profit": null,
            "gross_margin": null,
            "gross_margin_4q_avg": 0,
            "net_income": null,
            "revenue": null,
            "common_shares": null,
            "book_valuer_per_share": null,
            "book_valuer_per_share_4q_avg": 231.54,
            "equity": null,
            "current_ratio": null,
            "debt_ratio": null,
            "inventory_turnover_ratio": null,
            "account_receivable_turnover_ratio": null,
            "reinvestment_rate": null,
            "research_to_sale_ratio": null,
            "price_fair": 0,
            "eps_avg_yearly": 0,
            "eps_latest_yearly": 0,
            "eps_growth_yearly": 0
        },
        "20092": {
            "year_quarter": 20092,
            "year": 2009,
            "quarter": 2,
            "eps": null,
            "eps_growth_year": null,
            "eps_4q": null,
            "eps_4q_growth_year": null,
            "roe": null,
            "roe_4q": 0,
            "gross_profit": null,
            "gross_margin": null,
            "gross_margin_4q_avg": 0,
            "net_income": null,
            "revenue": null,
            "common_shares": null,
            "book_valuer_per_share": null,
            "book_valuer_per_share_4q_avg": 231.54,
            "equity": null,
            "current_ratio": null,
            "debt_ratio": null,
            "inventory_turnover_ratio": null,
            "account_receivable_turnover_ratio": null,
            "reinvestment_rate": null,
            "research_to_sale_ratio": null,
            "price_fair": 0,
            "eps_avg_yearly": 0,
            "eps_latest_yearly": 0,
            "eps_growth_yearly": 0
        },
        "20093": {
            "year_quarter": 20093,
            "year": 2009,
            "quarter": 3,
            "eps": null,
            "eps_growth_year": null,
            "eps_4q": null,
            "eps_4q_growth_year": null,
            "roe": null,
            "roe_4q": 0,
            "gross_profit": null,
            "gross_margin": null,
            "gross_margin_4q_avg": 0,
            "net_income": null,
            "revenue": null,
            "common_shares": null,
            "book_valuer_per_share": null,
            "book_valuer_per_share_4q_avg": 231.54,
            "equity": null,
            "current_ratio": null,
            "debt_ratio": null,
            "inventory_turnover_ratio": null,
            "account_receivable_turnover_ratio": null,
            "reinvestment_rate": null,
            "research_to_sale_ratio": null,
            "price_fair": 0,
            "eps_avg_yearly": 0,
            "eps_latest_yearly": 0,
            "eps_growth_yearly": 0
        },
        "20094": {
            "year_quarter": 20094,
            "year": 2009,
            "quarter": 4,
            "eps": null,
            "eps_growth_year": null,
            "eps_4q": null,
            "eps_4q_growth_year": null,
            "roe": null,
            "roe_4q": 0,
            "gross_profit": null,
            "gross_margin": null,
            "gross_margin_4q_avg": 0,
            "net_income": null,
            "revenue": null,
            "common_shares": 320,
            "book_valuer_per_share": 46935.81,
            "book_valuer_per_share_4q_avg": 11733.95,
            "equity": 1501946,
            "current_ratio": 100.33,
            "debt_ratio": 66.33,
            "inventory_turnover_ratio": null,
            "account_receivable_turnover_ratio": null,
            "reinvestment_rate": null,
            "research_to_sale_ratio": null,
            "price_fair": 0,
            "eps_avg_yearly": 0,
            "eps_latest_yearly": 0,
            "eps_growth_yearly": 0
        },
        "20101": {
            "year_quarter": 20101,
            "year": 2010,
            "quarter": 1,
            "eps": null,
            "eps_growth_year": null,
            "eps_4q": null,
            "eps_4q_growth_year": null,
            "roe": null,
            "roe_4q": 0,
            "gross_profit": null,
            "gross_margin": null,
            "gross_margin_4q_avg": 0,
            "net_income": null,
            "revenue": null,
            "common_shares": null,
            "book_valuer_per_share": null,
            "book_valuer_per_share_4q_avg": 11733.95,
            "equity": null,
            "current_ratio": null,
            "debt_ratio": null,
            "inventory_turnover_ratio": null,
            "account_receivable_turnover_ratio": null,
            "reinvestment_rate": null,
            "research_to_sale_ratio": null,
            "price_fair": 0,
            "eps_avg_yearly": 0,
            "eps_latest_yearly": 0,
            "eps_growth_yearly": 0
        },
        "20102": {
            "year_quarter": 20102,
            "year": 2010,
            "quarter": 2,
            "eps": null,
            "eps_growth_year": null,
            "eps_4q": null,
            "eps_4q_growth_year": null,
            "roe": null,
            "roe_4q": 0,
            "gross_profit": null,
            "gross_margin": null,
            "gross_margin_4q_avg": 0,
            "net_income": null,
            "revenue": null,
            "common_shares": 365,
            "book_valuer_per_share": null,
            "book_valuer_per_share_4q_avg": 11733.95,
            "equity": 2049540,
            "current_ratio": null,
            "debt_ratio": null,
            "inventory_turnover_ratio": null,
            "account_receivable_turnover_ratio": null,
            "reinvestment_rate": null,
            "research_to_sale_ratio": null,
            "price_fair": 0,
            "eps_avg_yearly": 0,
            "eps_latest_yearly": 0,
            "eps_growth_yearly": 0
        },
        "20103": {
            "year_quarter": 20103,
            "year": 2010,
            "quarter": 3,
            "eps": null,
            "eps_growth_year": null,
            "eps_4q": null,
            "eps_4q_growth_year": null,
            "roe": null,
            "roe_4q": 0,
            "gross_profit": null,
            "gross_margin": null,
            "gross_margin_4q_avg": 0,
            "net_income": null,
            "revenue": null,
            "common_shares": null,
            "book_valuer_per_share": null,
            "book_valuer_per_share_4q_avg": 11733.95,
            "equity": null,
            "current_ratio": null,
            "debt_ratio": null,
            "inventory_turnover_ratio": null,
            "account_receivable_turnover_ratio": null,
            "reinvestment_rate": null,
            "research_to_sale_ratio": null,
            "price_fair": 0,
            "eps_avg_yearly": 0,
            "eps_latest_yearly": 0,
            "eps_growth_yearly": 0
        },
        "20104": {
            "year_quarter": 20104,
            "year": 2010,
            "quarter": 4,
            "eps": null,
            "eps_growth_year": null,
            "eps_4q": null,
            "eps_4q_growth_year": null,
            "roe": null,
            "roe_4q": 0,
            "gross_profit": null,
            "gross_margin": null,
            "gross_margin_4q_avg": 0,
            "net_income": null,
            "revenue": null,
            "common_shares": 1060560,
            "book_valuer_per_share": 23.44,
            "book_valuer_per_share_4q_avg": 5.86,
            "equity": 2486340,
            "current_ratio": 125.07,
            "debt_ratio": 59.4,
            "inventory_turnover_ratio": null,
            "account_receivable_turnover_ratio": null,
            "reinvestment_rate": null,
            "research_to_sale_ratio": null,
            "price_fair": 0,
            "eps_avg_yearly": 0,
            "eps_latest_yearly": 0,
            "eps_growth_yearly": 0
        },
        "20111": {
            "year_quarter": 20111,
            "year": 2011,
            "quarter": 1,
            "eps": null,
            "eps_growth_year": null,
            "eps_4q": null,
            "eps_4q_growth_year": null,
            "roe": null,
            "roe_4q": 0,
            "gross_profit": 504536,
            "gross_margin": null,
            "gross_margin_4q_avg": 0,
            "net_income": 111270,
            "revenue": 1245005,
            "common_shares": 1060560,
            "book_valuer_per_share": 24.8,
            "book_valuer_per_share_4q_avg": 12.06,
            "equity": 2630706,
            "current_ratio": 123.05,
            "debt_ratio": 59.73,
            "inventory_turnover_ratio": null,
            "account_receivable_turnover_ratio": null,
            "reinvestment_rate": null,
            "research_to_sale_ratio": null,
            "price_fair": 0,
            "eps_avg_yearly": 0,
            "eps_latest_yearly": 0,
            "eps_growth_yearly": 0
        },
        "20112": {
            "year_quarter": 20112,
            "year": 2011,
            "quarter": 2,
            "eps": 0.85,
            "eps_growth_year": null,
            "eps_4q": null,
            "eps_4q_growth_year": null,
            "roe": 3.4,
            "roe_4q": 3.4,
            "gross_profit": 562025,
            "gross_margin": 41.32,
            "gross_margin_4q_avg": 10.33,
            "net_income": 90278,
            "revenue": 1360171,
            "common_shares": 1060560,
            "book_valuer_per_share": 25.3,
            "book_valuer_per_share_4q_avg": 18.39,
            "equity": 2683547,
            "current_ratio": 118.82,
            "debt_ratio": 58.62,
            "inventory_turnover_ratio": 0.59,
            "account_receivable_turnover_ratio": 1.57,
            "reinvestment_rate": null,
            "research_to_sale_ratio": null,
            "price_fair": 0,
            "eps_avg_yearly": 0,
            "eps_latest_yearly": 0,
            "eps_growth_yearly": 0
        },
        "20113": {
            "year_quarter": 20113,
            "year": 2011,
            "quarter": 3,
            "eps": null,
            "eps_growth_year": null,
            "eps_4q": null,
            "eps_4q_growth_year": null,
            "roe": null,
            "roe_4q": 3.4,
            "gross_profit": 800102,
            "gross_margin": null,
            "gross_margin_4q_avg": 10.33,
            "net_income": -4663,
            "revenue": 1913234,
            "common_shares": 1060560,
            "book_valuer_per_share": 26.99,
            "book_valuer_per_share_4q_avg": 25.13,
            "equity": 2862945,
            "current_ratio": 113.74,
            "debt_ratio": 60.7,
            "inventory_turnover_ratio": null,
            "account_receivable_turnover_ratio": null,
            "reinvestment_rate": null,
            "research_to_sale_ratio": null,
            "price_fair": 0,
            "eps_avg_yearly": 0,
            "eps_latest_yearly": 0,
            "eps_growth_yearly": 0
        },
        "20114": {
            "year_quarter": 20114,
            "year": 2011,
            "quarter": 4,
            "eps": null,
            "eps_growth_year": null,
            "eps_4q": null,
            "eps_4q_growth_year": null,
            "roe": null,
            "roe_4q": 3.4,
            "gross_profit": 904078,
            "gross_margin": null,
            "gross_margin_4q_avg": 10.33,
            "net_income": 363889,
            "revenue": 1991238,
            "common_shares": 1060560,
            "book_valuer_per_share": 30.33,
            "book_valuer_per_share_4q_avg": 26.86,
            "equity": 3217199,
            "current_ratio": 113.45,
            "debt_ratio": 56.94,
            "inventory_turnover_ratio": null,
            "account_receivable_turnover_ratio": null,
            "reinvestment_rate": null,
            "research_to_sale_ratio": null,
            "price_fair": 0,
            "eps_avg_yearly": 0,
            "eps_latest_yearly": 0,
            "eps_growth_yearly": 0
        },
        "20121": {
            "year_quarter": 20121,
            "year": 2012,
            "quarter": 1,
            "eps": 0.7,
            "eps_growth_year": null,
            "eps_4q": 1.55,
            "eps_4q_growth_year": null,
            "roe": 2.29,
            "roe_4q": 5.6899999999999995,
            "gross_profit": 524345,
            "gross_margin": 37.98,
            "gross_margin_4q_avg": 19.83,
            "net_income": 73744,
            "revenue": 1380400,
            "common_shares": 1060560,
            "book_valuer_per_share": 30.31,
            "book_valuer_per_share_4q_avg": 28.23,
            "equity": 3214407,
            "current_ratio": 108.7,
            "debt_ratio": 61.48,
            "inventory_turnover_ratio": 0.59,
            "account_receivable_turnover_ratio": 0.59,
            "reinvestment_rate": null,
            "research_to_sale_ratio": 3.43,
            "price_fair": 0,
            "eps_avg_yearly": 0,
            "eps_latest_yearly": 0,
            "eps_growth_yearly": 0
        },
        "20122": {
            "year_quarter": 20122,
            "year": 2012,
            "quarter": 2,
            "eps": 0.51,
            "eps_growth_year": -40.13,
            "eps_4q": 1.12,
            "eps_4q_growth_year": null,
            "roe": 1.61,
            "roe_4q": 3.9000000000000004,
            "gross_profit": 781534,
            "gross_margin": 37.25,
            "gross_margin_4q_avg": 18.81,
            "net_income": 61259,
            "revenue": 2098326,
            "common_shares": 1201970,
            "book_valuer_per_share": 36.5,
            "book_valuer_per_share_4q_avg": 31.03,
            "equity": 4387448,
            "current_ratio": 136.24,
            "debt_ratio": 50.52,
            "inventory_turnover_ratio": 0.74,
            "account_receivable_turnover_ratio": 0.92,
            "reinvestment_rate": null,
            "research_to_sale_ratio": 0.97,
            "price_fair": 6.12,
            "eps_avg_yearly": 2.04,
            "eps_latest_yearly": 2.04,
            "eps_growth_yearly": -108.57
        },
        "20123": {
            "year_quarter": 20123,
            "year": 2012,
            "quarter": 3,
            "eps": 1,
            "eps_growth_year": null,
            "eps_4q": 2.12,
            "eps_4q_growth_year": null,
            "roe": 2.73,
            "roe_4q": 6.63,
            "gross_profit": 681638,
            "gross_margin": 38.02,
            "gross_margin_4q_avg": 28.31,
            "net_income": 120325,
            "revenue": 1792967,
            "common_shares": 1201970,
            "book_valuer_per_share": 36.74,
            "book_valuer_per_share_4q_avg": 33.47,
            "equity": 4416236,
            "current_ratio": 127.02,
            "debt_ratio": 55.44,
            "inventory_turnover_ratio": 0.56,
            "account_receivable_turnover_ratio": 0.79,
            "reinvestment_rate": null,
            "research_to_sale_ratio": 2.35,
            "price_fair": 105.7,
            "eps_avg_yearly": 3.02,
            "eps_latest_yearly": 4,
            "eps_growth_yearly": 137.87
        },
        "20124": {
            "year_quarter": 20124,
            "year": 2012,
            "quarter": 4,
            "eps": 2.07,
            "eps_growth_year": null,
            "eps_4q": 4.19,
            "eps_4q_growth_year": null,
            "roe": 5.47,
            "roe_4q": 12.099999999999998,
            "gross_profit": 1048261,
            "gross_margin": 43.43,
            "gross_margin_4q_avg": 39.17,
            "net_income": 248555,
            "revenue": 2413554,
            "common_shares": 1201970,
            "book_valuer_per_share": 38.86,
            "book_valuer_per_share_4q_avg": 35.6,
            "equity": 4670689,
            "current_ratio": 121.81,
            "debt_ratio": 57.25,
            "inventory_turnover_ratio": 0.68,
            "account_receivable_turnover_ratio": 0.89,
            "reinvestment_rate": null,
            "research_to_sale_ratio": 2.91,
            "price_fair": 167.07,
            "eps_avg_yearly": 4.77,
            "eps_latest_yearly": 8.28,
            "eps_growth_yearly": 234.58
        },
        "20131": {
            "year_quarter": 20131,
            "year": 2013,
            "quarter": 1,
            "eps": -0.78,
            "eps_growth_year": -211.43,
            "eps_4q": 2.8,
            "eps_4q_growth_year": 81.08,
            "roe": -1.99,
            "roe_4q": 7.819999999999999,
            "gross_profit": 586687,
            "gross_margin": 37.43,
            "gross_margin_4q_avg": 39.03,
            "net_income": -93518,
            "revenue": 1567417,
            "common_shares": 1201970,
            "book_valuer_per_share": 39.25,
            "book_valuer_per_share_4q_avg": 37.84,
            "equity": 4717308,
            "current_ratio": 114.78,
            "debt_ratio": 60.44,
            "inventory_turnover_ratio": 0.44,
            "account_receivable_turnover_ratio": 0.52,
            "reinvestment_rate": null,
            "research_to_sale_ratio": 3.8,
            "price_fair": 167.07,
            "eps_avg_yearly": 4.77,
            "eps_latest_yearly": 8.28,
            "eps_growth_yearly": 234.58
        },
        "20132": {
            "year_quarter": 20132,
            "year": 2013,
            "quarter": 2,
            "eps": -0.28,
            "eps_growth_year": -154.94,
            "eps_4q": 1.82,
            "eps_4q_growth_year": 61.98,
            "roe": -0.72,
            "roe_4q": 5.49,
            "gross_profit": 742192,
            "gross_margin": 38.03,
            "gross_margin_4q_avg": 39.23,
            "net_income": -35888,
            "revenue": 1951547,
            "common_shares": 1316270,
            "book_valuer_per_share": 39.49,
            "book_valuer_per_share_4q_avg": 38.59,
            "equity": 5198538,
            "current_ratio": 125.13,
            "debt_ratio": 57.09,
            "inventory_turnover_ratio": 0.45,
            "account_receivable_turnover_ratio": 0.75,
            "reinvestment_rate": null,
            "research_to_sale_ratio": 4.09,
            "price_fair": 167.07,
            "eps_avg_yearly": 4.77,
            "eps_latest_yearly": 8.28,
            "eps_growth_yearly": 234.58
        },
        "20133": {
            "year_quarter": 20133,
            "year": 2013,
            "quarter": 3,
            "eps": 1.43,
            "eps_growth_year": 42.85,
            "eps_4q": 2.33,
            "eps_4q_growth_year": 9.77,
            "roe": 3.58,
            "roe_4q": 6.34,
            "gross_profit": 837021,
            "gross_margin": 38.4,
            "gross_margin_4q_avg": 39.32,
            "net_income": 187766,
            "revenue": 2179679,
            "common_shares": 1316270,
            "book_valuer_per_share": 40.24,
            "book_valuer_per_share_4q_avg": 39.46,
            "equity": 5297198,
            "current_ratio": 123.11,
            "debt_ratio": 57.79,
            "inventory_turnover_ratio": 0.48,
            "account_receivable_turnover_ratio": 0.91,
            "reinvestment_rate": null,
            "research_to_sale_ratio": 3.48,
            "price_fair": 167.07,
            "eps_avg_yearly": 4.77,
            "eps_latest_yearly": 8.28,
            "eps_growth_yearly": 234.58
        },
        "20134": {
            "year_quarter": 20134,
            "year": 2013,
            "quarter": 4,
            "eps": 2.17,
            "eps_growth_year": 4.96,
            "eps_4q": 2.61,
            "eps_4q_growth_year": -37.65,
            "roe": 5.23,
            "roe_4q": 6.1,
            "gross_profit": 1130488,
            "gross_margin": 38.21,
            "gross_margin_4q_avg": 38.02,
            "net_income": 285716,
            "revenue": 2958903,
            "common_shares": 1316320,
            "book_valuer_per_share": 42.81,
            "book_valuer_per_share_4q_avg": 40.45,
            "equity": 5635349,
            "current_ratio": 123.76,
            "debt_ratio": 55.94,
            "inventory_turnover_ratio": 0.72,
            "account_receivable_turnover_ratio": 0.98,
            "reinvestment_rate": null,
            "research_to_sale_ratio": 2.61,
            "price_fair": 201.25,
            "eps_avg_yearly": 5.75,
            "eps_latest_yearly": 8.68,
            "eps_growth_yearly": 227.68
        },
        "20141": {
            "year_quarter": 20141,
            "year": 2014,
            "quarter": 1,
            "eps": 0.57,
            "eps_growth_year": null,
            "eps_4q": 3.89,
            "eps_4q_growth_year": 38.86,
            "roe": 1.32,
            "roe_4q": 9.41,
            "gross_profit": 780388,
            "gross_margin": 39.63,
            "gross_margin_4q_avg": 38.57,
            "net_income": 75308,
            "revenue": 1969145,
            "common_shares": 1318891,
            "book_valuer_per_share": 43.57,
            "book_valuer_per_share_4q_avg": 41.53,
            "equity": 5746058,
            "current_ratio": 118.73,
            "debt_ratio": 58.41,
            "inventory_turnover_ratio": 0.45,
            "account_receivable_turnover_ratio": 0.58,
            "reinvestment_rate": null,
            "research_to_sale_ratio": 3.65,
            "price_fair": 176.96,
            "eps_avg_yearly": 5.06,
            "eps_latest_yearly": 2.28,
            "eps_growth_yearly": 123.16
        },
        "20142": {
            "year_quarter": 20142,
            "year": 2014,
            "quarter": 2,
            "eps": 1.29,
            "eps_growth_year": null,
            "eps_4q": 5.14,
            "eps_4q_growth_year": 182.4,
            "roe": 2.95,
            "roe_4q": 13.08,
            "gross_profit": 1046245,
            "gross_margin": 37.09,
            "gross_margin_4q_avg": 38.33,
            "net_income": 169550,
            "revenue": 2821018,
            "common_shares": 1318991,
            "book_valuer_per_share": 43.61,
            "book_valuer_per_share_4q_avg": 42.56,
            "equity": 5752615,
            "current_ratio": 109.89,
            "debt_ratio": 58.39,
            "inventory_turnover_ratio": 0.58,
            "account_receivable_turnover_ratio": 0.91,
            "reinvestment_rate": null,
            "research_to_sale_ratio": 3.48,
            "price_fair": 177.57,
            "eps_avg_yearly": 5.07,
            "eps_latest_yearly": 5.16,
            "eps_growth_yearly": 186.84
        },
        "20143": {
            "year_quarter": 20143,
            "year": 2014,
            "quarter": 3,
            "eps": 0.07,
            "eps_growth_year": -95.1,
            "eps_4q": 3.83,
            "eps_4q_growth_year": 64.12,
            "roe": 0.15,
            "roe_4q": 9.65,
            "gross_profit": 913420,
            "gross_margin": 36.97,
            "gross_margin_4q_avg": 37.98,
            "net_income": 8661,
            "revenue": 2470740,
            "common_shares": 1329358,
            "book_valuer_per_share": 44.2,
            "book_valuer_per_share_4q_avg": 43.55,
            "equity": 5875915,
            "current_ratio": 107.11,
            "debt_ratio": 61.91,
            "inventory_turnover_ratio": 0.48,
            "account_receivable_turnover_ratio": 0.85,
            "reinvestment_rate": null,
            "research_to_sale_ratio": 3.12,
            "price_fair": 153.6,
            "eps_avg_yearly": 4.39,
            "eps_latest_yearly": 0.28,
            "eps_growth_yearly": 106.11
        },
        "20144": {
            "year_quarter": 20144,
            "year": 2014,
            "quarter": 4,
            "eps": 1.22,
            "eps_growth_year": -43.97,
            "eps_4q": 3.02,
            "eps_4q_growth_year": 15.36,
            "roe": 2.83,
            "roe_4q": 7.25,
            "gross_profit": 1463029,
            "gross_margin": 43.04,
            "gross_margin_4q_avg": 39.18,
            "net_income": 171381,
            "revenue": 3398963,
            "common_shares": 1409120,
            "book_valuer_per_share": 44.37,
            "book_valuer_per_share_4q_avg": 43.94,
            "equity": 6252051,
            "current_ratio": 144.54,
            "debt_ratio": 65.05,
            "inventory_turnover_ratio": 0.62,
            "account_receivable_turnover_ratio": 0.98,
            "reinvestment_rate": 13.07,
            "research_to_sale_ratio": 4.08,
            "price_fair": 155.75,
            "eps_avg_yearly": 4.45,
            "eps_latest_yearly": 4.88,
            "eps_growth_yearly": 914.28
        },
        "20151": {
            "year_quarter": 20151,
            "year": 2015,
            "quarter": 1,
            "eps": -2.84,
            "eps_growth_year": -598.25,
            "eps_4q": -0.46,
            "eps_4q_growth_year": -111.86,
            "roe": -6.79,
            "roe_4q": -0.8599999999999999,
            "gross_profit": 882323,
            "gross_margin": 40.04,
            "gross_margin_4q_avg": 39.29,
            "net_income": -419651,
            "revenue": 2203342,
            "common_shares": 1519120,
            "book_valuer_per_share": 40.25,
            "book_valuer_per_share_4q_avg": 43.11,
            "equity": 6113855,
            "current_ratio": 103.89,
            "debt_ratio": 64.9,
            "inventory_turnover_ratio": 0.43,
            "account_receivable_turnover_ratio": 0.57,
            "reinvestment_rate": 12.13,
            "research_to_sale_ratio": 4.07,
            "price_fair": 155.75,
            "eps_avg_yearly": 4.45,
            "eps_latest_yearly": 4.88,
            "eps_growth_yearly": 914.28
        },
        "20152": {
            "year_quarter": 20152,
            "year": 2015,
            "quarter": 2,
            "eps": 0.88,
            "eps_growth_year": -31.78,
            "eps_4q": -0.69,
            "eps_4q_growth_year": -113.5,
            "roe": 2.2,
            "roe_4q": -1.6099999999999999,
            "gross_profit": 883350,
            "gross_margin": 34.16,
            "gross_margin_4q_avg": 38.55,
            "net_income": 134230,
            "revenue": 2585932,
            "common_shares": 1519120,
            "book_valuer_per_share": 40.27,
            "book_valuer_per_share_4q_avg": 42.27,
            "equity": 6116841,
            "current_ratio": 101.68,
            "debt_ratio": 64.52,
            "inventory_turnover_ratio": 0.53,
            "account_receivable_turnover_ratio": 0.75,
            "reinvestment_rate": 10.86,
            "research_to_sale_ratio": 3.92,
            "price_fair": 155.75,
            "eps_avg_yearly": 4.45,
            "eps_latest_yearly": 4.88,
            "eps_growth_yearly": 914.28
        },
        "20153": {
            "year_quarter": 20153,
            "year": 2015,
            "quarter": 3,
            "eps": -1.98,
            "eps_growth_year": -2928.57,
            "eps_4q": -2.73,
            "eps_4q_growth_year": -171.32,
            "roe": -4.96,
            "roe_4q": -6.720000000000001,
            "gross_profit": 1194085,
            "gross_margin": 42.62,
            "gross_margin_4q_avg": 39.97,
            "net_income": -300555,
            "revenue": 2801892,
            "common_shares": 1519120,
            "book_valuer_per_share": 39.48,
            "book_valuer_per_share_4q_avg": 41.09,
            "equity": 5996850,
            "current_ratio": 96.65,
            "debt_ratio": 65,
            "inventory_turnover_ratio": 0.48,
            "account_receivable_turnover_ratio": 0.84,
            "reinvestment_rate": 11.44,
            "research_to_sale_ratio": 3.45,
            "price_fair": 155.75,
            "eps_avg_yearly": 4.45,
            "eps_latest_yearly": 4.88,
            "eps_growth_yearly": 914.28
        },
        "20154": {
            "year_quarter": 20154,
            "year": 2015,
            "quarter": 4,
            "eps": 2.49,
            "eps_growth_year": 104.78,
            "eps_4q": -1.37,
            "eps_4q_growth_year": -145.33,
            "roe": 6.19,
            "roe_4q": -3.3599999999999994,
            "gross_profit": 1507576,
            "gross_margin": 44.57,
            "gross_margin_4q_avg": 40.35,
            "net_income": 378347,
            "revenue": 3382694,
            "common_shares": 1519120,
            "book_valuer_per_share": 41.01,
            "book_valuer_per_share_4q_avg": 40.25,
            "equity": 6230086,
            "current_ratio": 117.97,
            "debt_ratio": 64.33,
            "inventory_turnover_ratio": 0.58,
            "account_receivable_turnover_ratio": 0.92,
            "reinvestment_rate": 70.48,
            "research_to_sale_ratio": 3.01,
            "price_fair": 155.75,
            "eps_avg_yearly": 4.45,
            "eps_latest_yearly": 4.88,
            "eps_growth_yearly": 914.28
        },
        "20161": {
            "year_quarter": 20161,
            "year": 2016,
            "quarter": 1,
            "eps": 1.9,
            "eps_growth_year": null,
            "eps_4q": 3.3,
            "eps_4q_growth_year": null,
            "roe": 4.53,
            "roe_4q": 7.960000000000001,
            "gross_profit": 988759,
            "gross_margin": 44.28,
            "gross_margin_4q_avg": 41.41,
            "net_income": 289324,
            "revenue": 2232843,
            "common_shares": 1519120,
            "book_valuer_per_share": 43.06,
            "book_valuer_per_share_4q_avg": 40.96,
            "equity": 6540721,
            "current_ratio": 119.95,
            "debt_ratio": 64.57,
            "inventory_turnover_ratio": 0.41,
            "account_receivable_turnover_ratio": 0.53,
            "reinvestment_rate": 57.96,
            "research_to_sale_ratio": 4.53,
            "price_fair": 168,
            "eps_avg_yearly": 4.8,
            "eps_latest_yearly": 7.6,
            "eps_growth_yearly": 802.16
        },
        "20162": {
            "year_quarter": 20162,
            "year": 2016,
            "quarter": 2,
            "eps": 0.52,
            "eps_growth_year": -40.91,
            "eps_4q": 2.93,
            "eps_4q_growth_year": null,
            "roe": 1.2,
            "roe_4q": 6.960000000000002,
            "gross_profit": 1008398,
            "gross_margin": 38.36,
            "gross_margin_4q_avg": 42.46,
            "net_income": 78619,
            "revenue": 2628730,
            "common_shares": 1519120,
            "book_valuer_per_share": 43.22,
            "book_valuer_per_share_4q_avg": 41.69,
            "equity": 6565845,
            "current_ratio": 93.77,
            "debt_ratio": 63.34,
            "inventory_turnover_ratio": 0.54,
            "account_receivable_turnover_ratio": 0.62,
            "reinvestment_rate": 54.26,
            "research_to_sale_ratio": 4.35,
            "price_fair": 168.16,
            "eps_avg_yearly": 4.8,
            "eps_latest_yearly": 2.08,
            "eps_growth_yearly": 781.94
        },
        "20163": {
            "year_quarter": 20163,
            "year": 2016,
            "quarter": 3,
            "eps": -0.28,
            "eps_growth_year": null,
            "eps_4q": 4.63,
            "eps_4q_growth_year": null,
            "roe": -0.67,
            "roe_4q": 11.25,
            "gross_profit": 942223,
            "gross_margin": 40.91,
            "gross_margin_4q_avg": 42.03,
            "net_income": -42998,
            "revenue": 2303080,
            "common_shares": 1519120,
            "book_valuer_per_share": 41.4,
            "book_valuer_per_share_4q_avg": 42.17,
            "equity": 6289291,
            "current_ratio": 90.58,
            "debt_ratio": 63.42,
            "inventory_turnover_ratio": 0.52,
            "account_receivable_turnover_ratio": 0.62,
            "reinvestment_rate": 57.61,
            "research_to_sale_ratio": 4.84,
            "price_fair": 171.68,
            "eps_avg_yearly": 4.91,
            "eps_latest_yearly": 2.08,
            "eps_growth_yearly": 831.64
        },
        "20164": {
            "year_quarter": 20164,
            "year": 2016,
            "quarter": 4,
            "eps": 1.51,
            "eps_growth_year": -39.27,
            "eps_4q": 3.65,
            "eps_4q_growth_year": null,
            "roe": 3.59,
            "roe_4q": 8.65,
            "gross_profit": 1340824,
            "gross_margin": 46.27,
            "gross_margin_4q_avg": 42.46,
            "net_income": 229755,
            "revenue": 2897661,
            "common_shares": 1519120,
            "book_valuer_per_share": 42.91,
            "book_valuer_per_share_4q_avg": 42.65,
            "equity": 6518691,
            "current_ratio": 142.96,
            "debt_ratio": 66.05,
            "inventory_turnover_ratio": 0.68,
            "account_receivable_turnover_ratio": 0.78,
            "reinvestment_rate": 59.98,
            "research_to_sale_ratio": 4.47,
            "price_fair": 154.8,
            "eps_avg_yearly": 4.42,
            "eps_latest_yearly": 2.08,
            "eps_growth_yearly": 889.31
        },
        "20171": {
            "year_quarter": 20171,
            "year": 2017,
            "quarter": 1,
            "eps": -1.03,
            "eps_growth_year": -154.21,
            "eps_4q": 0.72,
            "eps_4q_growth_year": -78.2,
            "roe": -2.49,
            "roe_4q": 1.6299999999999994,
            "gross_profit": 675753,
            "gross_margin": 35.13,
            "gross_margin_4q_avg": 40.17,
            "net_income": -156077,
            "revenue": 1923322,
            "common_shares": 1519120,
            "book_valuer_per_share": 39.62,
            "book_valuer_per_share_4q_avg": 41.79,
            "equity": 6018525,
            "current_ratio": 138.74,
            "debt_ratio": 66.89,
            "inventory_turnover_ratio": 0.57,
            "account_receivable_turnover_ratio": 0.48,
            "reinvestment_rate": 55.09,
            "research_to_sale_ratio": 6.04,
            "price_fair": 154.8,
            "eps_avg_yearly": 4.42,
            "eps_latest_yearly": 2.08,
            "eps_growth_yearly": 889.31
        },
        "20172": {
            "year_quarter": 20172,
            "year": 2017,
            "quarter": 2,
            "eps": -0.93,
            "eps_growth_year": -278.85,
            "eps_4q": -0.72,
            "eps_4q_growth_year": -124.69,
            "roe": -2.38,
            "roe_4q": -1.9500000000000002,
            "gross_profit": 893379,
            "gross_margin": 38.03,
            "gross_margin_4q_avg": 40.09,
            "net_income": -140736,
            "revenue": 2349252,
            "common_shares": 1519120,
            "book_valuer_per_share": 38.2,
            "book_valuer_per_share_4q_avg": 40.53,
            "equity": 5802313,
            "current_ratio": 124.26,
            "debt_ratio": 68.35,
            "inventory_turnover_ratio": 0.63,
            "account_receivable_turnover_ratio": 0.62,
            "reinvestment_rate": 61.85,
            "research_to_sale_ratio": 4.41,
            "price_fair": 154.8,
            "eps_avg_yearly": 4.42,
            "eps_latest_yearly": 2.08,
            "eps_growth_yearly": 889.31
        },
        "20173": {
            "year_quarter": 20173,
            "year": 2017,
            "quarter": 3,
            "eps": 0.08,
            "eps_growth_year": null,
            "eps_4q": -0.36,
            "eps_4q_growth_year": -107.72,
            "roe": 0.22,
            "roe_4q": -1.0600000000000005,
            "gross_profit": 905635,
            "gross_margin": 43.89,
            "gross_margin_4q_avg": 40.83,
            "net_income": 12737,
            "revenue": 2063306,
            "common_shares": 1519120,
            "book_valuer_per_share": 39.24,
            "book_valuer_per_share_4q_avg": 39.99,
            "equity": 5961754,
            "current_ratio": 124.15,
            "debt_ratio": 66.48,
            "inventory_turnover_ratio": 0.49,
            "account_receivable_turnover_ratio": 0.62,
            "reinvestment_rate": 77.66,
            "research_to_sale_ratio": 6.32,
            "price_fair": 154.8,
            "eps_avg_yearly": 4.42,
            "eps_latest_yearly": 2.08,
            "eps_growth_yearly": 889.31
        },
        "20174": {
            "year_quarter": 20174,
            "year": 2017,
            "quarter": 4,
            "eps": 0.87,
            "eps_growth_year": -42.8,
            "eps_4q": -1,
            "eps_4q_growth_year": -127.52,
            "roe": 2.2,
            "roe_4q": -2.4499999999999997,
            "gross_profit": 1374646,
            "gross_margin": 42.53,
            "gross_margin_4q_avg": 39.9,
            "net_income": 131413,
            "revenue": 3231850,
            "common_shares": 1519120,
            "book_valuer_per_share": 39.44,
            "book_valuer_per_share_4q_avg": 39.13,
            "equity": 5991589,
            "current_ratio": 112.25,
            "debt_ratio": 66.62,
            "inventory_turnover_ratio": 0.84,
            "account_receivable_turnover_ratio": 1.02,
            "reinvestment_rate": 91.21,
            "research_to_sale_ratio": 4.2,
            "price_fair": 128.8,
            "eps_avg_yearly": 3.68,
            "eps_latest_yearly": 3.48,
            "eps_growth_yearly": 1424.02
        },
        "20181": {
            "year_quarter": 20181,
            "year": 2018,
            "quarter": 1,
            "eps": -1.81,
            "eps_growth_year": null,
            "eps_4q": -1.79,
            "eps_4q_growth_year": -349.1,
            "roe": -4.71,
            "roe_4q": -4.67,
            "gross_profit": 735602,
            "gross_margin": 38.46,
            "gross_margin_4q_avg": 40.73,
            "net_income": -275674,
            "revenue": 1912783,
            "common_shares": 1519120,
            "book_valuer_per_share": 37.67,
            "book_valuer_per_share_4q_avg": 38.64,
            "equity": 5722695,
            "current_ratio": 110.46,
            "debt_ratio": 67.27,
            "inventory_turnover_ratio": 0.54,
            "account_receivable_turnover_ratio": 0.59,
            "reinvestment_rate": 217.68,
            "research_to_sale_ratio": 6.52,
            "price_fair": 136.97,
            "eps_avg_yearly": 3.91,
            "eps_latest_yearly": 3.48,
            "eps_growth_yearly": 1710.52
        },
        "20182": {
            "year_quarter": 20182,
            "year": 2018,
            "quarter": 2,
            "eps": 1.52,
            "eps_growth_year": null,
            "eps_4q": 0.65,
            "eps_4q_growth_year": null,
            "roe": 4.05,
            "roe_4q": 1.76,
            "gross_profit": 1003520,
            "gross_margin": 41.79,
            "gross_margin_4q_avg": 41.67,
            "net_income": 230352,
            "revenue": 2401395,
            "common_shares": 1519120,
            "book_valuer_per_share": 37.14,
            "book_valuer_per_share_4q_avg": 38.37,
            "equity": 5641571,
            "current_ratio": 102.85,
            "debt_ratio": 68.36,
            "inventory_turnover_ratio": 0.59,
            "account_receivable_turnover_ratio": 0.79,
            "reinvestment_rate": 166.67,
            "research_to_sale_ratio": 4.6,
            "price_fair": 128.24,
            "eps_avg_yearly": 3.66,
            "eps_latest_yearly": 3.48,
            "eps_growth_yearly": 1951.57
        },
        "20183": {
            "year_quarter": 20183,
            "year": 2018,
            "quarter": 3,
            "eps": 0.04,
            "eps_growth_year": -50,
            "eps_4q": 0.55,
            "eps_4q_growth_year": null,
            "roe": 0.11,
            "roe_4q": 1.6500000000000004,
            "gross_profit": 729855,
            "gross_margin": 42.74,
            "gross_margin_4q_avg": 41.38,
            "net_income": 6091,
            "revenue": 1707765,
            "common_shares": 1668850,
            "book_valuer_per_share": 33.61,
            "book_valuer_per_share_4q_avg": 36.97,
            "equity": 5608704,
            "current_ratio": 105.3,
            "debt_ratio": 67.38,
            "inventory_turnover_ratio": 0.41,
            "account_receivable_turnover_ratio": 0.65,
            "reinvestment_rate": 142.33,
            "research_to_sale_ratio": 6.77,
            "price_fair": 127.4,
            "eps_avg_yearly": 3.64,
            "eps_latest_yearly": 0.16,
            "eps_growth_yearly": 1949.33
        },
        "20184": {
            "year_quarter": 20184,
            "year": 2018,
            "quarter": 4,
            "eps": 0.79,
            "eps_growth_year": -8.48,
            "eps_4q": 0.56,
            "eps_4q_growth_year": null,
            "roe": 2.33,
            "roe_4q": 1.7800000000000002,
            "gross_profit": 1264667,
            "gross_margin": 40.77,
            "gross_margin_4q_avg": 40.94,
            "net_income": 135499,
            "revenue": 3101891,
            "common_shares": 1711450,
            "book_valuer_per_share": 35.13,
            "book_valuer_per_share_4q_avg": 35.89,
            "equity": 6011955,
            "current_ratio": 80.47,
            "debt_ratio": 64.79,
            "inventory_turnover_ratio": 0.83,
            "account_receivable_turnover_ratio": 1.17,
            "reinvestment_rate": 139.54,
            "research_to_sale_ratio": -1.55,
            "price_fair": 115.36,
            "eps_avg_yearly": 3.3,
            "eps_latest_yearly": 3.16,
            "eps_growth_yearly": 2135.04
        },
        "20191": {
            "year_quarter": 20191,
            "year": 2019,
            "quarter": 1,
            "eps": -2.11,
            "eps_growth_year": null,
            "eps_4q": 0.06,
            "eps_4q_growth_year": null,
            "roe": -6.1,
            "roe_4q": 0.3900000000000001,
            "gross_profit": 580173,
            "gross_margin": 38.04,
            "gross_margin_4q_avg": 40.84,
            "net_income": -360946,
            "revenue": 1525318,
            "common_shares": 1711450,
            "book_valuer_per_share": 33.98,
            "book_valuer_per_share_4q_avg": 34.97,
            "equity": 5816186,
            "current_ratio": 103.63,
            "debt_ratio": 66.41,
            "inventory_turnover_ratio": 0.4,
            "account_receivable_turnover_ratio": 0.52,
            "reinvestment_rate": 115.2,
            "research_to_sale_ratio": 5.09,
            "price_fair": 115.36,
            "eps_avg_yearly": 3.3,
            "eps_latest_yearly": 3.16,
            "eps_growth_yearly": 2135.04
        },
        "20192": {
            "year_quarter": 20192,
            "year": 2019,
            "quarter": 2,
            "eps": 1.11,
            "eps_growth_year": -26.97,
            "eps_4q": -0.17,
            "eps_4q_growth_year": -126.51,
            "roe": 3.23,
            "roe_4q": -0.4299999999999996,
            "gross_profit": 900527,
            "gross_margin": 37.5,
            "gross_margin_4q_avg": 39.76,
            "net_income": 189839,
            "revenue": 2401229,
            "common_shares": 1711450,
            "book_valuer_per_share": 34.66,
            "book_valuer_per_share_4q_avg": 34.35,
            "equity": 5931815,
            "current_ratio": 107.11,
            "debt_ratio": 66.6,
            "inventory_turnover_ratio": 0.56,
            "account_receivable_turnover_ratio": 0.82,
            "reinvestment_rate": 94.79,
            "research_to_sale_ratio": 2.7,
            "price_fair": 115.36,
            "eps_avg_yearly": 3.3,
            "eps_latest_yearly": 3.16,
            "eps_growth_yearly": 2135.04
        },
        "20193": {
            "year_quarter": 20193,
            "year": 2019,
            "quarter": 3,
            "eps": -1.77,
            "eps_growth_year": -4525,
            "eps_4q": -1.98,
            "eps_4q_growth_year": -458.29,
            "roe": -5.37,
            "roe_4q": -5.91,
            "gross_profit": 624324,
            "gross_margin": 38.04,
            "gross_margin_4q_avg": 38.59,
            "net_income": -303103,
            "revenue": 1641267,
            "common_shares": 1711450,
            "book_valuer_per_share": 31.26,
            "book_valuer_per_share_4q_avg": 33.76,
            "equity": 5350523,
            "current_ratio": 97.95,
            "debt_ratio": 68.48,
            "inventory_turnover_ratio": 0.37,
            "account_receivable_turnover_ratio": 0.62,
            "reinvestment_rate": 82.79,
            "research_to_sale_ratio": 4.28,
            "price_fair": 115.36,
            "eps_avg_yearly": 3.3,
            "eps_latest_yearly": 3.16,
            "eps_growth_yearly": 2135.04
        },
        "20194": {
            "year_quarter": 20194,
            "year": 2019,
            "quarter": 4,
            "eps": 0.13,
            "eps_growth_year": -83.88,
            "eps_4q": -2.64,
            "eps_4q_growth_year": -569.9,
            "roe": 0.41,
            "roe_4q": -7.83,
            "gross_profit": 921629,
            "gross_margin": 33.09,
            "gross_margin_4q_avg": 36.67,
            "net_income": 21846,
            "revenue": 2785239,
            "common_shares": 1711450,
            "book_valuer_per_share": 30.97,
            "book_valuer_per_share_4q_avg": 32.72,
            "equity": 5300885,
            "current_ratio": 77.9,
            "debt_ratio": 68.25,
            "inventory_turnover_ratio": 0.76,
            "account_receivable_turnover_ratio": 1.03,
            "reinvestment_rate": -770.5,
            "research_to_sale_ratio": 3.02,
            "price_fair": 115.36,
            "eps_avg_yearly": 3.3,
            "eps_latest_yearly": 3.16,
            "eps_growth_yearly": 2135.04
        },
        "20201": {
            "year_quarter": 20201,
            "year": 2020,
            "quarter": 1,
            "eps": -2.7,
            "eps_growth_year": null,
            "eps_4q": -3.23,
            "eps_4q_growth_year": -5132.76,
            "roe": -9.22,
            "roe_4q": -10.95,
            "gross_profit": 684948,
            "gross_margin": 34.93,
            "gross_margin_4q_avg": 35.89,
            "net_income": -462172,
            "revenue": 1961119,
            "common_shares": 1712019,
            "book_valuer_per_share": 27.61,
            "book_valuer_per_share_4q_avg": 31.13,
            "equity": 4727233,
            "current_ratio": 92.32,
            "debt_ratio": 70.63,
            "inventory_turnover_ratio": 0.58,
            "account_receivable_turnover_ratio": 0.65,
            "reinvestment_rate": null,
            "research_to_sale_ratio": 3.49,
            "price_fair": 77.7,
            "eps_avg_yearly": 2.22,
            "eps_latest_yearly": 3.16,
            "eps_growth_yearly": 2692.5
        },
        "20202": {
            "year_quarter": 20202,
            "year": 2020,
            "quarter": 2,
            "eps": 0.34,
            "eps_growth_year": -69.37,
            "eps_4q": -3.92,
            "eps_4q_growth_year": null,
            "roe": 1.22,
            "roe_4q": -12.96,
            "gross_profit": 804663,
            "gross_margin": 33.1,
            "gross_margin_4q_avg": 34.79,
            "net_income": 57761,
            "revenue": 2431094,
            "common_shares": 1750184,
            "book_valuer_per_share": 27.14,
            "book_valuer_per_share_4q_avg": 29.25,
            "equity": 4750179,
            "current_ratio": 98,
            "debt_ratio": 70.15,
            "inventory_turnover_ratio": 0.77,
            "account_receivable_turnover_ratio": 0.81,
            "reinvestment_rate": null,
            "research_to_sale_ratio": 2.25,
            "price_fair": 79.33,
            "eps_avg_yearly": 2.27,
            "eps_latest_yearly": 3.16,
            "eps_growth_yearly": 3686.84
        },
        "20203": {
            "year_quarter": 20203,
            "year": 2020,
            "quarter": 3,
            "eps": -1.41,
            "eps_growth_year": null,
            "eps_4q": -3.59,
            "eps_4q_growth_year": null,
            "roe": -5.22,
            "roe_4q": -12.81,
            "gross_profit": 646725,
            "gross_margin": 34.54,
            "gross_margin_4q_avg": 33.92,
            "net_income": -246339,
            "revenue": 1872485,
            "common_shares": 1750753,
            "book_valuer_per_share": 26.76,
            "book_valuer_per_share_4q_avg": 28.12,
            "equity": 4684809,
            "current_ratio": 95.52,
            "debt_ratio": 70.88,
            "inventory_turnover_ratio": 0.53,
            "account_receivable_turnover_ratio": 0.69,
            "reinvestment_rate": null,
            "research_to_sale_ratio": 3.5,
            "price_fair": 79.33,
            "eps_avg_yearly": 2.27,
            "eps_latest_yearly": 3.16,
            "eps_growth_yearly": 3686.84
        },
        "20204": {
            "year_quarter": 20204,
            "year": 2020,
            "quarter": 4,
            "eps": 0.81,
            "eps_growth_year": 533.67,
            "eps_4q": -2.91,
            "eps_4q_growth_year": null,
            "roe": 2.94,
            "roe_4q": -10.280000000000001,
            "gross_profit": 1023719,
            "gross_margin": 34.61,
            "gross_margin_4q_avg": 34.3,
            "net_income": 141610,
            "revenue": 2957624,
            "common_shares": 1750753,
            "book_valuer_per_share": 28.27,
            "book_valuer_per_share_4q_avg": 27.45,
            "equity": 4950193,
            "current_ratio": 81.7,
            "debt_ratio": 70.68,
            "inventory_turnover_ratio": 0.82,
            "account_receivable_turnover_ratio": 1.06,
            "reinvestment_rate": null,
            "research_to_sale_ratio": 2.93,
            "price_fair": 79.33,
            "eps_avg_yearly": 2.27,
            "eps_latest_yearly": 3.16,
            "eps_growth_yearly": 3686.84
        },
        "20211": {
            "year_quarter": 20211,
            "year": 2021,
            "quarter": 1,
            "eps": -1.28,
            "eps_growth_year": null,
            "eps_4q": -1.54,
            "eps_4q_growth_year": null,
            "roe": -4.6,
            "roe_4q": -5.659999999999999,
            "gross_profit": 709847,
            "gross_margin": 33.63,
            "gross_margin_4q_avg": 33.97,
            "net_income": -223335,
            "revenue": 2110793,
            "common_shares": 1750753,
            "book_valuer_per_share": 27.18,
            "book_valuer_per_share_4q_avg": 27.34,
            "equity": 4758247,
            "current_ratio": 77.2,
            "debt_ratio": 71.41,
            "inventory_turnover_ratio": 0.61,
            "account_receivable_turnover_ratio": 0.63,
            "reinvestment_rate": null,
            "research_to_sale_ratio": 2.99,
            "price_fair": 79.33,
            "eps_avg_yearly": 2.27,
            "eps_latest_yearly": 3.16,
            "eps_growth_yearly": 3686.84
        },
        "20212": {
            "year_quarter": 20212,
            "year": 2021,
            "quarter": 2,
            "eps": 1.03,
            "eps_growth_year": 202.94,
            "eps_4q": -0.85,
            "eps_4q_growth_year": null,
            "roe": 3.7,
            "roe_4q": -3.1799999999999993,
            "gross_profit": 953479,
            "gross_margin": 36,
            "gross_margin_4q_avg": 34.7,
            "net_income": 180056,
            "revenue": 2648680,
            "common_shares": 1750753,
            "book_valuer_per_share": 28.48,
            "book_valuer_per_share_4q_avg": 27.67,
            "equity": 4986796,
            "current_ratio": 94.03,
            "debt_ratio": 71.2,
            "inventory_turnover_ratio": 0.68,
            "account_receivable_turnover_ratio": 0.75,
            "reinvestment_rate": null,
            "research_to_sale_ratio": 2.37,
            "price_fair": 79.33,
            "eps_avg_yearly": 2.27,
            "eps_latest_yearly": 3.16,
            "eps_growth_yearly": 3686.84
        },
        "20213": {
            "year_quarter": 20213,
            "year": 2021,
            "quarter": 3,
            "eps": -2.14,
            "eps_growth_year": null,
            "eps_4q": -1.56,
            "eps_4q_growth_year": null,
            "roe": -7.79,
            "roe_4q": -5.75,
            "gross_profit": 771072,
            "gross_margin": 35.25,
            "gross_margin_4q_avg": 34.87,
            "net_income": -373812,
            "revenue": 2187614,
            "common_shares": 1767082,
            "book_valuer_per_share": 26.07,
            "book_valuer_per_share_4q_avg": 27.5,
            "equity": 4606469,
            "current_ratio": 87.81,
            "debt_ratio": 71.71,
            "inventory_turnover_ratio": 0.53,
            "account_receivable_turnover_ratio": 0.69,
            "reinvestment_rate": null,
            "research_to_sale_ratio": 2.77,
            "price_fair": 79.33,
            "eps_avg_yearly": 2.27,
            "eps_latest_yearly": 3.16,
            "eps_growth_yearly": 3686.84
        },
        "20214": {
            "year_quarter": 20214,
            "year": 2021,
            "quarter": 4,
            "eps": 0.25,
            "eps_growth_year": -69.6,
            "eps_4q": -1.91,
            "eps_4q_growth_year": null,
            "roe": 0.98,
            "roe_4q": -7.71,
            "gross_profit": 1294005,
            "gross_margin": 35.43,
            "gross_margin_4q_avg": 35.08,
            "net_income": 47487,
            "revenue": 3652522,
            "common_shares": 1930964,
            "book_valuer_per_share": 26.47,
            "book_valuer_per_share_4q_avg": 27.05,
            "equity": 5110443,
            "current_ratio": 93.21,
            "debt_ratio": 71.95,
            "inventory_turnover_ratio": 0.79,
            "account_receivable_turnover_ratio": 1.15,
            "reinvestment_rate": null,
            "research_to_sale_ratio": 2.68,
            "price_fair": 58.1,
            "eps_avg_yearly": 1.66,
            "eps_latest_yearly": 3.16,
            "eps_growth_yearly": 3555.26
        }
    },
    "months": {
        "2012-04": {
            "month": "2012-04",
            "price": "85.65",
            "revenue": 646693
        },
        "2012-05": {
            "month": "2012-05",
            "price": "79.31",
            "revenue": 703389
        },
        "2012-06": {
            "month": "2012-06",
            "price": "71.20",
            "revenue": 734377
        },
        "2012-07": {
            "month": "2012-07",
            "price": "78.05",
            "revenue": 592295
        },
        "2012-08": {
            "month": "2012-08",
            "price": "83.37",
            "revenue": 608586
        },
        "2012-09": {
            "month": "2012-09",
            "price": "79.28",
            "revenue": 717935
        },
        "2012-10": {
            "month": "2012-10",
            "price": "77.70",
            "revenue": 581585
        },
        "2012-11": {
            "month": "2012-11",
            "price": "72.41",
            "revenue": 629858
        },
        "2012-12": {
            "month": "2012-12",
            "price": "76.09",
            "revenue": 1257355
        },
        "2013-01": {
            "month": "2013-01",
            "price": "73.62",
            "revenue": 432278
        },
        "2013-02": {
            "month": "2013-02",
            "price": "74.76",
            "revenue": 426578
        },
        "2013-03": {
            "month": "2013-03",
            "price": "74.79",
            "revenue": 713137
        },
        "2013-04": {
            "month": "2013-04",
            "price": "65.98",
            "revenue": 710653
        },
        "2013-05": {
            "month": "2013-05",
            "price": "60.45",
            "revenue": 669289
        },
        "2013-06": {
            "month": "2013-06",
            "price": "58.75",
            "revenue": 577247
        },
        "2013-07": {
            "month": "2013-07",
            "price": "55.96",
            "revenue": 744948
        },
        "2013-08": {
            "month": "2013-08",
            "price": "53.55",
            "revenue": 685693
        },
        "2013-09": {
            "month": "2013-09",
            "price": "50.53",
            "revenue": 759744
        },
        "2013-10": {
            "month": "2013-10",
            "price": "53.10",
            "revenue": 752393
        },
        "2013-11": {
            "month": "2013-11",
            "price": "50.81",
            "revenue": 706184
        },
        "2013-12": {
            "month": "2013-12",
            "price": "60.25",
            "revenue": 1498909
        },
        "2014-01": {
            "month": "2014-01",
            "price": "62.22",
            "revenue": 489122
        },
        "2014-02": {
            "month": "2014-02",
            "price": "58.09",
            "revenue": 652780
        },
        "2014-03": {
            "month": "2014-03",
            "price": "62.62",
            "revenue": 828958
        },
        "2014-04": {
            "month": "2014-04",
            "price": "60.57",
            "revenue": 999892
        },
        "2014-05": {
            "month": "2014-05",
            "price": "57.84",
            "revenue": 966070
        },
        "2014-06": {
            "month": "2014-06",
            "price": "61.56",
            "revenue": 864651
        },
        "2014-07": {
            "month": "2014-07",
            "price": "65.24",
            "revenue": 813206
        },
        "2014-08": {
            "month": "2014-08",
            "price": "67.12",
            "revenue": 762495
        },
        "2014-09": {
            "month": "2014-09",
            "price": "63.36",
            "revenue": 885237
        },
        "2014-10": {
            "month": "2014-10",
            "price": "55.43",
            "revenue": 939691
        },
        "2014-11": {
            "month": "2014-11",
            "price": "51.71",
            "revenue": 719104
        },
        "2014-12": {
            "month": "2014-12",
            "price": "52.39",
            "revenue": 1760431
        },
        "2015-01": {
            "month": "2015-01",
            "price": "52.87",
            "revenue": 660227
        },
        "2015-02": {
            "month": "2015-02",
            "price": "50.69",
            "revenue": 438930
        },
        "2015-03": {
            "month": "2015-03",
            "price": "49.39",
            "revenue": 1102796
        },
        "2015-04": {
            "month": "2015-04",
            "price": "47.88",
            "revenue": 1016619
        },
        "2015-05": {
            "month": "2015-05",
            "price": "48.76",
            "revenue": 758223
        },
        "2015-06": {
            "month": "2015-06",
            "price": "44.68",
            "revenue": 808800
        },
        "2015-07": {
            "month": "2015-07",
            "price": "42.50",
            "revenue": 1131695
        },
        "2015-08": {
            "month": "2015-08",
            "price": "34.44",
            "revenue": 933131
        },
        "2015-09": {
            "month": "2015-09",
            "price": "30.03",
            "revenue": 727194
        },
        "2015-10": {
            "month": "2015-10",
            "price": "32.50",
            "revenue": 945833
        },
        "2015-11": {
            "month": "2015-11",
            "price": "35.03",
            "revenue": 683024
        },
        "2015-12": {
            "month": "2015-12",
            "price": "33.43",
            "revenue": 1774368
        },
        "2016-01": {
            "month": "2016-01",
            "price": "28.71",
            "revenue": 404878
        },
        "2016-02": {
            "month": "2016-02",
            "price": "28.75",
            "revenue": 734753
        },
        "2016-03": {
            "month": "2016-03",
            "price": "34.75",
            "revenue": 1096114
        },
        "2016-04": {
            "month": "2016-04",
            "price": "36.66",
            "revenue": 894780
        },
        "2016-05": {
            "month": "2016-05",
            "price": "38.16",
            "revenue": 805376
        },
        "2016-06": {
            "month": "2016-06",
            "price": "40.53",
            "revenue": 924026
        },
        "2016-07": {
            "month": "2016-07",
            "price": "42.08",
            "revenue": 556973
        },
        "2016-08": {
            "month": "2016-08",
            "price": "41.53",
            "revenue": 929396
        },
        "2016-09": {
            "month": "2016-09",
            "price": "39.33",
            "revenue": 814851
        },
        "2016-10": {
            "month": "2016-10",
            "price": "37.38",
            "revenue": 579747
        },
        "2016-11": {
            "month": "2016-11",
            "price": "33.55",
            "revenue": 764195
        },
        "2016-12": {
            "month": "2016-12",
            "price": "33.31",
            "revenue": 1545773
        },
        "2017-01": {
            "month": "2017-01",
            "price": "32.55",
            "revenue": 412639
        },
        "2017-02": {
            "month": "2017-02",
            "price": "34.04",
            "revenue": 516818
        },
        "2017-03": {
            "month": "2017-03",
            "price": "34.50",
            "revenue": 978852
        },
        "2017-04": {
            "month": "2017-04",
            "price": "33.67",
            "revenue": 722212
        },
        "2017-05": {
            "month": "2017-05",
            "price": "31.56",
            "revenue": 736690
        },
        "2017-06": {
            "month": "2017-06",
            "price": "31.60",
            "revenue": 879873
        },
        "2017-07": {
            "month": "2017-07",
            "price": "31.83",
            "revenue": 500518
        },
        "2017-08": {
            "month": "2017-08",
            "price": "29.04",
            "revenue": 714121
        },
        "2017-09": {
            "month": "2017-09",
            "price": "28.16",
            "revenue": 847388
        },
        "2017-10": {
            "month": "2017-10",
            "price": "30.21",
            "revenue": 742462
        },
        "2017-11": {
            "month": "2017-11",
            "price": "29.40",
            "revenue": 740982
        },
        "2017-12": {
            "month": "2017-12",
            "price": "27.62",
            "revenue": 1729365
        },
        "2018-01": {
            "month": "2018-01",
            "price": "27.28",
            "revenue": 479822
        },
        "2018-02": {
            "month": "2018-02",
            "price": "25.19",
            "revenue": 515941
        },
        "2018-03": {
            "month": "2018-03",
            "price": "26.64",
            "revenue": 913914
        },
        "2018-04": {
            "month": "2018-04",
            "price": "26.63",
            "revenue": 895411
        },
        "2018-05": {
            "month": "2018-05",
            "price": "25.44",
            "revenue": 768861
        },
        "2018-06": {
            "month": "2018-06",
            "price": "25.62",
            "revenue": 735692
        },
        "2018-07": {
            "month": "2018-07",
            "price": "22.45",
            "revenue": 416883
        },
        "2018-08": {
            "month": "2018-08",
            "price": "23.80",
            "revenue": 523441
        },
        "2018-09": {
            "month": "2018-09",
            "price": "22.81",
            "revenue": 754913
        },
        "2018-10": {
            "month": "2018-10",
            "price": "20.08",
            "revenue": 661076
        },
        "2018-11": {
            "month": "2018-11",
            "price": "18.23",
            "revenue": 762811
        },
        "2018-12": {
            "month": "2018-12",
            "price": "18.32",
            "revenue": 1626225
        },
        "2019-01": {
            "month": "2019-01",
            "price": "19.30",
            "revenue": 343985
        },
        "2019-02": {
            "month": "2019-02",
            "price": "18.71",
            "revenue": 359582
        },
        "2019-03": {
            "month": "2019-03",
            "price": "18.67",
            "revenue": 821170
        },
        "2019-04": {
            "month": "2019-04",
            "price": "19.25",
            "revenue": 781407
        },
        "2019-05": {
            "month": "2019-05",
            "price": "18.08",
            "revenue": 745465
        },
        "2019-06": {
            "month": "2019-06",
            "price": "17.30",
            "revenue": 874285
        },
        "2019-07": {
            "month": "2019-07",
            "price": "17.59",
            "revenue": 463390
        },
        "2019-08": {
            "month": "2019-08",
            "price": "17.08",
            "revenue": 517522
        },
        "2019-09": {
            "month": "2019-09",
            "price": "17.20",
            "revenue": 643200
        },
        "2019-10": {
            "month": "2019-10",
            "price": "17.08",
            "revenue": 544799
        },
        "2019-11": {
            "month": "2019-11",
            "price": "16.30",
            "revenue": 537439
        },
        "2019-12": {
            "month": "2019-12",
            "price": "14.86",
            "revenue": 1656421
        },
        "2020-01": {
            "month": "2020-01",
            "price": "14.30",
            "revenue": 321916
        },
        "2020-02": {
            "month": "2020-02",
            "price": "14.13",
            "revenue": 510972
        },
        "2020-03": {
            "month": "2020-03",
            "price": "12.70",
            "revenue": 1127901
        },
        "2020-04": {
            "month": "2020-04",
            "price": "13.34",
            "revenue": 911673
        },
        "2020-05": {
            "month": "2020-05",
            "price": "14.45",
            "revenue": 782689
        },
        "2020-06": {
            "month": "2020-06",
            "price": "15.00",
            "revenue": 730514
        },
        "2020-07": {
            "month": "2020-07",
            "price": "14.52",
            "revenue": 471323
        },
        "2020-08": {
            "month": "2020-08",
            "price": "12.82",
            "revenue": 553465
        },
        "2020-09": {
            "month": "2020-09",
            "price": "12.45",
            "revenue": 830079
        },
        "2020-10": {
            "month": "2020-10",
            "price": "11.47",
            "revenue": 637392
        },
        "2020-11": {
            "month": "2020-11",
            "price": "11.37",
            "revenue": 575583
        },
        "2020-12": {
            "month": "2020-12",
            "price": "12.20",
            "revenue": 1691699
        },
        "2021-01": {
            "month": "2021-01",
            "price": "11.81",
            "revenue": 470116
        },
        "2021-02": {
            "month": "2021-02",
            "price": "11.88",
            "revenue": 554535
        },
        "2021-03": {
            "month": "2021-03",
            "price": "11.90",
            "revenue": 1079262
        },
        "2021-04": {
            "month": "2021-04",
            "price": "12.98",
            "revenue": 946775
        },
        "2021-05": {
            "month": "2021-05",
            "price": "12.64",
            "revenue": 767085
        },
        "2021-06": {
            "month": "2021-06",
            "price": "11.93",
            "revenue": 920919
        },
        "2021-07": {
            "month": "2021-07",
            "price": "12.34",
            "revenue": 527115
        },
        "2021-08": {
            "month": "2021-08",
            "price": "12.30",
            "revenue": 793068
        },
        "2021-09": {
            "month": "2021-09",
            "price": "15.30",
            "revenue": 842618
        },
        "2021-10": {
            "month": "2021-10",
            "price": "25.48",
            "revenue": 941001
        },
        "2021-11": {
            "month": "2021-11",
            "price": "21.79",
            "revenue": 994048
        },
        "2021-12": {
            "month": "2021-12",
            "price": "24.43",
            "revenue": 1659842
        },
        "2022-01": {
            "month": "2022-01",
            "price": "25.19",
            "revenue": 857981
        },
        "2022-02": {
            "month": "2022-02",
            "price": "25.59",
            "revenue": 739152
        },
        "2022-03": {
            "month": "2022-03",
            "price": "25.80",
            "revenue": 1338296
        }
    }
}
