{
    "summary": {
        "stock_name": "國光生",
        "stock_id": "4142",
        "category": "生技醫療",
        "main_business": "血清、疫苗、檢驗試劑、生物製劑及其菌液、原料等之加工製造買賣<br>有關西藥、動物用藥品、化學品及飼料添加物等之加工製造買賣<br>前各項產品之進出口貿易與代理",
        "website_url": "http://www.adimmune.com.tw/",
        "ceo": "留忠正",
        "pe_ratio": 57,
        "report_year_from": 2009,
        "report_year_to": 2023,
        "age": 14,
        "eps_negative_percentage": 77,
        "eps_growth_avg": {
            "last_all": 1.74,
            "last_2y": 1.74,
            "last_4y": 1.74,
            "last_8y": 1.74,
            "last_12y": null,
            "last_16y": null,
            "last_20y": null,
            "at_2006_last_3y": null,
            "at_2007_last_3y": null,
            "at_2008_last_3y": null,
            "at_2009_last_3y": null,
            "at_2010_last_3y": null,
            "at_2011_last_3y": null,
            "at_2012_last_3y": null,
            "at_2013_last_3y": null,
            "at_2014_last_3y": null,
            "at_2015_last_3y": null,
            "at_2016_last_3y": null,
            "at_2017_last_3y": null,
            "at_2018_last_3y": null,
            "at_2019_last_3y": null,
            "at_2020_last_3y": null,
            "at_2021_last_3y": -96.52,
            "at_2022_last_3y": 1.74,
            "at_2023_last_3y": 1.74,
            "at_2006_last_all": null,
            "at_2007_last_all": null,
            "at_2008_last_all": null,
            "at_2009_last_all": null,
            "at_2010_last_all": null,
            "at_2011_last_all": null,
            "at_2012_last_all": null,
            "at_2013_last_all": null,
            "at_2014_last_all": null,
            "at_2015_last_all": null,
            "at_2016_last_all": null,
            "at_2017_last_all": null,
            "at_2018_last_all": null,
            "at_2019_last_all": null,
            "at_2020_last_all": null,
            "at_2021_last_all": -96.52,
            "at_2022_last_all": 1.74,
            "at_2023_last_all": 1.74
        },
        "latest_eps": 0.66,
        "latest_price": 37.3,
        "latest_roe": 1.99,
        "latest_gross_margin": -35.3,
        "latest_equity": 6286753,
        "latest_revenue": 169710,
        "latest_gross_profit": -59905,
        "latest_net_income": -269292,
        "latest_debt_ratio": 31.04,
        "latest_current_ratio": 595.18,
        "latest_account_receivable_turnover_ratio": 0.32,
        "latest_inventory_turnover_ratio": 0.32,
        "latest_reinvestment_rate": 95.32,
        "latest_research_to_sale_ratio": 42.13
    },
    "eps_dividends": {
        "2001": {
            "cash": 0,
            "stock": 0,
            "eps": 0
        },
        "2002": {
            "cash": 0,
            "stock": 0,
            "eps": 0
        },
        "2003": {
            "cash": 0,
            "stock": 0,
            "eps": 0
        },
        "2004": {
            "cash": 0,
            "stock": 0,
            "eps": 0
        },
        "2005": {
            "cash": 0,
            "stock": 0,
            "eps": 0
        },
        "2006": {
            "cash": 0,
            "stock": 0,
            "eps": 0
        },
        "2007": {
            "cash": 0,
            "stock": 0,
            "eps": 0
        },
        "2008": {
            "cash": 0,
            "stock": 0,
            "eps": 0
        },
        "2009": {
            "cash": 0,
            "stock": 0,
            "eps": 0
        },
        "2010": {
            "cash": 0,
            "stock": 0,
            "eps": 0
        },
        "2011": {
            "cash": 0,
            "stock": 0,
            "eps": -2.44
        },
        "2012": {
            "cash": 0,
            "stock": 0,
            "eps": -3.38
        },
        "2013": {
            "cash": 0,
            "stock": 0,
            "eps": -3.25
        },
        "2014": {
            "cash": 0,
            "stock": 0,
            "eps": -2.93
        },
        "2015": {
            "cash": 0,
            "stock": 0,
            "eps": -3.24
        },
        "2016": {
            "cash": 0,
            "stock": 0,
            "eps": -2.54
        },
        "2017": {
            "cash": 0,
            "stock": 0,
            "eps": -3.24
        },
        "2018": {
            "cash": 0,
            "stock": 0,
            "eps": -2.59
        },
        "2019": {
            "cash": 0,
            "stock": 0,
            "eps": -1.2
        },
        "2020": {
            "cash": 0,
            "stock": 0,
            "eps": 2.87
        },
        "2021": {
            "cash": 0.5,
            "stock": 0,
            "eps": 0.1
        },
        "2022": {
            "cash": 0,
            "stock": 0,
            "eps": 0.68
        },
        "2023": {
            "cash": 0,
            "stock": 0,
            "eps": -0.59
        }
    },
    "dividends": {
        "2021-10-13": {
            "cash": 0.5,
            "stock": 0
        }
    },
    "prices": {
        "200101": "無",
        "200102": "無",
        "200103": "無",
        "200104": "無",
        "200105": "無",
        "200106": "無",
        "200107": "無",
        "200108": "無",
        "200109": "無",
        "200110": "無",
        "200111": "無",
        "200112": "無",
        "200201": "無",
        "200202": "無",
        "200203": "無",
        "200204": "無",
        "200205": "無",
        "200206": "無",
        "200207": "無",
        "200208": "無",
        "200209": "無",
        "200210": "無",
        "200211": "無",
        "200212": "無",
        "200301": "無",
        "200302": "無",
        "200303": "無",
        "200304": "無",
        "200305": "無",
        "200306": "無",
        "200307": "無",
        "200308": "無",
        "200309": "無",
        "200310": "無",
        "200311": "無",
        "200312": "無",
        "200401": "無",
        "200402": "無",
        "200403": "無",
        "200404": "無",
        "200405": "無",
        "200406": "無",
        "200407": "無",
        "200408": "無",
        "200409": "無",
        "200410": "無",
        "200411": "無",
        "200412": "無",
        "200501": "無",
        "200502": "無",
        "200503": "無",
        "200504": "無",
        "200505": "無",
        "200506": "無",
        "200507": "無",
        "200508": "無",
        "200509": "無",
        "200510": "無",
        "200511": "無",
        "200512": "無",
        "200601": "無",
        "200602": "無",
        "200603": "無",
        "200604": "無",
        "200605": "無",
        "200606": "無",
        "200607": "無",
        "200608": "無",
        "200609": "無",
        "200610": "無",
        "200611": "無",
        "200612": "無",
        "200701": "無",
        "200702": "無",
        "200703": "無",
        "200704": "無",
        "200705": "無",
        "200706": "無",
        "200707": "無",
        "200708": "無",
        "200709": "無",
        "200710": "無",
        "200711": "無",
        "200712": "無",
        "200801": "無",
        "200802": "無",
        "200803": "無",
        "200804": "無",
        "200805": "無",
        "200806": "無",
        "200807": "無",
        "200808": "無",
        "200809": "無",
        "200810": "無",
        "200811": "無",
        "200812": "無",
        "200901": "無",
        "200902": "無",
        "200903": "無",
        "200904": "無",
        "200905": "無",
        "200906": "無",
        "200907": "無",
        "200908": "無",
        "200909": "無",
        "200910": "無",
        "200911": "無",
        "200912": "無",
        "201001": "無",
        "201002": "無",
        "201003": "無",
        "201004": "無",
        "201005": "無",
        "201006": "無",
        "201007": "無",
        "201008": "無",
        "201009": "68.90",
        "201010": "51.29",
        "201011": "47.43",
        "201012": "44.10",
        "201101": "41.92",
        "201102": "41.65",
        "201103": "40.34",
        "201104": "39.13",
        "201105": "41.07",
        "201106": "42.78",
        "201107": "40.74",
        "201108": "39.30",
        "201109": "37.77",
        "201110": "36.58",
        "201111": "36.51",
        "201112": "31.06",
        "201201": "36.32",
        "201202": "45.53",
        "201203": "49.62",
        "201204": "45.26",
        "201205": "37.93",
        "201206": "32.22",
        "201207": "32.90",
        "201208": "35.02",
        "201209": "38.48",
        "201210": "35.80",
        "201211": "33.15",
        "201212": "35.57",
        "201301": "38.01",
        "201302": "38.04",
        "201303": "36.59",
        "201304": "46.23",
        "201305": "41.29",
        "201306": "37.83",
        "201307": "41.19",
        "201308": "40.81",
        "201309": "42.23",
        "201310": "43.89",
        "201311": "44.72",
        "201312": "44.75",
        "201401": "45.25",
        "201402": "44.96",
        "201403": "42.25",
        "201404": "39.76",
        "201405": "38.90",
        "201406": "39.51",
        "201407": "40.12",
        "201408": "35.82",
        "201409": "31.22",
        "201410": "31.93",
        "201411": "29.44",
        "201412": "28.87",
        "201501": "29.88",
        "201502": "28.66",
        "201503": "28.19",
        "201504": "28.08",
        "201505": "24.52",
        "201506": "23.06",
        "201507": "19.51",
        "201508": "17.89",
        "201509": "22.30",
        "201510": "23.77",
        "201511": "26.35",
        "201512": "25.60",
        "201601": "22.34",
        "201602": "23.80",
        "201603": "25.87",
        "201604": "23.47",
        "201605": "22.45",
        "201606": "23.21",
        "201607": "23.65",
        "201608": "22.99",
        "201609": "22.71",
        "201610": "22.97",
        "201611": "22.55",
        "201612": "23.00",
        "201701": "22.55",
        "201702": "24.08",
        "201703": "23.13",
        "201704": "21.78",
        "201705": "21.24",
        "201706": "21.45",
        "201707": "21.01",
        "201708": "19.43",
        "201709": "19.82",
        "201710": "21.47",
        "201711": "20.32",
        "201712": "19.91",
        "201801": "20.33",
        "201802": "18.76",
        "201803": "19.48",
        "201804": "19.41",
        "201805": "18.78",
        "201806": "18.89",
        "201807": "18.19",
        "201808": "18.84",
        "201809": "19.41",
        "201810": "23.86",
        "201811": "21.27",
        "201812": "21.27",
        "201901": "20.08",
        "201902": "20.08",
        "201903": "20.12",
        "201904": "20.98",
        "201905": "19.52",
        "201906": "20.02",
        "201907": "23.52",
        "201908": "23.41",
        "201909": "25.50",
        "201910": "25.48",
        "201911": "25.20",
        "201912": "24.68",
        "202001": "24.84",
        "202002": "27.07",
        "202003": "28.82",
        "202004": "28.34",
        "202005": "47.89",
        "202006": "62.09",
        "202007": "72.23",
        "202008": "70.35",
        "202009": "71.53",
        "202010": "67.68",
        "202011": "61.84",
        "202012": "58.53",
        "202101": "50.91",
        "202102": "54.86",
        "202103": "56.67",
        "202104": "55.38",
        "202105": "54.98",
        "202106": "53.45",
        "202107": "50.12",
        "202108": "49.59",
        "202109": "52.10",
        "202110": "45.24",
        "202111": "44.37",
        "202112": "44.31",
        "202201": "43.11",
        "202202": "41.14",
        "202203": "39.67",
        "202204": "42.22",
        "202205": "36.53",
        "202206": "37.18",
        "202207": "39.36",
        "202208": "38.26",
        "202209": "36.66",
        "202210": "33.16",
        "202211": "35.70",
        "202212": "36.51",
        "202301": "35.85",
        "202302": "40.48",
        "202303": "39.94",
        "202304": "39.91",
        "202305": "38.49",
        "202306": "37.97"
    },
    "quarters": {
        "20011": {
            "year_quarter": 20011,
            "year": 2001,
            "quarter": 1,
            "eps": null,
            "eps_growth_year": null,
            "eps_4q": null,
            "eps_4q_growth_year": null,
            "roe": null,
            "roe_4q": 0,
            "gross_profit": null,
            "gross_margin": null,
            "gross_margin_4q_avg": 0,
            "net_income": null,
            "revenue": null,
            "common_shares": null,
            "book_valuer_per_share": null,
            "book_valuer_per_share_4q_avg": 0,
            "equity": null,
            "current_ratio": null,
            "debt_ratio": null,
            "inventory_turnover_ratio": null,
            "account_receivable_turnover_ratio": null,
            "reinvestment_rate": null,
            "research_to_sale_ratio": null,
            "price_fair": 0,
            "eps_avg_yearly": 0,
            "eps_latest_yearly": 0,
            "eps_growth_yearly": 0
        },
        "20012": {
            "year_quarter": 20012,
            "year": 2001,
            "quarter": 2,
            "eps": null,
            "eps_growth_year": null,
            "eps_4q": null,
            "eps_4q_growth_year": null,
            "roe": null,
            "roe_4q": 0,
            "gross_profit": null,
            "gross_margin": null,
            "gross_margin_4q_avg": 0,
            "net_income": null,
            "revenue": null,
            "common_shares": null,
            "book_valuer_per_share": null,
            "book_valuer_per_share_4q_avg": 0,
            "equity": null,
            "current_ratio": null,
            "debt_ratio": null,
            "inventory_turnover_ratio": null,
            "account_receivable_turnover_ratio": null,
            "reinvestment_rate": null,
            "research_to_sale_ratio": null,
            "price_fair": 0,
            "eps_avg_yearly": 0,
            "eps_latest_yearly": 0,
            "eps_growth_yearly": 0
        },
        "20013": {
            "year_quarter": 20013,
            "year": 2001,
            "quarter": 3,
            "eps": null,
            "eps_growth_year": null,
            "eps_4q": null,
            "eps_4q_growth_year": null,
            "roe": null,
            "roe_4q": 0,
            "gross_profit": null,
            "gross_margin": null,
            "gross_margin_4q_avg": 0,
            "net_income": null,
            "revenue": null,
            "common_shares": null,
            "book_valuer_per_share": null,
            "book_valuer_per_share_4q_avg": 0,
            "equity": null,
            "current_ratio": null,
            "debt_ratio": null,
            "inventory_turnover_ratio": null,
            "account_receivable_turnover_ratio": null,
            "reinvestment_rate": null,
            "research_to_sale_ratio": null,
            "price_fair": 0,
            "eps_avg_yearly": 0,
            "eps_latest_yearly": 0,
            "eps_growth_yearly": 0
        },
        "20014": {
            "year_quarter": 20014,
            "year": 2001,
            "quarter": 4,
            "eps": null,
            "eps_growth_year": null,
            "eps_4q": null,
            "eps_4q_growth_year": null,
            "roe": null,
            "roe_4q": 0,
            "gross_profit": null,
            "gross_margin": null,
            "gross_margin_4q_avg": 0,
            "net_income": null,
            "revenue": null,
            "common_shares": null,
            "book_valuer_per_share": null,
            "book_valuer_per_share_4q_avg": 0,
            "equity": null,
            "current_ratio": null,
            "debt_ratio": null,
            "inventory_turnover_ratio": null,
            "account_receivable_turnover_ratio": null,
            "reinvestment_rate": null,
            "research_to_sale_ratio": null,
            "price_fair": 0,
            "eps_avg_yearly": 0,
            "eps_latest_yearly": 0,
            "eps_growth_yearly": 0
        },
        "20021": {
            "year_quarter": 20021,
            "year": 2002,
            "quarter": 1,
            "eps": null,
            "eps_growth_year": null,
            "eps_4q": null,
            "eps_4q_growth_year": null,
            "roe": null,
            "roe_4q": 0,
            "gross_profit": null,
            "gross_margin": null,
            "gross_margin_4q_avg": 0,
            "net_income": null,
            "revenue": null,
            "common_shares": null,
            "book_valuer_per_share": null,
            "book_valuer_per_share_4q_avg": 0,
            "equity": null,
            "current_ratio": null,
            "debt_ratio": null,
            "inventory_turnover_ratio": null,
            "account_receivable_turnover_ratio": null,
            "reinvestment_rate": null,
            "research_to_sale_ratio": null,
            "price_fair": 0,
            "eps_avg_yearly": 0,
            "eps_latest_yearly": 0,
            "eps_growth_yearly": 0
        },
        "20022": {
            "year_quarter": 20022,
            "year": 2002,
            "quarter": 2,
            "eps": null,
            "eps_growth_year": null,
            "eps_4q": null,
            "eps_4q_growth_year": null,
            "roe": null,
            "roe_4q": 0,
            "gross_profit": null,
            "gross_margin": null,
            "gross_margin_4q_avg": 0,
            "net_income": null,
            "revenue": null,
            "common_shares": null,
            "book_valuer_per_share": null,
            "book_valuer_per_share_4q_avg": 0,
            "equity": null,
            "current_ratio": null,
            "debt_ratio": null,
            "inventory_turnover_ratio": null,
            "account_receivable_turnover_ratio": null,
            "reinvestment_rate": null,
            "research_to_sale_ratio": null,
            "price_fair": 0,
            "eps_avg_yearly": 0,
            "eps_latest_yearly": 0,
            "eps_growth_yearly": 0
        },
        "20023": {
            "year_quarter": 20023,
            "year": 2002,
            "quarter": 3,
            "eps": null,
            "eps_growth_year": null,
            "eps_4q": null,
            "eps_4q_growth_year": null,
            "roe": null,
            "roe_4q": 0,
            "gross_profit": null,
            "gross_margin": null,
            "gross_margin_4q_avg": 0,
            "net_income": null,
            "revenue": null,
            "common_shares": null,
            "book_valuer_per_share": null,
            "book_valuer_per_share_4q_avg": 0,
            "equity": null,
            "current_ratio": null,
            "debt_ratio": null,
            "inventory_turnover_ratio": null,
            "account_receivable_turnover_ratio": null,
            "reinvestment_rate": null,
            "research_to_sale_ratio": null,
            "price_fair": 0,
            "eps_avg_yearly": 0,
            "eps_latest_yearly": 0,
            "eps_growth_yearly": 0
        },
        "20024": {
            "year_quarter": 20024,
            "year": 2002,
            "quarter": 4,
            "eps": null,
            "eps_growth_year": null,
            "eps_4q": null,
            "eps_4q_growth_year": null,
            "roe": null,
            "roe_4q": 0,
            "gross_profit": null,
            "gross_margin": null,
            "gross_margin_4q_avg": 0,
            "net_income": null,
            "revenue": null,
            "common_shares": null,
            "book_valuer_per_share": null,
            "book_valuer_per_share_4q_avg": 0,
            "equity": null,
            "current_ratio": null,
            "debt_ratio": null,
            "inventory_turnover_ratio": null,
            "account_receivable_turnover_ratio": null,
            "reinvestment_rate": null,
            "research_to_sale_ratio": null,
            "price_fair": 0,
            "eps_avg_yearly": 0,
            "eps_latest_yearly": 0,
            "eps_growth_yearly": 0
        },
        "20031": {
            "year_quarter": 20031,
            "year": 2003,
            "quarter": 1,
            "eps": null,
            "eps_growth_year": null,
            "eps_4q": null,
            "eps_4q_growth_year": null,
            "roe": null,
            "roe_4q": 0,
            "gross_profit": null,
            "gross_margin": null,
            "gross_margin_4q_avg": 0,
            "net_income": null,
            "revenue": null,
            "common_shares": null,
            "book_valuer_per_share": null,
            "book_valuer_per_share_4q_avg": 0,
            "equity": null,
            "current_ratio": null,
            "debt_ratio": null,
            "inventory_turnover_ratio": null,
            "account_receivable_turnover_ratio": null,
            "reinvestment_rate": null,
            "research_to_sale_ratio": null,
            "price_fair": 0,
            "eps_avg_yearly": 0,
            "eps_latest_yearly": 0,
            "eps_growth_yearly": 0
        },
        "20032": {
            "year_quarter": 20032,
            "year": 2003,
            "quarter": 2,
            "eps": null,
            "eps_growth_year": null,
            "eps_4q": null,
            "eps_4q_growth_year": null,
            "roe": null,
            "roe_4q": 0,
            "gross_profit": null,
            "gross_margin": null,
            "gross_margin_4q_avg": 0,
            "net_income": null,
            "revenue": null,
            "common_shares": null,
            "book_valuer_per_share": null,
            "book_valuer_per_share_4q_avg": 0,
            "equity": null,
            "current_ratio": null,
            "debt_ratio": null,
            "inventory_turnover_ratio": null,
            "account_receivable_turnover_ratio": null,
            "reinvestment_rate": null,
            "research_to_sale_ratio": null,
            "price_fair": 0,
            "eps_avg_yearly": 0,
            "eps_latest_yearly": 0,
            "eps_growth_yearly": 0
        },
        "20033": {
            "year_quarter": 20033,
            "year": 2003,
            "quarter": 3,
            "eps": null,
            "eps_growth_year": null,
            "eps_4q": null,
            "eps_4q_growth_year": null,
            "roe": null,
            "roe_4q": 0,
            "gross_profit": null,
            "gross_margin": null,
            "gross_margin_4q_avg": 0,
            "net_income": null,
            "revenue": null,
            "common_shares": null,
            "book_valuer_per_share": null,
            "book_valuer_per_share_4q_avg": 0,
            "equity": null,
            "current_ratio": null,
            "debt_ratio": null,
            "inventory_turnover_ratio": null,
            "account_receivable_turnover_ratio": null,
            "reinvestment_rate": null,
            "research_to_sale_ratio": null,
            "price_fair": 0,
            "eps_avg_yearly": 0,
            "eps_latest_yearly": 0,
            "eps_growth_yearly": 0
        },
        "20034": {
            "year_quarter": 20034,
            "year": 2003,
            "quarter": 4,
            "eps": null,
            "eps_growth_year": null,
            "eps_4q": null,
            "eps_4q_growth_year": null,
            "roe": null,
            "roe_4q": 0,
            "gross_profit": null,
            "gross_margin": null,
            "gross_margin_4q_avg": 0,
            "net_income": null,
            "revenue": null,
            "common_shares": null,
            "book_valuer_per_share": null,
            "book_valuer_per_share_4q_avg": 0,
            "equity": null,
            "current_ratio": null,
            "debt_ratio": null,
            "inventory_turnover_ratio": null,
            "account_receivable_turnover_ratio": null,
            "reinvestment_rate": null,
            "research_to_sale_ratio": null,
            "price_fair": 0,
            "eps_avg_yearly": 0,
            "eps_latest_yearly": 0,
            "eps_growth_yearly": 0
        },
        "20041": {
            "year_quarter": 20041,
            "year": 2004,
            "quarter": 1,
            "eps": null,
            "eps_growth_year": null,
            "eps_4q": null,
            "eps_4q_growth_year": null,
            "roe": null,
            "roe_4q": 0,
            "gross_profit": null,
            "gross_margin": null,
            "gross_margin_4q_avg": 0,
            "net_income": null,
            "revenue": null,
            "common_shares": null,
            "book_valuer_per_share": null,
            "book_valuer_per_share_4q_avg": 0,
            "equity": null,
            "current_ratio": null,
            "debt_ratio": null,
            "inventory_turnover_ratio": null,
            "account_receivable_turnover_ratio": null,
            "reinvestment_rate": null,
            "research_to_sale_ratio": null,
            "price_fair": 0,
            "eps_avg_yearly": 0,
            "eps_latest_yearly": 0,
            "eps_growth_yearly": 0
        },
        "20042": {
            "year_quarter": 20042,
            "year": 2004,
            "quarter": 2,
            "eps": null,
            "eps_growth_year": null,
            "eps_4q": null,
            "eps_4q_growth_year": null,
            "roe": null,
            "roe_4q": 0,
            "gross_profit": null,
            "gross_margin": null,
            "gross_margin_4q_avg": 0,
            "net_income": null,
            "revenue": null,
            "common_shares": null,
            "book_valuer_per_share": null,
            "book_valuer_per_share_4q_avg": 0,
            "equity": null,
            "current_ratio": null,
            "debt_ratio": null,
            "inventory_turnover_ratio": null,
            "account_receivable_turnover_ratio": null,
            "reinvestment_rate": null,
            "research_to_sale_ratio": null,
            "price_fair": 0,
            "eps_avg_yearly": 0,
            "eps_latest_yearly": 0,
            "eps_growth_yearly": 0
        },
        "20043": {
            "year_quarter": 20043,
            "year": 2004,
            "quarter": 3,
            "eps": null,
            "eps_growth_year": null,
            "eps_4q": null,
            "eps_4q_growth_year": null,
            "roe": null,
            "roe_4q": 0,
            "gross_profit": null,
            "gross_margin": null,
            "gross_margin_4q_avg": 0,
            "net_income": null,
            "revenue": null,
            "common_shares": null,
            "book_valuer_per_share": null,
            "book_valuer_per_share_4q_avg": 0,
            "equity": null,
            "current_ratio": null,
            "debt_ratio": null,
            "inventory_turnover_ratio": null,
            "account_receivable_turnover_ratio": null,
            "reinvestment_rate": null,
            "research_to_sale_ratio": null,
            "price_fair": 0,
            "eps_avg_yearly": 0,
            "eps_latest_yearly": 0,
            "eps_growth_yearly": 0
        },
        "20044": {
            "year_quarter": 20044,
            "year": 2004,
            "quarter": 4,
            "eps": null,
            "eps_growth_year": null,
            "eps_4q": null,
            "eps_4q_growth_year": null,
            "roe": null,
            "roe_4q": 0,
            "gross_profit": null,
            "gross_margin": null,
            "gross_margin_4q_avg": 0,
            "net_income": null,
            "revenue": null,
            "common_shares": 757800,
            "book_valuer_per_share": 20.96,
            "book_valuer_per_share_4q_avg": 5.24,
            "equity": 1588406,
            "current_ratio": 907.2,
            "debt_ratio": 6.18,
            "inventory_turnover_ratio": null,
            "account_receivable_turnover_ratio": null,
            "reinvestment_rate": null,
            "research_to_sale_ratio": null,
            "price_fair": 0,
            "eps_avg_yearly": 0,
            "eps_latest_yearly": 0,
            "eps_growth_yearly": 0
        },
        "20051": {
            "year_quarter": 20051,
            "year": 2005,
            "quarter": 1,
            "eps": null,
            "eps_growth_year": null,
            "eps_4q": null,
            "eps_4q_growth_year": null,
            "roe": null,
            "roe_4q": 0,
            "gross_profit": null,
            "gross_margin": null,
            "gross_margin_4q_avg": 0,
            "net_income": null,
            "revenue": null,
            "common_shares": null,
            "book_valuer_per_share": null,
            "book_valuer_per_share_4q_avg": 5.24,
            "equity": null,
            "current_ratio": null,
            "debt_ratio": null,
            "inventory_turnover_ratio": null,
            "account_receivable_turnover_ratio": null,
            "reinvestment_rate": null,
            "research_to_sale_ratio": null,
            "price_fair": 0,
            "eps_avg_yearly": 0,
            "eps_latest_yearly": 0,
            "eps_growth_yearly": 0
        },
        "20052": {
            "year_quarter": 20052,
            "year": 2005,
            "quarter": 2,
            "eps": null,
            "eps_growth_year": null,
            "eps_4q": null,
            "eps_4q_growth_year": null,
            "roe": null,
            "roe_4q": 0,
            "gross_profit": null,
            "gross_margin": null,
            "gross_margin_4q_avg": 0,
            "net_income": null,
            "revenue": null,
            "common_shares": null,
            "book_valuer_per_share": null,
            "book_valuer_per_share_4q_avg": 5.24,
            "equity": null,
            "current_ratio": null,
            "debt_ratio": null,
            "inventory_turnover_ratio": null,
            "account_receivable_turnover_ratio": null,
            "reinvestment_rate": null,
            "research_to_sale_ratio": null,
            "price_fair": 0,
            "eps_avg_yearly": 0,
            "eps_latest_yearly": 0,
            "eps_growth_yearly": 0
        },
        "20053": {
            "year_quarter": 20053,
            "year": 2005,
            "quarter": 3,
            "eps": null,
            "eps_growth_year": null,
            "eps_4q": null,
            "eps_4q_growth_year": null,
            "roe": null,
            "roe_4q": 0,
            "gross_profit": null,
            "gross_margin": null,
            "gross_margin_4q_avg": 0,
            "net_income": null,
            "revenue": null,
            "common_shares": null,
            "book_valuer_per_share": null,
            "book_valuer_per_share_4q_avg": 5.24,
            "equity": null,
            "current_ratio": null,
            "debt_ratio": null,
            "inventory_turnover_ratio": null,
            "account_receivable_turnover_ratio": null,
            "reinvestment_rate": null,
            "research_to_sale_ratio": null,
            "price_fair": 0,
            "eps_avg_yearly": 0,
            "eps_latest_yearly": 0,
            "eps_growth_yearly": 0
        },
        "20054": {
            "year_quarter": 20054,
            "year": 2005,
            "quarter": 4,
            "eps": null,
            "eps_growth_year": null,
            "eps_4q": null,
            "eps_4q_growth_year": null,
            "roe": null,
            "roe_4q": 0,
            "gross_profit": null,
            "gross_margin": null,
            "gross_margin_4q_avg": 0,
            "net_income": null,
            "revenue": null,
            "common_shares": 757800,
            "book_valuer_per_share": 20.98,
            "book_valuer_per_share_4q_avg": 5.25,
            "equity": 1589861,
            "current_ratio": 408.97,
            "debt_ratio": 9.89,
            "inventory_turnover_ratio": null,
            "account_receivable_turnover_ratio": null,
            "reinvestment_rate": null,
            "research_to_sale_ratio": null,
            "price_fair": 0,
            "eps_avg_yearly": 0,
            "eps_latest_yearly": 0,
            "eps_growth_yearly": 0
        },
        "20061": {
            "year_quarter": 20061,
            "year": 2006,
            "quarter": 1,
            "eps": null,
            "eps_growth_year": null,
            "eps_4q": null,
            "eps_4q_growth_year": null,
            "roe": null,
            "roe_4q": 0,
            "gross_profit": null,
            "gross_margin": null,
            "gross_margin_4q_avg": 0,
            "net_income": null,
            "revenue": null,
            "common_shares": null,
            "book_valuer_per_share": null,
            "book_valuer_per_share_4q_avg": 5.25,
            "equity": null,
            "current_ratio": null,
            "debt_ratio": null,
            "inventory_turnover_ratio": null,
            "account_receivable_turnover_ratio": null,
            "reinvestment_rate": null,
            "research_to_sale_ratio": null,
            "price_fair": 0,
            "eps_avg_yearly": 0,
            "eps_latest_yearly": 0,
            "eps_growth_yearly": 0
        },
        "20062": {
            "year_quarter": 20062,
            "year": 2006,
            "quarter": 2,
            "eps": null,
            "eps_growth_year": null,
            "eps_4q": null,
            "eps_4q_growth_year": null,
            "roe": null,
            "roe_4q": 0,
            "gross_profit": null,
            "gross_margin": null,
            "gross_margin_4q_avg": 0,
            "net_income": null,
            "revenue": null,
            "common_shares": null,
            "book_valuer_per_share": null,
            "book_valuer_per_share_4q_avg": 5.25,
            "equity": null,
            "current_ratio": null,
            "debt_ratio": null,
            "inventory_turnover_ratio": null,
            "account_receivable_turnover_ratio": null,
            "reinvestment_rate": null,
            "research_to_sale_ratio": null,
            "price_fair": 0,
            "eps_avg_yearly": 0,
            "eps_latest_yearly": 0,
            "eps_growth_yearly": 0
        },
        "20063": {
            "year_quarter": 20063,
            "year": 2006,
            "quarter": 3,
            "eps": null,
            "eps_growth_year": null,
            "eps_4q": null,
            "eps_4q_growth_year": null,
            "roe": null,
            "roe_4q": 0,
            "gross_profit": null,
            "gross_margin": null,
            "gross_margin_4q_avg": 0,
            "net_income": null,
            "revenue": null,
            "common_shares": null,
            "book_valuer_per_share": null,
            "book_valuer_per_share_4q_avg": 5.25,
            "equity": null,
            "current_ratio": null,
            "debt_ratio": null,
            "inventory_turnover_ratio": null,
            "account_receivable_turnover_ratio": null,
            "reinvestment_rate": null,
            "research_to_sale_ratio": null,
            "price_fair": 0,
            "eps_avg_yearly": 0,
            "eps_latest_yearly": 0,
            "eps_growth_yearly": 0
        },
        "20064": {
            "year_quarter": 20064,
            "year": 2006,
            "quarter": 4,
            "eps": null,
            "eps_growth_year": null,
            "eps_4q": null,
            "eps_4q_growth_year": null,
            "roe": null,
            "roe_4q": 0,
            "gross_profit": null,
            "gross_margin": null,
            "gross_margin_4q_avg": 0,
            "net_income": null,
            "revenue": null,
            "common_shares": 757800,
            "book_valuer_per_share": 20.64,
            "book_valuer_per_share_4q_avg": 5.16,
            "equity": 1563932,
            "current_ratio": 1366.57,
            "debt_ratio": 2.7,
            "inventory_turnover_ratio": null,
            "account_receivable_turnover_ratio": null,
            "reinvestment_rate": null,
            "research_to_sale_ratio": null,
            "price_fair": 0,
            "eps_avg_yearly": 0,
            "eps_latest_yearly": 0,
            "eps_growth_yearly": 0
        },
        "20071": {
            "year_quarter": 20071,
            "year": 2007,
            "quarter": 1,
            "eps": null,
            "eps_growth_year": null,
            "eps_4q": null,
            "eps_4q_growth_year": null,
            "roe": null,
            "roe_4q": 0,
            "gross_profit": null,
            "gross_margin": null,
            "gross_margin_4q_avg": 0,
            "net_income": null,
            "revenue": null,
            "common_shares": null,
            "book_valuer_per_share": null,
            "book_valuer_per_share_4q_avg": 5.16,
            "equity": null,
            "current_ratio": null,
            "debt_ratio": null,
            "inventory_turnover_ratio": null,
            "account_receivable_turnover_ratio": null,
            "reinvestment_rate": null,
            "research_to_sale_ratio": null,
            "price_fair": 0,
            "eps_avg_yearly": 0,
            "eps_latest_yearly": 0,
            "eps_growth_yearly": 0
        },
        "20072": {
            "year_quarter": 20072,
            "year": 2007,
            "quarter": 2,
            "eps": null,
            "eps_growth_year": null,
            "eps_4q": null,
            "eps_4q_growth_year": null,
            "roe": null,
            "roe_4q": 0,
            "gross_profit": null,
            "gross_margin": null,
            "gross_margin_4q_avg": 0,
            "net_income": null,
            "revenue": null,
            "common_shares": null,
            "book_valuer_per_share": null,
            "book_valuer_per_share_4q_avg": 5.16,
            "equity": null,
            "current_ratio": null,
            "debt_ratio": null,
            "inventory_turnover_ratio": null,
            "account_receivable_turnover_ratio": null,
            "reinvestment_rate": null,
            "research_to_sale_ratio": null,
            "price_fair": 0,
            "eps_avg_yearly": 0,
            "eps_latest_yearly": 0,
            "eps_growth_yearly": 0
        },
        "20073": {
            "year_quarter": 20073,
            "year": 2007,
            "quarter": 3,
            "eps": null,
            "eps_growth_year": null,
            "eps_4q": null,
            "eps_4q_growth_year": null,
            "roe": null,
            "roe_4q": 0,
            "gross_profit": null,
            "gross_margin": null,
            "gross_margin_4q_avg": 0,
            "net_income": null,
            "revenue": null,
            "common_shares": null,
            "book_valuer_per_share": null,
            "book_valuer_per_share_4q_avg": 5.16,
            "equity": null,
            "current_ratio": null,
            "debt_ratio": null,
            "inventory_turnover_ratio": null,
            "account_receivable_turnover_ratio": null,
            "reinvestment_rate": null,
            "research_to_sale_ratio": null,
            "price_fair": 0,
            "eps_avg_yearly": 0,
            "eps_latest_yearly": 0,
            "eps_growth_yearly": 0
        },
        "20074": {
            "year_quarter": 20074,
            "year": 2007,
            "quarter": 4,
            "eps": null,
            "eps_growth_year": null,
            "eps_4q": null,
            "eps_4q_growth_year": null,
            "roe": null,
            "roe_4q": 0,
            "gross_profit": null,
            "gross_margin": null,
            "gross_margin_4q_avg": 0,
            "net_income": null,
            "revenue": null,
            "common_shares": 944950,
            "book_valuer_per_share": 20.37,
            "book_valuer_per_share_4q_avg": 5.09,
            "equity": 1924516,
            "current_ratio": 128.53,
            "debt_ratio": 11.38,
            "inventory_turnover_ratio": null,
            "account_receivable_turnover_ratio": null,
            "reinvestment_rate": null,
            "research_to_sale_ratio": null,
            "price_fair": 0,
            "eps_avg_yearly": 0,
            "eps_latest_yearly": 0,
            "eps_growth_yearly": 0
        },
        "20081": {
            "year_quarter": 20081,
            "year": 2008,
            "quarter": 1,
            "eps": null,
            "eps_growth_year": null,
            "eps_4q": null,
            "eps_4q_growth_year": null,
            "roe": null,
            "roe_4q": 0,
            "gross_profit": null,
            "gross_margin": null,
            "gross_margin_4q_avg": 0,
            "net_income": null,
            "revenue": null,
            "common_shares": null,
            "book_valuer_per_share": null,
            "book_valuer_per_share_4q_avg": 5.09,
            "equity": null,
            "current_ratio": null,
            "debt_ratio": null,
            "inventory_turnover_ratio": null,
            "account_receivable_turnover_ratio": null,
            "reinvestment_rate": null,
            "research_to_sale_ratio": null,
            "price_fair": 0,
            "eps_avg_yearly": 0,
            "eps_latest_yearly": 0,
            "eps_growth_yearly": 0
        },
        "20082": {
            "year_quarter": 20082,
            "year": 2008,
            "quarter": 2,
            "eps": null,
            "eps_growth_year": null,
            "eps_4q": null,
            "eps_4q_growth_year": null,
            "roe": null,
            "roe_4q": 0,
            "gross_profit": null,
            "gross_margin": null,
            "gross_margin_4q_avg": 0,
            "net_income": null,
            "revenue": null,
            "common_shares": null,
            "book_valuer_per_share": null,
            "book_valuer_per_share_4q_avg": 5.09,
            "equity": null,
            "current_ratio": null,
            "debt_ratio": null,
            "inventory_turnover_ratio": null,
            "account_receivable_turnover_ratio": null,
            "reinvestment_rate": null,
            "research_to_sale_ratio": null,
            "price_fair": 0,
            "eps_avg_yearly": 0,
            "eps_latest_yearly": 0,
            "eps_growth_yearly": 0
        },
        "20083": {
            "year_quarter": 20083,
            "year": 2008,
            "quarter": 3,
            "eps": null,
            "eps_growth_year": null,
            "eps_4q": null,
            "eps_4q_growth_year": null,
            "roe": null,
            "roe_4q": 0,
            "gross_profit": null,
            "gross_margin": null,
            "gross_margin_4q_avg": 0,
            "net_income": null,
            "revenue": null,
            "common_shares": null,
            "book_valuer_per_share": null,
            "book_valuer_per_share_4q_avg": 5.09,
            "equity": null,
            "current_ratio": null,
            "debt_ratio": null,
            "inventory_turnover_ratio": null,
            "account_receivable_turnover_ratio": null,
            "reinvestment_rate": null,
            "research_to_sale_ratio": null,
            "price_fair": 0,
            "eps_avg_yearly": 0,
            "eps_latest_yearly": 0,
            "eps_growth_yearly": 0
        },
        "20084": {
            "year_quarter": 20084,
            "year": 2008,
            "quarter": 4,
            "eps": null,
            "eps_growth_year": null,
            "eps_4q": null,
            "eps_4q_growth_year": null,
            "roe": null,
            "roe_4q": 0,
            "gross_profit": null,
            "gross_margin": null,
            "gross_margin_4q_avg": 0,
            "net_income": null,
            "revenue": null,
            "common_shares": 1587372,
            "book_valuer_per_share": 19.96,
            "book_valuer_per_share_4q_avg": 4.99,
            "equity": 3169031,
            "current_ratio": 342.6,
            "debt_ratio": 25.41,
            "inventory_turnover_ratio": null,
            "account_receivable_turnover_ratio": null,
            "reinvestment_rate": null,
            "research_to_sale_ratio": null,
            "price_fair": 0,
            "eps_avg_yearly": 0,
            "eps_latest_yearly": 0,
            "eps_growth_yearly": 0
        },
        "20091": {
            "year_quarter": 20091,
            "year": 2009,
            "quarter": 1,
            "eps": null,
            "eps_growth_year": null,
            "eps_4q": null,
            "eps_4q_growth_year": null,
            "roe": null,
            "roe_4q": 0,
            "gross_profit": null,
            "gross_margin": null,
            "gross_margin_4q_avg": 0,
            "net_income": null,
            "revenue": null,
            "common_shares": null,
            "book_valuer_per_share": null,
            "book_valuer_per_share_4q_avg": 4.99,
            "equity": null,
            "current_ratio": null,
            "debt_ratio": null,
            "inventory_turnover_ratio": null,
            "account_receivable_turnover_ratio": null,
            "reinvestment_rate": null,
            "research_to_sale_ratio": null,
            "price_fair": 0,
            "eps_avg_yearly": 0,
            "eps_latest_yearly": 0,
            "eps_growth_yearly": 0
        },
        "20092": {
            "year_quarter": 20092,
            "year": 2009,
            "quarter": 2,
            "eps": null,
            "eps_growth_year": null,
            "eps_4q": null,
            "eps_4q_growth_year": null,
            "roe": null,
            "roe_4q": 0,
            "gross_profit": null,
            "gross_margin": null,
            "gross_margin_4q_avg": 0,
            "net_income": null,
            "revenue": null,
            "common_shares": null,
            "book_valuer_per_share": null,
            "book_valuer_per_share_4q_avg": 4.99,
            "equity": null,
            "current_ratio": null,
            "debt_ratio": null,
            "inventory_turnover_ratio": null,
            "account_receivable_turnover_ratio": null,
            "reinvestment_rate": null,
            "research_to_sale_ratio": null,
            "price_fair": 0,
            "eps_avg_yearly": 0,
            "eps_latest_yearly": 0,
            "eps_growth_yearly": 0
        },
        "20093": {
            "year_quarter": 20093,
            "year": 2009,
            "quarter": 3,
            "eps": null,
            "eps_growth_year": null,
            "eps_4q": null,
            "eps_4q_growth_year": null,
            "roe": null,
            "roe_4q": 0,
            "gross_profit": null,
            "gross_margin": null,
            "gross_margin_4q_avg": 0,
            "net_income": null,
            "revenue": null,
            "common_shares": null,
            "book_valuer_per_share": null,
            "book_valuer_per_share_4q_avg": 4.99,
            "equity": null,
            "current_ratio": null,
            "debt_ratio": null,
            "inventory_turnover_ratio": null,
            "account_receivable_turnover_ratio": null,
            "reinvestment_rate": null,
            "research_to_sale_ratio": null,
            "price_fair": 0,
            "eps_avg_yearly": 0,
            "eps_latest_yearly": 0,
            "eps_growth_yearly": 0
        },
        "20094": {
            "year_quarter": 20094,
            "year": 2009,
            "quarter": 4,
            "eps": null,
            "eps_growth_year": null,
            "eps_4q": null,
            "eps_4q_growth_year": null,
            "roe": null,
            "roe_4q": 0,
            "gross_profit": null,
            "gross_margin": null,
            "gross_margin_4q_avg": 0,
            "net_income": null,
            "revenue": null,
            "common_shares": 1583101,
            "book_valuer_per_share": 23.79,
            "book_valuer_per_share_4q_avg": 5.95,
            "equity": 3766706,
            "current_ratio": 222.51,
            "debt_ratio": 34.02,
            "inventory_turnover_ratio": null,
            "account_receivable_turnover_ratio": null,
            "reinvestment_rate": null,
            "research_to_sale_ratio": null,
            "price_fair": 0,
            "eps_avg_yearly": 0,
            "eps_latest_yearly": 0,
            "eps_growth_yearly": 0
        },
        "20101": {
            "year_quarter": 20101,
            "year": 2010,
            "quarter": 1,
            "eps": null,
            "eps_growth_year": null,
            "eps_4q": null,
            "eps_4q_growth_year": null,
            "roe": null,
            "roe_4q": 0,
            "gross_profit": null,
            "gross_margin": null,
            "gross_margin_4q_avg": 0,
            "net_income": null,
            "revenue": null,
            "common_shares": null,
            "book_valuer_per_share": null,
            "book_valuer_per_share_4q_avg": 5.95,
            "equity": null,
            "current_ratio": null,
            "debt_ratio": null,
            "inventory_turnover_ratio": null,
            "account_receivable_turnover_ratio": null,
            "reinvestment_rate": null,
            "research_to_sale_ratio": null,
            "price_fair": 0,
            "eps_avg_yearly": 0,
            "eps_latest_yearly": 0,
            "eps_growth_yearly": 0
        },
        "20102": {
            "year_quarter": 20102,
            "year": 2010,
            "quarter": 2,
            "eps": null,
            "eps_growth_year": null,
            "eps_4q": null,
            "eps_4q_growth_year": null,
            "roe": null,
            "roe_4q": 0,
            "gross_profit": null,
            "gross_margin": null,
            "gross_margin_4q_avg": 0,
            "net_income": null,
            "revenue": null,
            "common_shares": 1585370,
            "book_valuer_per_share": null,
            "book_valuer_per_share_4q_avg": 5.95,
            "equity": 4197211,
            "current_ratio": null,
            "debt_ratio": null,
            "inventory_turnover_ratio": null,
            "account_receivable_turnover_ratio": null,
            "reinvestment_rate": null,
            "research_to_sale_ratio": null,
            "price_fair": 0,
            "eps_avg_yearly": 0,
            "eps_latest_yearly": 0,
            "eps_growth_yearly": 0
        },
        "20103": {
            "year_quarter": 20103,
            "year": 2010,
            "quarter": 3,
            "eps": null,
            "eps_growth_year": null,
            "eps_4q": null,
            "eps_4q_growth_year": null,
            "roe": null,
            "roe_4q": 0,
            "gross_profit": -67964,
            "gross_margin": null,
            "gross_margin_4q_avg": 0,
            "net_income": -70969,
            "revenue": 47566,
            "common_shares": 1634870,
            "book_valuer_per_share": 25.36,
            "book_valuer_per_share_4q_avg": 12.29,
            "equity": 4146389,
            "current_ratio": 367.81,
            "debt_ratio": 24.25,
            "inventory_turnover_ratio": null,
            "account_receivable_turnover_ratio": null,
            "reinvestment_rate": null,
            "research_to_sale_ratio": null,
            "price_fair": 0,
            "eps_avg_yearly": 0,
            "eps_latest_yearly": 0,
            "eps_growth_yearly": 0
        },
        "20104": {
            "year_quarter": 20104,
            "year": 2010,
            "quarter": 4,
            "eps": null,
            "eps_growth_year": null,
            "eps_4q": null,
            "eps_4q_growth_year": null,
            "roe": null,
            "roe_4q": 0,
            "gross_profit": 17775,
            "gross_margin": null,
            "gross_margin_4q_avg": 0,
            "net_income": -89975,
            "revenue": 58055,
            "common_shares": 1638379,
            "book_valuer_per_share": 24.8,
            "book_valuer_per_share_4q_avg": 12.54,
            "equity": 4062443,
            "current_ratio": 382.11,
            "debt_ratio": 25.01,
            "inventory_turnover_ratio": null,
            "account_receivable_turnover_ratio": null,
            "reinvestment_rate": null,
            "research_to_sale_ratio": null,
            "price_fair": 0,
            "eps_avg_yearly": 0,
            "eps_latest_yearly": 0,
            "eps_growth_yearly": 0
        },
        "20111": {
            "year_quarter": 20111,
            "year": 2011,
            "quarter": 1,
            "eps": null,
            "eps_growth_year": null,
            "eps_4q": null,
            "eps_4q_growth_year": null,
            "roe": null,
            "roe_4q": 0,
            "gross_profit": -28913,
            "gross_margin": null,
            "gross_margin_4q_avg": 0,
            "net_income": -71583,
            "revenue": 44118,
            "common_shares": 1639443,
            "book_valuer_per_share": 24.35,
            "book_valuer_per_share_4q_avg": 18.63,
            "equity": 3991924,
            "current_ratio": 411.77,
            "debt_ratio": 24.73,
            "inventory_turnover_ratio": null,
            "account_receivable_turnover_ratio": null,
            "reinvestment_rate": null,
            "research_to_sale_ratio": null,
            "price_fair": 0,
            "eps_avg_yearly": 0,
            "eps_latest_yearly": 0,
            "eps_growth_yearly": 0
        },
        "20112": {
            "year_quarter": 20112,
            "year": 2011,
            "quarter": 2,
            "eps": -0.77,
            "eps_growth_year": null,
            "eps_4q": -0.77,
            "eps_4q_growth_year": null,
            "roe": -3.2,
            "roe_4q": -3.2,
            "gross_profit": -81266,
            "gross_margin": -91.77,
            "gross_margin_4q_avg": -22.94,
            "net_income": -125916,
            "revenue": 88551,
            "common_shares": 1639443,
            "book_valuer_per_share": 23.58,
            "book_valuer_per_share_4q_avg": 24.52,
            "equity": 3865679,
            "current_ratio": 409.4,
            "debt_ratio": 27.57,
            "inventory_turnover_ratio": 0.66,
            "account_receivable_turnover_ratio": 2.26,
            "reinvestment_rate": null,
            "research_to_sale_ratio": null,
            "price_fair": 0,
            "eps_avg_yearly": 0,
            "eps_latest_yearly": 0,
            "eps_growth_yearly": 0
        },
        "20113": {
            "year_quarter": 20113,
            "year": 2011,
            "quarter": 3,
            "eps": -0.62,
            "eps_growth_year": null,
            "eps_4q": -1.39,
            "eps_4q_growth_year": null,
            "roe": -2.67,
            "roe_4q": -5.87,
            "gross_profit": -33482,
            "gross_margin": -42.3,
            "gross_margin_4q_avg": -33.52,
            "net_income": -101889,
            "revenue": 79160,
            "common_shares": 1642649,
            "book_valuer_per_share": 22.95,
            "book_valuer_per_share_4q_avg": 23.92,
            "equity": 3769646,
            "current_ratio": 469.83,
            "debt_ratio": 32.86,
            "inventory_turnover_ratio": 0.42,
            "account_receivable_turnover_ratio": 0.99,
            "reinvestment_rate": null,
            "research_to_sale_ratio": 56.85,
            "price_fair": 0,
            "eps_avg_yearly": 0,
            "eps_latest_yearly": 0,
            "eps_growth_yearly": 0
        },
        "20114": {
            "year_quarter": 20114,
            "year": 2011,
            "quarter": 4,
            "eps": -1.05,
            "eps_growth_year": null,
            "eps_4q": -2.43,
            "eps_4q_growth_year": null,
            "roe": -4.67,
            "roe_4q": -10.54,
            "gross_profit": -85700,
            "gross_margin": -109.12,
            "gross_margin_4q_avg": -60.8,
            "net_income": -171930,
            "revenue": 78534,
            "common_shares": 1643770,
            "book_valuer_per_share": 21.89,
            "book_valuer_per_share_4q_avg": 23.19,
            "equity": 3598294,
            "current_ratio": 461.08,
            "debt_ratio": 35.84,
            "inventory_turnover_ratio": 0.68,
            "account_receivable_turnover_ratio": 1.79,
            "reinvestment_rate": null,
            "research_to_sale_ratio": 95.14,
            "price_fair": 0,
            "eps_avg_yearly": 0,
            "eps_latest_yearly": 0,
            "eps_growth_yearly": 0
        },
        "20121": {
            "year_quarter": 20121,
            "year": 2012,
            "quarter": 1,
            "eps": -0.82,
            "eps_growth_year": null,
            "eps_4q": -3.24,
            "eps_4q_growth_year": null,
            "roe": -3.79,
            "roe_4q": -14.330000000000002,
            "gross_profit": -108725,
            "gross_margin": -343.1,
            "gross_margin_4q_avg": -146.57,
            "net_income": -133986,
            "revenue": 31689,
            "common_shares": 1645957,
            "book_valuer_per_share": 21.07,
            "book_valuer_per_share_4q_avg": 22.37,
            "equity": 3467264,
            "current_ratio": 285.92,
            "debt_ratio": 38.53,
            "inventory_turnover_ratio": 0.8,
            "account_receivable_turnover_ratio": 1.64,
            "reinvestment_rate": null,
            "research_to_sale_ratio": 67.16,
            "price_fair": 0,
            "eps_avg_yearly": 0,
            "eps_latest_yearly": 0,
            "eps_growth_yearly": 0
        },
        "20122": {
            "year_quarter": 20122,
            "year": 2012,
            "quarter": 2,
            "eps": -0.82,
            "eps_growth_year": null,
            "eps_4q": -3.03,
            "eps_4q_growth_year": null,
            "roe": -4,
            "roe_4q": -15.13,
            "gross_profit": -75263,
            "gross_margin": -65.36,
            "gross_margin_4q_avg": -139.97,
            "net_income": -150421,
            "revenue": 115150,
            "common_shares": 1841257,
            "book_valuer_per_share": 22.06,
            "book_valuer_per_share_4q_avg": 21.99,
            "equity": 4061122,
            "current_ratio": 518.44,
            "debt_ratio": 34.77,
            "inventory_turnover_ratio": 1.05,
            "account_receivable_turnover_ratio": 1.28,
            "reinvestment_rate": null,
            "research_to_sale_ratio": 28.8,
            "price_fair": 0,
            "eps_avg_yearly": 0,
            "eps_latest_yearly": 0,
            "eps_growth_yearly": 0
        },
        "20123": {
            "year_quarter": 20123,
            "year": 2012,
            "quarter": 3,
            "eps": -0.76,
            "eps_growth_year": null,
            "eps_4q": -3.24,
            "eps_4q_growth_year": null,
            "roe": -3.49,
            "roe_4q": -15.950000000000001,
            "gross_profit": -95175,
            "gross_margin": -112.33,
            "gross_margin_4q_avg": -157.48,
            "net_income": -139517,
            "revenue": 84729,
            "common_shares": 1841297,
            "book_valuer_per_share": 21.31,
            "book_valuer_per_share_4q_avg": 21.58,
            "equity": 3923318,
            "current_ratio": 535.95,
            "debt_ratio": 36.37,
            "inventory_turnover_ratio": 0.75,
            "account_receivable_turnover_ratio": 0.75,
            "reinvestment_rate": null,
            "research_to_sale_ratio": 42.06,
            "price_fair": 0,
            "eps_avg_yearly": 0,
            "eps_latest_yearly": 0,
            "eps_growth_yearly": 0
        },
        "20124": {
            "year_quarter": 20124,
            "year": 2012,
            "quarter": 4,
            "eps": -0.98,
            "eps_growth_year": null,
            "eps_4q": -3.28,
            "eps_4q_growth_year": null,
            "roe": -4.69,
            "roe_4q": -15.969999999999999,
            "gross_profit": -91210,
            "gross_margin": -58.62,
            "gross_margin_4q_avg": -144.85,
            "net_income": -179756,
            "revenue": 155594,
            "common_shares": 1841522,
            "book_valuer_per_share": 20.32,
            "book_valuer_per_share_4q_avg": 21.19,
            "equity": 3742774,
            "current_ratio": 448.73,
            "debt_ratio": 37.55,
            "inventory_turnover_ratio": 1.11,
            "account_receivable_turnover_ratio": 2.3,
            "reinvestment_rate": null,
            "research_to_sale_ratio": 39.9,
            "price_fair": 0,
            "eps_avg_yearly": 0,
            "eps_latest_yearly": 0,
            "eps_growth_yearly": 0
        },
        "20131": {
            "year_quarter": 20131,
            "year": 2013,
            "quarter": 1,
            "eps": -0.91,
            "eps_growth_year": null,
            "eps_4q": -3.46,
            "eps_4q_growth_year": null,
            "roe": -4.59,
            "roe_4q": -16.770000000000003,
            "gross_profit": -113547,
            "gross_margin": -1711.08,
            "gross_margin_4q_avg": -486.85,
            "net_income": -168095,
            "revenue": 6636,
            "common_shares": 1841542,
            "book_valuer_per_share": 19.47,
            "book_valuer_per_share_4q_avg": 20.79,
            "equity": 3585986,
            "current_ratio": 368.08,
            "debt_ratio": 39.17,
            "inventory_turnover_ratio": 0.59,
            "account_receivable_turnover_ratio": 0.14,
            "reinvestment_rate": null,
            "research_to_sale_ratio": 267.65,
            "price_fair": 0,
            "eps_avg_yearly": 0,
            "eps_latest_yearly": 0,
            "eps_growth_yearly": 0
        },
        "20132": {
            "year_quarter": 20132,
            "year": 2013,
            "quarter": 2,
            "eps": -0.77,
            "eps_growth_year": null,
            "eps_4q": -3.41,
            "eps_4q_growth_year": null,
            "roe": -4.02,
            "roe_4q": -16.79,
            "gross_profit": -68986,
            "gross_margin": -48.69,
            "gross_margin_4q_avg": -482.68,
            "net_income": -141153,
            "revenue": 141685,
            "common_shares": 1841542,
            "book_valuer_per_share": 18.7,
            "book_valuer_per_share_4q_avg": 19.95,
            "equity": 3443748,
            "current_ratio": 306.15,
            "debt_ratio": 40.62,
            "inventory_turnover_ratio": 0.75,
            "account_receivable_turnover_ratio": 1.29,
            "reinvestment_rate": null,
            "research_to_sale_ratio": 16.96,
            "price_fair": 0,
            "eps_avg_yearly": 0,
            "eps_latest_yearly": 0,
            "eps_growth_yearly": 0
        },
        "20133": {
            "year_quarter": 20133,
            "year": 2013,
            "quarter": 3,
            "eps": -0.59,
            "eps_growth_year": null,
            "eps_4q": -3.24,
            "eps_4q_growth_year": null,
            "roe": -3.19,
            "roe_4q": -16.49,
            "gross_profit": 3070,
            "gross_margin": 2.45,
            "gross_margin_4q_avg": -453.99,
            "net_income": -108283,
            "revenue": 125474,
            "common_shares": 1841602,
            "book_valuer_per_share": 18.21,
            "book_valuer_per_share_4q_avg": 19.18,
            "equity": 3354349,
            "current_ratio": 292.14,
            "debt_ratio": 40.66,
            "inventory_turnover_ratio": 0.33,
            "account_receivable_turnover_ratio": 1.01,
            "reinvestment_rate": null,
            "research_to_sale_ratio": 33.85,
            "price_fair": 0,
            "eps_avg_yearly": 0,
            "eps_latest_yearly": 0,
            "eps_growth_yearly": 0
        },
        "20134": {
            "year_quarter": 20134,
            "year": 2013,
            "quarter": 4,
            "eps": -0.98,
            "eps_growth_year": null,
            "eps_4q": -3.23,
            "eps_4q_growth_year": null,
            "roe": -5.55,
            "roe_4q": -17.35,
            "gross_profit": -67965,
            "gross_margin": -48.44,
            "gross_margin_4q_avg": -451.44,
            "net_income": -182922,
            "revenue": 140298,
            "common_shares": 1858362,
            "book_valuer_per_share": 17.42,
            "book_valuer_per_share_4q_avg": 18.45,
            "equity": 3237084,
            "current_ratio": 267.34,
            "debt_ratio": 41,
            "inventory_turnover_ratio": 0.58,
            "account_receivable_turnover_ratio": 1.17,
            "reinvestment_rate": null,
            "research_to_sale_ratio": 74.66,
            "price_fair": 0,
            "eps_avg_yearly": 0,
            "eps_latest_yearly": 0,
            "eps_growth_yearly": 0
        },
        "20141": {
            "year_quarter": 20141,
            "year": 2014,
            "quarter": 1,
            "eps": -0.82,
            "eps_growth_year": null,
            "eps_4q": -3.14,
            "eps_4q_growth_year": null,
            "roe": -4.59,
            "roe_4q": -17.35,
            "gross_profit": -53215,
            "gross_margin": -1027.12,
            "gross_margin_4q_avg": -280.45,
            "net_income": -152158,
            "revenue": 5181,
            "common_shares": 1858462,
            "book_valuer_per_share": 16.77,
            "book_valuer_per_share_4q_avg": 17.78,
            "equity": 3390498,
            "current_ratio": 283.31,
            "debt_ratio": 41.39,
            "inventory_turnover_ratio": 0.16,
            "account_receivable_turnover_ratio": 0.03,
            "reinvestment_rate": null,
            "research_to_sale_ratio": 949.97,
            "price_fair": 0,
            "eps_avg_yearly": 0,
            "eps_latest_yearly": 0,
            "eps_growth_yearly": 0
        },
        "20142": {
            "year_quarter": 20142,
            "year": 2014,
            "quarter": 2,
            "eps": 0.09,
            "eps_growth_year": null,
            "eps_4q": -2.29,
            "eps_4q_growth_year": null,
            "roe": -0.89,
            "roe_4q": -14.219999999999999,
            "gross_profit": 60907,
            "gross_margin": 23.37,
            "gross_margin_4q_avg": -262.44,
            "net_income": -30185,
            "revenue": 260616,
            "common_shares": 1864412,
            "book_valuer_per_share": 16.98,
            "book_valuer_per_share_4q_avg": 17.35,
            "equity": 3391238,
            "current_ratio": 226.22,
            "debt_ratio": 42.3,
            "inventory_turnover_ratio": 0.44,
            "account_receivable_turnover_ratio": 1.3,
            "reinvestment_rate": null,
            "research_to_sale_ratio": 19.17,
            "price_fair": 0,
            "eps_avg_yearly": 0,
            "eps_latest_yearly": 0,
            "eps_growth_yearly": 0
        },
        "20143": {
            "year_quarter": 20143,
            "year": 2014,
            "quarter": 3,
            "eps": -1.23,
            "eps_growth_year": null,
            "eps_4q": -2.39,
            "eps_4q_growth_year": null,
            "roe": -5.06,
            "roe_4q": -16.09,
            "gross_profit": -108641,
            "gross_margin": -162.93,
            "gross_margin_4q_avg": -303.78,
            "net_income": -205204,
            "revenue": 66678,
            "common_shares": 2374832,
            "book_valuer_per_share": 18.75,
            "book_valuer_per_share_4q_avg": 17.48,
            "equity": 4724734,
            "current_ratio": 955.06,
            "debt_ratio": 29.53,
            "inventory_turnover_ratio": 0.35,
            "account_receivable_turnover_ratio": 0.43,
            "reinvestment_rate": null,
            "research_to_sale_ratio": 62.64,
            "price_fair": 0,
            "eps_avg_yearly": 0,
            "eps_latest_yearly": 0,
            "eps_growth_yearly": 0
        },
        "20144": {
            "year_quarter": 20144,
            "year": 2014,
            "quarter": 4,
            "eps": -0.97,
            "eps_growth_year": null,
            "eps_4q": -2.61,
            "eps_4q_growth_year": null,
            "roe": -5.02,
            "roe_4q": -15.559999999999999,
            "gross_profit": -104245,
            "gross_margin": -70.42,
            "gross_margin_4q_avg": -309.28,
            "net_income": -230494,
            "revenue": 148031,
            "common_shares": 2374832,
            "book_valuer_per_share": 17.8,
            "book_valuer_per_share_4q_avg": 17.58,
            "equity": 4467397,
            "current_ratio": 822.93,
            "debt_ratio": 23.73,
            "inventory_turnover_ratio": 0.57,
            "account_receivable_turnover_ratio": 1.08,
            "reinvestment_rate": null,
            "research_to_sale_ratio": 66.12,
            "price_fair": 0,
            "eps_avg_yearly": 0,
            "eps_latest_yearly": 0,
            "eps_growth_yearly": 0
        },
        "20151": {
            "year_quarter": 20151,
            "year": 2015,
            "quarter": 1,
            "eps": -0.61,
            "eps_growth_year": null,
            "eps_4q": -2.57,
            "eps_4q_growth_year": null,
            "roe": -3.47,
            "roe_4q": -14.440000000000001,
            "gross_profit": -59604,
            "gross_margin": -214.55,
            "gross_margin_4q_avg": -106.13,
            "net_income": -153303,
            "revenue": 27781,
            "common_shares": 2377497,
            "book_valuer_per_share": 17.42,
            "book_valuer_per_share_4q_avg": 17.74,
            "equity": 4366464,
            "current_ratio": 775.86,
            "debt_ratio": 23.57,
            "inventory_turnover_ratio": 0.21,
            "account_receivable_turnover_ratio": 0.23,
            "reinvestment_rate": null,
            "research_to_sale_ratio": 175.62,
            "price_fair": 0,
            "eps_avg_yearly": 0,
            "eps_latest_yearly": 0,
            "eps_growth_yearly": 0
        },
        "20152": {
            "year_quarter": 20152,
            "year": 2015,
            "quarter": 2,
            "eps": -0.39,
            "eps_growth_year": -533.33,
            "eps_4q": -3.03,
            "eps_4q_growth_year": null,
            "roe": -2.16,
            "roe_4q": -15.71,
            "gross_profit": -2922,
            "gross_margin": -10.62,
            "gross_margin_4q_avg": -114.63,
            "net_income": -93866,
            "revenue": 27527,
            "common_shares": 2376132,
            "book_valuer_per_share": 17.21,
            "book_valuer_per_share_4q_avg": 17.8,
            "equity": 4312869,
            "current_ratio": 807.28,
            "debt_ratio": 25.98,
            "inventory_turnover_ratio": 0.05,
            "account_receivable_turnover_ratio": 0.94,
            "reinvestment_rate": null,
            "research_to_sale_ratio": 126.74,
            "price_fair": 0,
            "eps_avg_yearly": 0,
            "eps_latest_yearly": 0,
            "eps_growth_yearly": 0
        },
        "20153": {
            "year_quarter": 20153,
            "year": 2015,
            "quarter": 3,
            "eps": -0.81,
            "eps_growth_year": null,
            "eps_4q": -2.81,
            "eps_4q_growth_year": null,
            "roe": -4.73,
            "roe_4q": -15.38,
            "gross_profit": -85067,
            "gross_margin": -78.2,
            "gross_margin_4q_avg": -93.45,
            "net_income": -196999,
            "revenue": 108786,
            "common_shares": 2376132,
            "book_valuer_per_share": 16.08,
            "book_valuer_per_share_4q_avg": 17.13,
            "equity": 4009092,
            "current_ratio": 575.91,
            "debt_ratio": 28.28,
            "inventory_turnover_ratio": 0.3,
            "account_receivable_turnover_ratio": 1.64,
            "reinvestment_rate": null,
            "research_to_sale_ratio": 54.07,
            "price_fair": 0,
            "eps_avg_yearly": 0,
            "eps_latest_yearly": 0,
            "eps_growth_yearly": 0
        },
        "20154": {
            "year_quarter": 20154,
            "year": 2015,
            "quarter": 4,
            "eps": -1.43,
            "eps_growth_year": null,
            "eps_4q": -3.25,
            "eps_4q_growth_year": null,
            "roe": -8.79,
            "roe_4q": -19.15,
            "gross_profit": -142813,
            "gross_margin": -112.77,
            "gross_margin_4q_avg": -104.04,
            "net_income": -338151,
            "revenue": 126643,
            "common_shares": 2376132,
            "book_valuer_per_share": 14.69,
            "book_valuer_per_share_4q_avg": 16.35,
            "equity": 3684912,
            "current_ratio": 360.68,
            "debt_ratio": 32.19,
            "inventory_turnover_ratio": 0.48,
            "account_receivable_turnover_ratio": 1.97,
            "reinvestment_rate": null,
            "research_to_sale_ratio": 49.73,
            "price_fair": 0,
            "eps_avg_yearly": 0,
            "eps_latest_yearly": 0,
            "eps_growth_yearly": 0
        },
        "20161": {
            "year_quarter": 20161,
            "year": 2016,
            "quarter": 1,
            "eps": -0.63,
            "eps_growth_year": null,
            "eps_4q": -3.28,
            "eps_4q_growth_year": null,
            "roe": -4.2,
            "roe_4q": -19.88,
            "gross_profit": -76751,
            "gross_margin": -170.29,
            "gross_margin_4q_avg": -92.97,
            "net_income": -151268,
            "revenue": 45070,
            "common_shares": 2376132,
            "book_valuer_per_share": 13.99,
            "book_valuer_per_share_4q_avg": 15.49,
            "equity": 3518276,
            "current_ratio": 351.22,
            "debt_ratio": 33.03,
            "inventory_turnover_ratio": 0.23,
            "account_receivable_turnover_ratio": 1.36,
            "reinvestment_rate": null,
            "research_to_sale_ratio": 47.07,
            "price_fair": 0,
            "eps_avg_yearly": 0,
            "eps_latest_yearly": 0,
            "eps_growth_yearly": 0
        },
        "20162": {
            "year_quarter": 20162,
            "year": 2016,
            "quarter": 2,
            "eps": -0.45,
            "eps_growth_year": null,
            "eps_4q": -3.33,
            "eps_4q_growth_year": null,
            "roe": -3.64,
            "roe_4q": -21.36,
            "gross_profit": -19752,
            "gross_margin": -17.73,
            "gross_margin_4q_avg": -94.75,
            "net_income": -126132,
            "revenue": 111409,
            "common_shares": 2376132,
            "book_valuer_per_share": 13.62,
            "book_valuer_per_share_4q_avg": 14.6,
            "equity": 3409959,
            "current_ratio": 238.93,
            "debt_ratio": 38.12,
            "inventory_turnover_ratio": 0.22,
            "account_receivable_turnover_ratio": 1.3,
            "reinvestment_rate": null,
            "research_to_sale_ratio": 44.21,
            "price_fair": 0,
            "eps_avg_yearly": 0,
            "eps_latest_yearly": 0,
            "eps_growth_yearly": 0
        },
        "20163": {
            "year_quarter": 20163,
            "year": 2016,
            "quarter": 3,
            "eps": -0.55,
            "eps_growth_year": null,
            "eps_4q": -3.06,
            "eps_4q_growth_year": null,
            "roe": -3.95,
            "roe_4q": -20.58,
            "gross_profit": -10419,
            "gross_margin": -6.77,
            "gross_margin_4q_avg": -76.89,
            "net_income": -132208,
            "revenue": 153894,
            "common_shares": 2376132,
            "book_valuer_per_share": 13.05,
            "book_valuer_per_share_4q_avg": 13.84,
            "equity": 3278234,
            "current_ratio": 197.16,
            "debt_ratio": 41.53,
            "inventory_turnover_ratio": 0.24,
            "account_receivable_turnover_ratio": 0.86,
            "reinvestment_rate": null,
            "research_to_sale_ratio": 27.2,
            "price_fair": 0,
            "eps_avg_yearly": 0,
            "eps_latest_yearly": 0,
            "eps_growth_yearly": 0
        },
        "20164": {
            "year_quarter": 20164,
            "year": 2016,
            "quarter": 4,
            "eps": -0.91,
            "eps_growth_year": null,
            "eps_4q": -2.54,
            "eps_4q_growth_year": null,
            "roe": -6.84,
            "roe_4q": -18.63,
            "gross_profit": -81722,
            "gross_margin": -27.58,
            "gross_margin_4q_avg": -55.59,
            "net_income": -217955,
            "revenue": 296352,
            "common_shares": 2376132,
            "book_valuer_per_share": 12.29,
            "book_valuer_per_share_4q_avg": 13.24,
            "equity": 3094896,
            "current_ratio": 333.28,
            "debt_ratio": 54.39,
            "inventory_turnover_ratio": 0.62,
            "account_receivable_turnover_ratio": 0.94,
            "reinvestment_rate": null,
            "research_to_sale_ratio": 17.67,
            "price_fair": 0,
            "eps_avg_yearly": 0,
            "eps_latest_yearly": 0,
            "eps_growth_yearly": 0
        },
        "20171": {
            "year_quarter": 20171,
            "year": 2017,
            "quarter": 1,
            "eps": -0.84,
            "eps_growth_year": null,
            "eps_4q": -2.74,
            "eps_4q_growth_year": null,
            "roe": -6.62,
            "roe_4q": -21.05,
            "gross_profit": -87700,
            "gross_margin": -116.33,
            "gross_margin_4q_avg": -42.1,
            "net_income": -198886,
            "revenue": 75388,
            "common_shares": 2376842,
            "book_valuer_per_share": 11.5,
            "book_valuer_per_share_4q_avg": 12.62,
            "equity": 2910346,
            "current_ratio": 345.21,
            "debt_ratio": 55.24,
            "inventory_turnover_ratio": 0.31,
            "account_receivable_turnover_ratio": 0.33,
            "reinvestment_rate": null,
            "research_to_sale_ratio": 61.14,
            "price_fair": 0,
            "eps_avg_yearly": 0,
            "eps_latest_yearly": 0,
            "eps_growth_yearly": 0
        },
        "20172": {
            "year_quarter": 20172,
            "year": 2017,
            "quarter": 2,
            "eps": -0.63,
            "eps_growth_year": null,
            "eps_4q": -2.92,
            "eps_4q_growth_year": null,
            "roe": -5.33,
            "roe_4q": -22.74,
            "gross_profit": -79681,
            "gross_margin": -159.36,
            "gross_margin_4q_avg": -77.51,
            "net_income": -151397,
            "revenue": 50002,
            "common_shares": 2376842,
            "book_valuer_per_share": 10.88,
            "book_valuer_per_share_4q_avg": 11.93,
            "equity": 2767712,
            "current_ratio": 400.16,
            "debt_ratio": 55.2,
            "inventory_turnover_ratio": 0.2,
            "account_receivable_turnover_ratio": 1,
            "reinvestment_rate": null,
            "research_to_sale_ratio": 169.92,
            "price_fair": 0,
            "eps_avg_yearly": 0,
            "eps_latest_yearly": 0,
            "eps_growth_yearly": 0
        },
        "20173": {
            "year_quarter": 20173,
            "year": 2017,
            "quarter": 3,
            "eps": -0.48,
            "eps_growth_year": null,
            "eps_4q": -2.85,
            "eps_4q_growth_year": null,
            "roe": -4.26,
            "roe_4q": -23.05,
            "gross_profit": -18620,
            "gross_margin": -8.24,
            "gross_margin_4q_avg": -77.88,
            "net_income": -115142,
            "revenue": 226037,
            "common_shares": 2376842,
            "book_valuer_per_share": 10.35,
            "book_valuer_per_share_4q_avg": 11.26,
            "equity": 2640321,
            "current_ratio": 443.1,
            "debt_ratio": 55.49,
            "inventory_turnover_ratio": 0.33,
            "account_receivable_turnover_ratio": 1.93,
            "reinvestment_rate": null,
            "research_to_sale_ratio": 19.48,
            "price_fair": 0,
            "eps_avg_yearly": 0,
            "eps_latest_yearly": 0,
            "eps_growth_yearly": 0
        },
        "20174": {
            "year_quarter": 20174,
            "year": 2017,
            "quarter": 4,
            "eps": -1.29,
            "eps_growth_year": null,
            "eps_4q": -3.23,
            "eps_4q_growth_year": null,
            "roe": -12.49,
            "roe_4q": -28.7,
            "gross_profit": -75239,
            "gross_margin": -35.6,
            "gross_margin_4q_avg": -79.88,
            "net_income": -311546,
            "revenue": 211316,
            "common_shares": 2376842,
            "book_valuer_per_share": 8.97,
            "book_valuer_per_share_4q_avg": 10.43,
            "equity": 2349342,
            "current_ratio": 333.57,
            "debt_ratio": 59.11,
            "inventory_turnover_ratio": 0.42,
            "account_receivable_turnover_ratio": 1.81,
            "reinvestment_rate": null,
            "research_to_sale_ratio": 22.35,
            "price_fair": 0,
            "eps_avg_yearly": 0,
            "eps_latest_yearly": 0,
            "eps_growth_yearly": 0
        },
        "20181": {
            "year_quarter": 20181,
            "year": 2018,
            "quarter": 1,
            "eps": -0.76,
            "eps_growth_year": null,
            "eps_4q": -3.15,
            "eps_4q_growth_year": null,
            "roe": -8.11,
            "roe_4q": -30.189999999999998,
            "gross_profit": -87764,
            "gross_margin": -124.94,
            "gross_margin_4q_avg": -82.04,
            "net_income": -184753,
            "revenue": 70245,
            "common_shares": 2376842,
            "book_valuer_per_share": 8.43,
            "book_valuer_per_share_4q_avg": 9.66,
            "equity": 2204856,
            "current_ratio": 285.1,
            "debt_ratio": 61.37,
            "inventory_turnover_ratio": 0.24,
            "account_receivable_turnover_ratio": 1.14,
            "reinvestment_rate": null,
            "research_to_sale_ratio": 62.57,
            "price_fair": 0,
            "eps_avg_yearly": 0,
            "eps_latest_yearly": 0,
            "eps_growth_yearly": 0
        },
        "20182": {
            "year_quarter": 20182,
            "year": 2018,
            "quarter": 2,
            "eps": -0.33,
            "eps_growth_year": null,
            "eps_4q": -2.85,
            "eps_4q_growth_year": null,
            "roe": -4.12,
            "roe_4q": -28.979999999999997,
            "gross_profit": -58552,
            "gross_margin": -192.24,
            "gross_margin_4q_avg": -90.26,
            "net_income": -89099,
            "revenue": 30457,
            "common_shares": 2356842,
            "book_valuer_per_share": 8.14,
            "book_valuer_per_share_4q_avg": 8.97,
            "equity": 2125146,
            "current_ratio": 220.39,
            "debt_ratio": 62.97,
            "inventory_turnover_ratio": 0.11,
            "account_receivable_turnover_ratio": 0.49,
            "reinvestment_rate": null,
            "research_to_sale_ratio": 142.09,
            "price_fair": 0,
            "eps_avg_yearly": 0,
            "eps_latest_yearly": 0,
            "eps_growth_yearly": 0
        },
        "20183": {
            "year_quarter": 20183,
            "year": 2018,
            "quarter": 3,
            "eps": -0.03,
            "eps_growth_year": null,
            "eps_4q": -2.4,
            "eps_4q_growth_year": null,
            "roe": -1.63,
            "roe_4q": -26.35,
            "gross_profit": 93670,
            "gross_margin": 29.73,
            "gross_margin_4q_avg": -80.76,
            "net_income": -34643,
            "revenue": 315061,
            "common_shares": 2356842,
            "book_valuer_per_share": 8.12,
            "book_valuer_per_share_4q_avg": 8.42,
            "equity": 2133869,
            "current_ratio": 233.56,
            "debt_ratio": 62.71,
            "inventory_turnover_ratio": 0.23,
            "account_receivable_turnover_ratio": 2.93,
            "reinvestment_rate": null,
            "research_to_sale_ratio": 19.52,
            "price_fair": 0,
            "eps_avg_yearly": 0,
            "eps_latest_yearly": 0,
            "eps_growth_yearly": 0
        },
        "20184": {
            "year_quarter": 20184,
            "year": 2018,
            "quarter": 4,
            "eps": -1.47,
            "eps_growth_year": null,
            "eps_4q": -2.57,
            "eps_4q_growth_year": null,
            "roe": -17.92,
            "roe_4q": -31.78,
            "gross_profit": -241661,
            "gross_margin": -59.43,
            "gross_margin_4q_avg": -86.72,
            "net_income": -357419,
            "revenue": 406603,
            "common_shares": 2377428,
            "book_valuer_per_share": 6.92,
            "book_valuer_per_share_4q_avg": 7.9,
            "equity": 1856293,
            "current_ratio": 143.15,
            "debt_ratio": 67.31,
            "inventory_turnover_ratio": 0.88,
            "account_receivable_turnover_ratio": 1.33,
            "reinvestment_rate": null,
            "research_to_sale_ratio": 14.06,
            "price_fair": 0,
            "eps_avg_yearly": 0,
            "eps_latest_yearly": 0,
            "eps_growth_yearly": 0
        },
        "20191": {
            "year_quarter": 20191,
            "year": 2019,
            "quarter": 1,
            "eps": -0.83,
            "eps_growth_year": null,
            "eps_4q": -2.65,
            "eps_4q_growth_year": null,
            "roe": -11.75,
            "roe_4q": -35.42,
            "gross_profit": -104850,
            "gross_margin": -174.21,
            "gross_margin_4q_avg": -99.04,
            "net_income": -205677,
            "revenue": 60187,
            "common_shares": 2373528,
            "book_valuer_per_share": 6.07,
            "book_valuer_per_share_4q_avg": 7.31,
            "equity": 1645986,
            "current_ratio": 133.68,
            "debt_ratio": 69.28,
            "inventory_turnover_ratio": 0.33,
            "account_receivable_turnover_ratio": 0.23,
            "reinvestment_rate": null,
            "research_to_sale_ratio": 78.19,
            "price_fair": 0,
            "eps_avg_yearly": 0,
            "eps_latest_yearly": 0,
            "eps_growth_yearly": 0
        },
        "20192": {
            "year_quarter": 20192,
            "year": 2019,
            "quarter": 2,
            "eps": -0.62,
            "eps_growth_year": null,
            "eps_4q": -2,
            "eps_4q_growth_year": null,
            "roe": -6.6,
            "roe_4q": -37.900000000000006,
            "gross_profit": -44798,
            "gross_margin": -42.54,
            "gross_margin_4q_avg": -61.61,
            "net_income": -178845,
            "revenue": 105308,
            "common_shares": 3623528,
            "book_valuer_per_share": 9.86,
            "book_valuer_per_share_4q_avg": 7.74,
            "equity": 3771773,
            "current_ratio": 376.53,
            "debt_ratio": 47.68,
            "inventory_turnover_ratio": 0.23,
            "account_receivable_turnover_ratio": 1.59,
            "reinvestment_rate": null,
            "research_to_sale_ratio": 62.72,
            "price_fair": 0,
            "eps_avg_yearly": 0,
            "eps_latest_yearly": 0,
            "eps_growth_yearly": 0
        },
        "20193": {
            "year_quarter": 20193,
            "year": 2019,
            "quarter": 3,
            "eps": 0.31,
            "eps_growth_year": null,
            "eps_4q": -1.67,
            "eps_4q_growth_year": null,
            "roe": 2.68,
            "roe_4q": -33.59,
            "gross_profit": 206896,
            "gross_margin": 40.82,
            "gross_margin_4q_avg": -58.84,
            "net_income": 102282,
            "revenue": 506803,
            "common_shares": 3628107,
            "book_valuer_per_share": 10.15,
            "book_valuer_per_share_4q_avg": 8.25,
            "equity": 3872952,
            "current_ratio": 932.08,
            "debt_ratio": 42.8,
            "inventory_turnover_ratio": 0.39,
            "account_receivable_turnover_ratio": 3.68,
            "reinvestment_rate": null,
            "research_to_sale_ratio": 10.54,
            "price_fair": 0,
            "eps_avg_yearly": 0,
            "eps_latest_yearly": 0,
            "eps_growth_yearly": 0
        },
        "20194": {
            "year_quarter": 20194,
            "year": 2019,
            "quarter": 4,
            "eps": -0.06,
            "eps_growth_year": null,
            "eps_4q": -0.77,
            "eps_4q_growth_year": null,
            "roe": -0.84,
            "roe_4q": -16.509999999999998,
            "gross_profit": 110341,
            "gross_margin": 17.59,
            "gross_margin_4q_avg": -39.59,
            "net_income": -32352,
            "revenue": 627391,
            "common_shares": 3631576,
            "book_valuer_per_share": 10.04,
            "book_valuer_per_share_4q_avg": 9.03,
            "equity": 3825673,
            "current_ratio": 1116.07,
            "debt_ratio": 41.77,
            "inventory_turnover_ratio": 0.86,
            "account_receivable_turnover_ratio": 1.73,
            "reinvestment_rate": null,
            "research_to_sale_ratio": 11.01,
            "price_fair": 0,
            "eps_avg_yearly": 0,
            "eps_latest_yearly": 0,
            "eps_growth_yearly": 0
        },
        "20201": {
            "year_quarter": 20201,
            "year": 2020,
            "quarter": 1,
            "eps": -0.05,
            "eps_growth_year": null,
            "eps_4q": -0.25,
            "eps_4q_growth_year": null,
            "roe": -0.55,
            "roe_4q": -5.31,
            "gross_profit": 75009,
            "gross_margin": 20.44,
            "gross_margin_4q_avg": 9.08,
            "net_income": -23313,
            "revenue": 367014,
            "common_shares": 4070611,
            "book_valuer_per_share": 11.15,
            "book_valuer_per_share_4q_avg": 10.3,
            "equity": 4711861,
            "current_ratio": 677.62,
            "debt_ratio": 29.61,
            "inventory_turnover_ratio": 0.76,
            "account_receivable_turnover_ratio": 1.37,
            "reinvestment_rate": null,
            "research_to_sale_ratio": 10.03,
            "price_fair": 0,
            "eps_avg_yearly": 0,
            "eps_latest_yearly": 0,
            "eps_growth_yearly": 0
        },
        "20202": {
            "year_quarter": 20202,
            "year": 2020,
            "quarter": 2,
            "eps": -0.35,
            "eps_growth_year": null,
            "eps_4q": -0.17,
            "eps_4q_growth_year": null,
            "roe": -3.17,
            "roe_4q": -1.8799999999999994,
            "gross_profit": -36142,
            "gross_margin": -57.3,
            "gross_margin_4q_avg": 5.39,
            "net_income": -154885,
            "revenue": 63077,
            "common_shares": 4206503,
            "book_valuer_per_share": 11.22,
            "book_valuer_per_share_4q_avg": 10.64,
            "equity": 5058053,
            "current_ratio": 650.93,
            "debt_ratio": 25.69,
            "inventory_turnover_ratio": 0.2,
            "account_receivable_turnover_ratio": 0.81,
            "reinvestment_rate": null,
            "research_to_sale_ratio": 101.65,
            "price_fair": 0,
            "eps_avg_yearly": 0,
            "eps_latest_yearly": 0,
            "eps_growth_yearly": 0
        },
        "20203": {
            "year_quarter": 20203,
            "year": 2020,
            "quarter": 3,
            "eps": 0.38,
            "eps_growth_year": 22.58,
            "eps_4q": -0.05,
            "eps_4q_growth_year": null,
            "roe": 2.85,
            "roe_4q": -1.71,
            "gross_profit": 279140,
            "gross_margin": 45.19,
            "gross_margin_4q_avg": 6.48,
            "net_income": 148375,
            "revenue": 617721,
            "common_shares": 4295078,
            "book_valuer_per_share": 11.74,
            "book_valuer_per_share_4q_avg": 11.04,
            "equity": 5369207,
            "current_ratio": 895.48,
            "debt_ratio": 21.29,
            "inventory_turnover_ratio": 0.54,
            "account_receivable_turnover_ratio": 2.23,
            "reinvestment_rate": null,
            "research_to_sale_ratio": 13.33,
            "price_fair": 0,
            "eps_avg_yearly": 0,
            "eps_latest_yearly": 0,
            "eps_growth_yearly": 0
        },
        "20204": {
            "year_quarter": 20204,
            "year": 2020,
            "quarter": 4,
            "eps": 2.89,
            "eps_growth_year": null,
            "eps_4q": 2.89,
            "eps_4q_growth_year": null,
            "roe": 20.46,
            "roe_4q": 19.59,
            "gross_profit": 305055,
            "gross_margin": 37.14,
            "gross_margin_4q_avg": 11.37,
            "net_income": 1227087,
            "revenue": 821335,
            "common_shares": 4295078,
            "book_valuer_per_share": 14.71,
            "book_valuer_per_share_4q_avg": 12.21,
            "equity": 6628687,
            "current_ratio": 960.51,
            "debt_ratio": 21.77,
            "inventory_turnover_ratio": 1.12,
            "account_receivable_turnover_ratio": 3.04,
            "reinvestment_rate": null,
            "research_to_sale_ratio": 18.8,
            "price_fair": 404.6,
            "eps_avg_yearly": 11.56,
            "eps_latest_yearly": 11.56,
            "eps_growth_yearly": 2642.11
        },
        "20211": {
            "year_quarter": 20211,
            "year": 2021,
            "quarter": 1,
            "eps": -0.58,
            "eps_growth_year": null,
            "eps_4q": 2.35,
            "eps_4q_growth_year": null,
            "roe": -4,
            "roe_4q": 16.14,
            "gross_profit": -82102,
            "gross_margin": -1184.73,
            "gross_margin_4q_avg": -289.93,
            "net_income": -260161,
            "revenue": 6930,
            "common_shares": 4295078,
            "book_valuer_per_share": 14.15,
            "book_valuer_per_share_4q_avg": 12.96,
            "equity": 6379693,
            "current_ratio": 720,
            "debt_ratio": 23.49,
            "inventory_turnover_ratio": 0.25,
            "account_receivable_turnover_ratio": 0.12,
            "reinvestment_rate": null,
            "research_to_sale_ratio": 1485.76,
            "price_fair": 404.6,
            "eps_avg_yearly": 11.56,
            "eps_latest_yearly": 11.56,
            "eps_growth_yearly": 2642.11
        },
        "20212": {
            "year_quarter": 20212,
            "year": 2021,
            "quarter": 2,
            "eps": -0.38,
            "eps_growth_year": null,
            "eps_4q": 2.3,
            "eps_4q_growth_year": null,
            "roe": -2.55,
            "roe_4q": 16.76,
            "gross_profit": -33082,
            "gross_margin": -37.59,
            "gross_margin_4q_avg": -285,
            "net_income": -161728,
            "revenue": 88016,
            "common_shares": 4295078,
            "book_valuer_per_share": 13.93,
            "book_valuer_per_share_4q_avg": 13.63,
            "equity": 6287513,
            "current_ratio": 631.81,
            "debt_ratio": 24.1,
            "inventory_turnover_ratio": 0.21,
            "account_receivable_turnover_ratio": 3.04,
            "reinvestment_rate": null,
            "research_to_sale_ratio": 117.04,
            "price_fair": 404.6,
            "eps_avg_yearly": 11.56,
            "eps_latest_yearly": 11.56,
            "eps_growth_yearly": 2642.11
        },
        "20213": {
            "year_quarter": 20213,
            "year": 2021,
            "quarter": 3,
            "eps": 0.37,
            "eps_growth_year": -2.63,
            "eps_4q": 2.3,
            "eps_4q_growth_year": null,
            "roe": 2.52,
            "roe_4q": 16.43,
            "gross_profit": 299956,
            "gross_margin": 39.82,
            "gross_margin_4q_avg": -286.34,
            "net_income": 157228,
            "revenue": 753337,
            "common_shares": 4295078,
            "book_valuer_per_share": 13.7,
            "book_valuer_per_share_4q_avg": 14.12,
            "equity": 6182374,
            "current_ratio": 665.46,
            "debt_ratio": 23.92,
            "inventory_turnover_ratio": 0.6,
            "account_receivable_turnover_ratio": 2.78,
            "reinvestment_rate": null,
            "research_to_sale_ratio": 6.6,
            "price_fair": 404.6,
            "eps_avg_yearly": 11.56,
            "eps_latest_yearly": 11.56,
            "eps_growth_yearly": 2642.11
        },
        "20214": {
            "year_quarter": 20214,
            "year": 2021,
            "quarter": 4,
            "eps": 0.69,
            "eps_growth_year": -76.23,
            "eps_4q": 0.1,
            "eps_4q_growth_year": -96.53,
            "roe": 4.42,
            "roe_4q": 0.3899999999999997,
            "gross_profit": 279373,
            "gross_margin": 35.24,
            "gross_margin_4q_avg": -286.82,
            "net_income": 278946,
            "revenue": 792778,
            "common_shares": 4295078,
            "book_valuer_per_share": 14.32,
            "book_valuer_per_share_4q_avg": 14.03,
            "equity": 6432542,
            "current_ratio": 1277.94,
            "debt_ratio": 19.69,
            "inventory_turnover_ratio": 0.8,
            "account_receivable_turnover_ratio": 2.68,
            "reinvestment_rate": 174.92,
            "research_to_sale_ratio": 8.28,
            "price_fair": 250.6,
            "eps_avg_yearly": 7.16,
            "eps_latest_yearly": 2.76,
            "eps_growth_yearly": 1494.03
        },
        "20221": {
            "year_quarter": 20221,
            "year": 2022,
            "quarter": 1,
            "eps": -0.55,
            "eps_growth_year": null,
            "eps_4q": 0.14,
            "eps_4q_growth_year": -94.22,
            "roe": -3.92,
            "roe_4q": 0.4700000000000002,
            "gross_profit": -114463,
            "gross_margin": -216.79,
            "gross_margin_4q_avg": -44.83,
            "net_income": -247091,
            "revenue": 52798,
            "common_shares": 4295078,
            "book_valuer_per_share": 13.75,
            "book_valuer_per_share_4q_avg": 13.93,
            "equity": 6175222,
            "current_ratio": 650.68,
            "debt_ratio": 23.09,
            "inventory_turnover_ratio": 0.3,
            "account_receivable_turnover_ratio": 0.73,
            "reinvestment_rate": 279.06,
            "research_to_sale_ratio": 143.84,
            "price_fair": 250.6,
            "eps_avg_yearly": 7.16,
            "eps_latest_yearly": 2.76,
            "eps_growth_yearly": 1494.03
        },
        "20222": {
            "year_quarter": 20222,
            "year": 2022,
            "quarter": 2,
            "eps": 0.11,
            "eps_growth_year": null,
            "eps_4q": 0.62,
            "eps_4q_growth_year": -73.02,
            "roe": -0.34,
            "roe_4q": 2.68,
            "gross_profit": 210672,
            "gross_margin": 39.98,
            "gross_margin_4q_avg": -25.44,
            "net_income": -20858,
            "revenue": 526935,
            "common_shares": 4295078,
            "book_valuer_per_share": 13.54,
            "book_valuer_per_share_4q_avg": 13.83,
            "equity": 6157952,
            "current_ratio": 907.04,
            "debt_ratio": 30.37,
            "inventory_turnover_ratio": 0.43,
            "account_receivable_turnover_ratio": 2.75,
            "reinvestment_rate": 210.78,
            "research_to_sale_ratio": 14,
            "price_fair": 250.6,
            "eps_avg_yearly": 7.16,
            "eps_latest_yearly": 2.76,
            "eps_growth_yearly": 1494.03
        },
        "20223": {
            "year_quarter": 20223,
            "year": 2022,
            "quarter": 3,
            "eps": 0.98,
            "eps_growth_year": 164.86,
            "eps_4q": 1.23,
            "eps_4q_growth_year": -46.52,
            "roe": 6.39,
            "roe_4q": 6.55,
            "gross_profit": 555584,
            "gross_margin": 51.1,
            "gross_margin_4q_avg": -22.62,
            "net_income": 406433,
            "revenue": 1087289,
            "common_shares": 4295078,
            "book_valuer_per_share": 14.63,
            "book_valuer_per_share_4q_avg": 14.06,
            "equity": 6571669,
            "current_ratio": 1055.36,
            "debt_ratio": 28.67,
            "inventory_turnover_ratio": 0.66,
            "account_receivable_turnover_ratio": 1.35,
            "reinvestment_rate": 113.74,
            "research_to_sale_ratio": 7.22,
            "price_fair": 212.8,
            "eps_avg_yearly": 6.08,
            "eps_latest_yearly": 3.92,
            "eps_growth_yearly": 2050.56
        },
        "20224": {
            "year_quarter": 20224,
            "year": 2022,
            "quarter": 4,
            "eps": 0.14,
            "eps_growth_year": -79,
            "eps_4q": 0.69,
            "eps_4q_growth_year": 588.47,
            "roe": 0.12,
            "roe_4q": 2.25,
            "gross_profit": 239289,
            "gross_margin": 40.93,
            "gross_margin_4q_avg": -21.2,
            "net_income": 7732,
            "revenue": 584602,
            "common_shares": 4295078,
            "book_valuer_per_share": 14.53,
            "book_valuer_per_share_4q_avg": 14.11,
            "equity": 6544826,
            "current_ratio": 897.39,
            "debt_ratio": 28.46,
            "inventory_turnover_ratio": 0.49,
            "account_receivable_turnover_ratio": 0.64,
            "reinvestment_rate": 85.4,
            "research_to_sale_ratio": 20.22,
            "price_fair": 164.5,
            "eps_avg_yearly": 4.7,
            "eps_latest_yearly": 0.56,
            "eps_growth_yearly": 1452.21
        },
        "20231": {
            "year_quarter": 20231,
            "year": 2023,
            "quarter": 1,
            "eps": -0.59,
            "eps_growth_year": null,
            "eps_4q": 0.66,
            "eps_4q_growth_year": 383.76,
            "roe": -4.2,
            "roe_4q": 1.9699999999999995,
            "gross_profit": -59905,
            "gross_margin": -35.3,
            "gross_margin_4q_avg": 24.18,
            "net_income": -269292,
            "revenue": 169710,
            "common_shares": 4295078,
            "book_valuer_per_share": 13.96,
            "book_valuer_per_share_4q_avg": 14.17,
            "equity": 6286753,
            "current_ratio": 595.18,
            "debt_ratio": 31.04,
            "inventory_turnover_ratio": 0.32,
            "account_receivable_turnover_ratio": 0.32,
            "reinvestment_rate": 95.32,
            "research_to_sale_ratio": 42.13,
            "price_fair": 164.5,
            "eps_avg_yearly": 4.7,
            "eps_latest_yearly": 0.56,
            "eps_growth_yearly": 1452.21
        }
    },
    "months": {
        "2010-09": {
            "month": "2010-09",
            "price": "68.90",
            "revenue": 47181
        },
        "2010-10": {
            "month": "2010-10",
            "price": "51.29",
            "revenue": 57912
        },
        "2010-11": {
            "month": "2010-11",
            "price": "47.43",
            "revenue": 143
        },
        "2010-12": {
            "month": "2010-12",
            "price": "44.10",
            "revenue": 0
        },
        "2011-01": {
            "month": "2011-01",
            "price": "41.92",
            "revenue": 143
        },
        "2011-02": {
            "month": "2011-02",
            "price": "41.65",
            "revenue": 143
        },
        "2011-03": {
            "month": "2011-03",
            "price": "40.34",
            "revenue": 43832
        },
        "2011-04": {
            "month": "2011-04",
            "price": "39.13",
            "revenue": 7982
        },
        "2011-05": {
            "month": "2011-05",
            "price": "41.07",
            "revenue": 57548
        },
        "2011-06": {
            "month": "2011-06",
            "price": "42.78",
            "revenue": 23021
        },
        "2011-07": {
            "month": "2011-07",
            "price": "40.74",
            "revenue": 108
        },
        "2011-08": {
            "month": "2011-08",
            "price": "39.30",
            "revenue": 1926
        },
        "2011-09": {
            "month": "2011-09",
            "price": "37.77",
            "revenue": 77125
        },
        "2011-10": {
            "month": "2011-10",
            "price": "36.58",
            "revenue": 78230
        },
        "2011-11": {
            "month": "2011-11",
            "price": "36.51",
            "revenue": 305
        },
        "2011-12": {
            "month": "2011-12",
            "price": "31.06",
            "revenue": 0
        },
        "2012-01": {
            "month": "2012-01",
            "price": "36.32",
            "revenue": 20
        },
        "2012-02": {
            "month": "2012-02",
            "price": "45.53",
            "revenue": 14090
        },
        "2012-03": {
            "month": "2012-03",
            "price": "49.62",
            "revenue": 17579
        },
        "2012-04": {
            "month": "2012-04",
            "price": "45.26",
            "revenue": 43783
        },
        "2012-05": {
            "month": "2012-05",
            "price": "37.93",
            "revenue": 31436
        },
        "2012-06": {
            "month": "2012-06",
            "price": "32.22",
            "revenue": 39931
        },
        "2012-07": {
            "month": "2012-07",
            "price": "32.90",
            "revenue": 5172
        },
        "2012-08": {
            "month": "2012-08",
            "price": "35.02",
            "revenue": 6724
        },
        "2012-09": {
            "month": "2012-09",
            "price": "38.48",
            "revenue": 72834
        },
        "2012-10": {
            "month": "2012-10",
            "price": "35.80",
            "revenue": 113527
        },
        "2012-11": {
            "month": "2012-11",
            "price": "33.15",
            "revenue": 4990
        },
        "2012-12": {
            "month": "2012-12",
            "price": "35.57",
            "revenue": 37077
        },
        "2013-01": {
            "month": "2013-01",
            "price": "38.01",
            "revenue": 4579
        },
        "2013-02": {
            "month": "2013-02",
            "price": "38.04",
            "revenue": 0
        },
        "2013-03": {
            "month": "2013-03",
            "price": "36.59",
            "revenue": 2057
        },
        "2013-04": {
            "month": "2013-04",
            "price": "46.23",
            "revenue": 20208
        },
        "2013-05": {
            "month": "2013-05",
            "price": "41.29",
            "revenue": 14842
        },
        "2013-06": {
            "month": "2013-06",
            "price": "37.83",
            "revenue": 106634
        },
        "2013-07": {
            "month": "2013-07",
            "price": "41.19",
            "revenue": 78541
        },
        "2013-08": {
            "month": "2013-08",
            "price": "40.81",
            "revenue": 2331
        },
        "2013-09": {
            "month": "2013-09",
            "price": "42.23",
            "revenue": 44602
        },
        "2013-10": {
            "month": "2013-10",
            "price": "43.89",
            "revenue": 114869
        },
        "2013-11": {
            "month": "2013-11",
            "price": "44.72",
            "revenue": 5524
        },
        "2013-12": {
            "month": "2013-12",
            "price": "44.75",
            "revenue": 19904
        },
        "2014-01": {
            "month": "2014-01",
            "price": "45.25",
            "revenue": 2448
        },
        "2014-02": {
            "month": "2014-02",
            "price": "44.96",
            "revenue": 2155
        },
        "2014-03": {
            "month": "2014-03",
            "price": "42.25",
            "revenue": 578
        },
        "2014-04": {
            "month": "2014-04",
            "price": "39.76",
            "revenue": 19680
        },
        "2014-05": {
            "month": "2014-05",
            "price": "38.90",
            "revenue": 174022
        },
        "2014-06": {
            "month": "2014-06",
            "price": "39.51",
            "revenue": 66913
        },
        "2014-07": {
            "month": "2014-07",
            "price": "40.12",
            "revenue": 2857
        },
        "2014-08": {
            "month": "2014-08",
            "price": "35.82",
            "revenue": 9207
        },
        "2014-09": {
            "month": "2014-09",
            "price": "31.22",
            "revenue": 54614
        },
        "2014-10": {
            "month": "2014-10",
            "price": "31.93",
            "revenue": 116899
        },
        "2014-11": {
            "month": "2014-11",
            "price": "29.44",
            "revenue": 4741
        },
        "2014-12": {
            "month": "2014-12",
            "price": "28.87",
            "revenue": 26392
        },
        "2015-01": {
            "month": "2015-01",
            "price": "29.88",
            "revenue": 2114
        },
        "2015-02": {
            "month": "2015-02",
            "price": "28.66",
            "revenue": 3333
        },
        "2015-03": {
            "month": "2015-03",
            "price": "28.19",
            "revenue": 22333
        },
        "2015-04": {
            "month": "2015-04",
            "price": "28.08",
            "revenue": 8836
        },
        "2015-05": {
            "month": "2015-05",
            "price": "24.52",
            "revenue": 1243
        },
        "2015-06": {
            "month": "2015-06",
            "price": "23.06",
            "revenue": 17449
        },
        "2015-07": {
            "month": "2015-07",
            "price": "19.51",
            "revenue": 7494
        },
        "2015-08": {
            "month": "2015-08",
            "price": "17.89",
            "revenue": 18362
        },
        "2015-09": {
            "month": "2015-09",
            "price": "22.30",
            "revenue": 82930
        },
        "2015-10": {
            "month": "2015-10",
            "price": "23.77",
            "revenue": 107196
        },
        "2015-11": {
            "month": "2015-11",
            "price": "26.35",
            "revenue": 990
        },
        "2015-12": {
            "month": "2015-12",
            "price": "25.60",
            "revenue": 18456
        },
        "2016-01": {
            "month": "2016-01",
            "price": "22.34",
            "revenue": 1803
        },
        "2016-02": {
            "month": "2016-02",
            "price": "23.80",
            "revenue": 40435
        },
        "2016-03": {
            "month": "2016-03",
            "price": "25.87",
            "revenue": 2832
        },
        "2016-04": {
            "month": "2016-04",
            "price": "23.47",
            "revenue": 6872
        },
        "2016-05": {
            "month": "2016-05",
            "price": "22.45",
            "revenue": 59203
        },
        "2016-06": {
            "month": "2016-06",
            "price": "23.21",
            "revenue": 45333
        },
        "2016-07": {
            "month": "2016-07",
            "price": "23.65",
            "revenue": 24632
        },
        "2016-08": {
            "month": "2016-08",
            "price": "22.99",
            "revenue": 5434
        },
        "2016-09": {
            "month": "2016-09",
            "price": "22.71",
            "revenue": 123829
        },
        "2016-10": {
            "month": "2016-10",
            "price": "22.97",
            "revenue": 181989
        },
        "2016-11": {
            "month": "2016-11",
            "price": "22.55",
            "revenue": 99195
        },
        "2016-12": {
            "month": "2016-12",
            "price": "23.00",
            "revenue": 15168
        },
        "2017-01": {
            "month": "2017-01",
            "price": "22.55",
            "revenue": 16159
        },
        "2017-02": {
            "month": "2017-02",
            "price": "24.08",
            "revenue": 16091
        },
        "2017-03": {
            "month": "2017-03",
            "price": "23.13",
            "revenue": 43139
        },
        "2017-04": {
            "month": "2017-04",
            "price": "21.78",
            "revenue": 15116
        },
        "2017-05": {
            "month": "2017-05",
            "price": "21.24",
            "revenue": 28068
        },
        "2017-06": {
            "month": "2017-06",
            "price": "21.45",
            "revenue": 6818
        },
        "2017-07": {
            "month": "2017-07",
            "price": "21.01",
            "revenue": 12507
        },
        "2017-08": {
            "month": "2017-08",
            "price": "19.43",
            "revenue": 40166
        },
        "2017-09": {
            "month": "2017-09",
            "price": "19.82",
            "revenue": 173365
        },
        "2017-10": {
            "month": "2017-10",
            "price": "21.47",
            "revenue": 176918
        },
        "2017-11": {
            "month": "2017-11",
            "price": "20.32",
            "revenue": 32126
        },
        "2017-12": {
            "month": "2017-12",
            "price": "19.91",
            "revenue": 3884
        },
        "2018-01": {
            "month": "2018-01",
            "price": "20.33",
            "revenue": 18179
        },
        "2018-02": {
            "month": "2018-02",
            "price": "18.76",
            "revenue": 3419
        },
        "2018-03": {
            "month": "2018-03",
            "price": "19.48",
            "revenue": 48647
        },
        "2018-04": {
            "month": "2018-04",
            "price": "19.41",
            "revenue": 3324
        },
        "2018-05": {
            "month": "2018-05",
            "price": "18.78",
            "revenue": 4248
        },
        "2018-06": {
            "month": "2018-06",
            "price": "18.89",
            "revenue": 22885
        },
        "2018-07": {
            "month": "2018-07",
            "price": "18.19",
            "revenue": 72474
        },
        "2018-08": {
            "month": "2018-08",
            "price": "18.84",
            "revenue": 144294
        },
        "2018-09": {
            "month": "2018-09",
            "price": "19.41",
            "revenue": 98293
        },
        "2018-10": {
            "month": "2018-10",
            "price": "23.86",
            "revenue": 248535
        },
        "2018-11": {
            "month": "2018-11",
            "price": "21.27",
            "revenue": 141179
        },
        "2018-12": {
            "month": "2018-12",
            "price": "21.27",
            "revenue": 16889
        },
        "2019-01": {
            "month": "2019-01",
            "price": "20.08",
            "revenue": 13288
        },
        "2019-02": {
            "month": "2019-02",
            "price": "20.08",
            "revenue": 21643
        },
        "2019-03": {
            "month": "2019-03",
            "price": "20.12",
            "revenue": 25255
        },
        "2019-04": {
            "month": "2019-04",
            "price": "20.98",
            "revenue": 26612
        },
        "2019-05": {
            "month": "2019-05",
            "price": "19.52",
            "revenue": 5901
        },
        "2019-06": {
            "month": "2019-06",
            "price": "20.02",
            "revenue": 72796
        },
        "2019-07": {
            "month": "2019-07",
            "price": "23.52",
            "revenue": 22412
        },
        "2019-08": {
            "month": "2019-08",
            "price": "23.41",
            "revenue": 215383
        },
        "2019-09": {
            "month": "2019-09",
            "price": "25.50",
            "revenue": 269008
        },
        "2019-10": {
            "month": "2019-10",
            "price": "25.48",
            "revenue": 163585
        },
        "2019-11": {
            "month": "2019-11",
            "price": "25.20",
            "revenue": 189774
        },
        "2019-12": {
            "month": "2019-12",
            "price": "24.68",
            "revenue": 274030
        },
        "2020-01": {
            "month": "2020-01",
            "price": "24.84",
            "revenue": 357241
        },
        "2020-02": {
            "month": "2020-02",
            "price": "27.07",
            "revenue": 4596
        },
        "2020-03": {
            "month": "2020-03",
            "price": "28.82",
            "revenue": 5177
        },
        "2020-04": {
            "month": "2020-04",
            "price": "28.34",
            "revenue": 5014
        },
        "2020-05": {
            "month": "2020-05",
            "price": "47.89",
            "revenue": 6350
        },
        "2020-06": {
            "month": "2020-06",
            "price": "62.09",
            "revenue": 51715
        },
        "2020-07": {
            "month": "2020-07",
            "price": "72.23",
            "revenue": 1898
        },
        "2020-08": {
            "month": "2020-08",
            "price": "70.35",
            "revenue": 168283
        },
        "2020-09": {
            "month": "2020-09",
            "price": "71.53",
            "revenue": 447539
        },
        "2020-10": {
            "month": "2020-10",
            "price": "67.68",
            "revenue": 614442
        },
        "2020-11": {
            "month": "2020-11",
            "price": "61.84",
            "revenue": 79472
        },
        "2020-12": {
            "month": "2020-12",
            "price": "58.53",
            "revenue": 127434
        },
        "2021-01": {
            "month": "2021-01",
            "price": "50.91",
            "revenue": 821
        },
        "2021-02": {
            "month": "2021-02",
            "price": "54.86",
            "revenue": 1155
        },
        "2021-03": {
            "month": "2021-03",
            "price": "56.67",
            "revenue": 4955
        },
        "2021-04": {
            "month": "2021-04",
            "price": "55.38",
            "revenue": 1977
        },
        "2021-05": {
            "month": "2021-05",
            "price": "54.98",
            "revenue": 17106
        },
        "2021-06": {
            "month": "2021-06",
            "price": "53.45",
            "revenue": 68932
        },
        "2021-07": {
            "month": "2021-07",
            "price": "50.12",
            "revenue": 52811
        },
        "2021-08": {
            "month": "2021-08",
            "price": "49.59",
            "revenue": 235780
        },
        "2021-09": {
            "month": "2021-09",
            "price": "52.10",
            "revenue": 464745
        },
        "2021-10": {
            "month": "2021-10",
            "price": "45.24",
            "revenue": 529052
        },
        "2021-11": {
            "month": "2021-11",
            "price": "44.37",
            "revenue": 210279
        },
        "2021-12": {
            "month": "2021-12",
            "price": "44.31",
            "revenue": 53447
        },
        "2022-01": {
            "month": "2022-01",
            "price": "43.11",
            "revenue": 3102
        },
        "2022-02": {
            "month": "2022-02",
            "price": "41.14",
            "revenue": 29901
        },
        "2022-03": {
            "month": "2022-03",
            "price": "39.67",
            "revenue": 19795
        },
        "2022-04": {
            "month": "2022-04",
            "price": "42.22",
            "revenue": 15291
        },
        "2022-05": {
            "month": "2022-05",
            "price": "36.53",
            "revenue": 20211
        },
        "2022-06": {
            "month": "2022-06",
            "price": "37.18",
            "revenue": 491433
        },
        "2022-07": {
            "month": "2022-07",
            "price": "39.36",
            "revenue": 277341
        },
        "2022-08": {
            "month": "2022-08",
            "price": "38.26",
            "revenue": 109142
        },
        "2022-09": {
            "month": "2022-09",
            "price": "36.66",
            "revenue": 700805
        },
        "2022-10": {
            "month": "2022-10",
            "price": "33.16",
            "revenue": 270805
        },
        "2022-11": {
            "month": "2022-11",
            "price": "35.70",
            "revenue": 106205
        },
        "2022-12": {
            "month": "2022-12",
            "price": "36.51",
            "revenue": 207592
        },
        "2023-01": {
            "month": "2023-01",
            "price": "35.85",
            "revenue": 39209
        },
        "2023-02": {
            "month": "2023-02",
            "price": "40.48",
            "revenue": 40825
        },
        "2023-03": {
            "month": "2023-03",
            "price": "39.94",
            "revenue": 89676
        },
        "2023-04": {
            "month": "2023-04",
            "price": "39.91",
            "revenue": 42778
        },
        "2023-05": {
            "month": "2023-05",
            "price": "38.49",
            "revenue": 1997
        }
    }
}
