{
    "summary": {
        "stock_name": "康聯-KY",
        "stock_id": "4144",
        "category": "生技醫療",
        "main_business": "醫藥開發及銷售",
        "website_url": "http://www.colandpharma.com",
        "ceo": "魏建民",
        "pe_ratio": -25,
        "report_year_from": 2011,
        "report_year_to": 2020,
        "age": 13,
        "eps_negative_percentage": 10,
        "eps_growth_avg": {
            "last_all": -19.99,
            "last_2y": -61.01,
            "last_4y": -39.2,
            "last_8y": -19.99,
            "last_12y": null,
            "last_16y": null,
            "last_20y": null,
            "at_2006_last_3y": null,
            "at_2007_last_3y": null,
            "at_2008_last_3y": null,
            "at_2009_last_3y": null,
            "at_2010_last_3y": null,
            "at_2011_last_3y": null,
            "at_2012_last_3y": null,
            "at_2013_last_3y": null,
            "at_2014_last_3y": null,
            "at_2015_last_3y": 4.01,
            "at_2016_last_3y": -5.67,
            "at_2017_last_3y": -10.17,
            "at_2018_last_3y": -22.42,
            "at_2019_last_3y": -23.99,
            "at_2020_last_3y": -46.07,
            "at_2021_last_3y": -46.07,
            "at_2022_last_3y": -46.07,
            "at_2023_last_3y": -46.07,
            "at_2024_last_3y": -46.07,
            "at_2006_last_all": null,
            "at_2007_last_all": null,
            "at_2008_last_all": null,
            "at_2009_last_all": null,
            "at_2010_last_all": null,
            "at_2011_last_all": null,
            "at_2012_last_all": null,
            "at_2013_last_all": 21.88,
            "at_2014_last_all": 15.81,
            "at_2015_last_all": 4.01,
            "at_2016_last_all": 0.86,
            "at_2017_last_all": 0.51,
            "at_2018_last_all": -6.03,
            "at_2019_last_all": -9.99,
            "at_2020_last_all": -19.99,
            "at_2021_last_all": -19.99,
            "at_2022_last_all": -19.99,
            "at_2023_last_all": -19.99,
            "at_2024_last_all": -19.99
        },
        "latest_eps": -1.08,
        "latest_price": 26.9,
        "latest_roe": -4.01,
        "latest_gross_margin": 65.29,
        "latest_equity": 2342092,
        "latest_revenue": 471757,
        "latest_gross_profit": 308020,
        "latest_net_income": -72998,
        "latest_debt_ratio": 41.91,
        "latest_current_ratio": 107.74,
        "latest_account_receivable_turnover_ratio": 0.75,
        "latest_inventory_turnover_ratio": 0.96,
        "latest_reinvestment_rate": -98.8,
        "latest_research_to_sale_ratio": 4.16
    },
    "eps_dividends": {
        "2001": {
            "cash": 0,
            "stock": 0,
            "eps": 0
        },
        "2002": {
            "cash": 0,
            "stock": 0,
            "eps": 0
        },
        "2003": {
            "cash": 0,
            "stock": 0,
            "eps": 0
        },
        "2004": {
            "cash": 0,
            "stock": 0,
            "eps": 0
        },
        "2005": {
            "cash": 0,
            "stock": 0,
            "eps": 0
        },
        "2006": {
            "cash": 0,
            "stock": 0,
            "eps": 0
        },
        "2007": {
            "cash": 0,
            "stock": 0,
            "eps": 0
        },
        "2008": {
            "cash": 0,
            "stock": 0,
            "eps": 0
        },
        "2009": {
            "cash": 0,
            "stock": 0,
            "eps": 0
        },
        "2010": {
            "cash": 0,
            "stock": 15.13,
            "eps": 0
        },
        "2011": {
            "cash": 4,
            "stock": 0,
            "eps": 3.48
        },
        "2012": {
            "cash": 0,
            "stock": 0,
            "eps": 4.42
        },
        "2013": {
            "cash": 3.2,
            "stock": 0,
            "eps": 5.16
        },
        "2014": {
            "cash": 3.6,
            "stock": 0,
            "eps": 5.35
        },
        "2015": {
            "cash": 3.6,
            "stock": 0,
            "eps": 3.67
        },
        "2016": {
            "cash": 1.5,
            "stock": 0,
            "eps": 3.24
        },
        "2017": {
            "cash": 1,
            "stock": 0,
            "eps": 3.2
        },
        "2018": {
            "cash": 1,
            "stock": 0,
            "eps": 1.75
        },
        "2019": {
            "cash": 0.53,
            "stock": 0,
            "eps": 1.09
        },
        "2020": {
            "cash": 0.33,
            "stock": 0,
            "eps": -0.93
        }
    },
    "dividends": {
        "2010-12-04": {
            "cash": 0,
            "stock": 15.13
        },
        "2011-01-01": {
            "cash": 4,
            "stock": 0
        },
        "2013-03-15": {
            "cash": 3.2,
            "stock": 0
        },
        "2014-08-29": {
            "cash": 3.6,
            "stock": 0
        },
        "2015-07-24": {
            "cash": 3.6,
            "stock": 0
        },
        "2016-08-29": {
            "cash": 1.5,
            "stock": 0
        },
        "2017-08-10": {
            "cash": 1,
            "stock": 0
        },
        "2018-03-20": {
            "cash": 1,
            "stock": 0
        },
        "2019-08-13": {
            "cash": 0.53,
            "stock": 0
        },
        "2020-08-03": {
            "cash": 0.33,
            "stock": 0
        }
    },
    "prices": {
        "200101": "無",
        "200102": "無",
        "200103": "無",
        "200104": "無",
        "200105": "無",
        "200106": "無",
        "200107": "無",
        "200108": "無",
        "200109": "無",
        "200110": "無",
        "200111": "無",
        "200112": "無",
        "200201": "無",
        "200202": "無",
        "200203": "無",
        "200204": "無",
        "200205": "無",
        "200206": "無",
        "200207": "無",
        "200208": "無",
        "200209": "無",
        "200210": "無",
        "200211": "無",
        "200212": "無",
        "200301": "無",
        "200302": "無",
        "200303": "無",
        "200304": "無",
        "200305": "無",
        "200306": "無",
        "200307": "無",
        "200308": "無",
        "200309": "無",
        "200310": "無",
        "200311": "無",
        "200312": "無",
        "200401": "無",
        "200402": "無",
        "200403": "無",
        "200404": "無",
        "200405": "無",
        "200406": "無",
        "200407": "無",
        "200408": "無",
        "200409": "無",
        "200410": "無",
        "200411": "無",
        "200412": "無",
        "200501": "無",
        "200502": "無",
        "200503": "無",
        "200504": "無",
        "200505": "無",
        "200506": "無",
        "200507": "無",
        "200508": "無",
        "200509": "無",
        "200510": "無",
        "200511": "無",
        "200512": "無",
        "200601": "無",
        "200602": "無",
        "200603": "無",
        "200604": "無",
        "200605": "無",
        "200606": "無",
        "200607": "無",
        "200608": "無",
        "200609": "無",
        "200610": "無",
        "200611": "無",
        "200612": "無",
        "200701": "無",
        "200702": "無",
        "200703": "無",
        "200704": "無",
        "200705": "無",
        "200706": "無",
        "200707": "無",
        "200708": "無",
        "200709": "無",
        "200710": "無",
        "200711": "無",
        "200712": "無",
        "200801": "無",
        "200802": "無",
        "200803": "無",
        "200804": "無",
        "200805": "無",
        "200806": "無",
        "200807": "無",
        "200808": "無",
        "200809": "無",
        "200810": "無",
        "200811": "無",
        "200812": "無",
        "200901": "無",
        "200902": "無",
        "200903": "無",
        "200904": "無",
        "200905": "無",
        "200906": "無",
        "200907": "無",
        "200908": "無",
        "200909": "無",
        "200910": "無",
        "200911": "無",
        "200912": "無",
        "201001": "無",
        "201002": "無",
        "201003": "無",
        "201004": "無",
        "201005": "無",
        "201006": "無",
        "201007": "無",
        "201008": "無",
        "201009": "無",
        "201010": "無",
        "201011": "無",
        "201012": "無",
        "201101": "無",
        "201102": "無",
        "201103": "無",
        "201104": "無",
        "201105": "無",
        "201106": "無",
        "201107": "無",
        "201108": "無",
        "201109": "無",
        "201110": "68.46",
        "201111": "79.95",
        "201112": "85.57",
        "201201": "88.91",
        "201202": "100.03",
        "201203": "95.50",
        "201204": "79.90",
        "201205": "69.34",
        "201206": "64.20",
        "201207": "65.36",
        "201208": "71.71",
        "201209": "71.48",
        "201210": "79.34",
        "201211": "77.42",
        "201212": "76.18",
        "201301": "77.76",
        "201302": "78.98",
        "201303": "76.23",
        "201304": "71.47",
        "201305": "72.37",
        "201306": "71.66",
        "201307": "69.24",
        "201308": "71.77",
        "201309": "76.89",
        "201310": "85.85",
        "201311": "86.98",
        "201312": "82.92",
        "201401": "83.05",
        "201402": "85.31",
        "201403": "86.09",
        "201404": "78.66",
        "201405": "75.55",
        "201406": "77.13",
        "201407": "75.19",
        "201408": "70.58",
        "201409": "71.18",
        "201410": "68.54",
        "201411": "69.02",
        "201412": "71.98",
        "201501": "70.91",
        "201502": "70.27",
        "201503": "71.90",
        "201504": "69.13",
        "201505": "67.02",
        "201506": "66.55",
        "201507": "61.37",
        "201508": "49.40",
        "201509": "46.80",
        "201510": "57.45",
        "201511": "60.53",
        "201512": "56.47",
        "201601": "51.06",
        "201602": "52.92",
        "201603": "50.35",
        "201604": "45.43",
        "201605": "43.39",
        "201606": "46.55",
        "201607": "47.61",
        "201608": "45.11",
        "201609": "46.22",
        "201610": "46.46",
        "201611": "48.45",
        "201612": "51.63",
        "201701": "49.70",
        "201702": "50.60",
        "201703": "46.10",
        "201704": "41.68",
        "201705": "41.66",
        "201706": "43.12",
        "201707": "41.16",
        "201708": "38.70",
        "201709": "37.95",
        "201710": "35.05",
        "201711": "34.87",
        "201712": "34.12",
        "201801": "34.95",
        "201802": "34.45",
        "201803": "39.27",
        "201804": "43.20",
        "201805": "41.24",
        "201806": "41.84",
        "201807": "36.41",
        "201808": "32.89",
        "201809": "30.32",
        "201810": "28.86",
        "201811": "27.55",
        "201812": "27.01",
        "201901": "27.39",
        "201902": "29.08",
        "201903": "28.49",
        "201904": "28.14",
        "201905": "28.98",
        "201906": "28.20",
        "201907": "29.42",
        "201908": "28.81",
        "201909": "30.01",
        "201910": "30.72",
        "201911": "29.47",
        "201912": "28.72",
        "202001": "29.29",
        "202002": "27.98",
        "202003": "22.61",
        "202004": "19.91",
        "202005": "22.24",
        "202006": "24.59",
        "202007": "26.43",
        "202008": "26.72",
        "202009": "26.76",
        "202010": "26.87",
        "202011": "無",
        "202012": "無",
        "202101": "無",
        "202102": "無",
        "202103": "無",
        "202104": "無",
        "202105": "無",
        "202106": "無",
        "202107": "無",
        "202108": "無",
        "202109": "無",
        "202110": "無",
        "202111": "無",
        "202112": "無",
        "202201": "無",
        "202202": "無",
        "202203": "無",
        "202204": "無",
        "202205": "無",
        "202206": "無",
        "202207": "無",
        "202208": "無",
        "202209": "無",
        "202210": "無",
        "202211": "無",
        "202212": "無",
        "202301": "無",
        "202302": "無",
        "202303": "無",
        "202304": "無",
        "202305": "無",
        "202306": "無",
        "202307": "無",
        "202308": "無",
        "202309": "無",
        "202310": "無",
        "202311": "無",
        "202312": "無"
    },
    "quarters": {
        "20011": {
            "year_quarter": 20011,
            "year": 2001,
            "quarter": 1,
            "eps": null,
            "eps_growth_year": null,
            "eps_4q": null,
            "eps_4q_growth_year": null,
            "roe": null,
            "roe_4q": 0,
            "gross_profit": null,
            "gross_margin": null,
            "gross_margin_4q_avg": 0,
            "net_income": null,
            "net_income_4q": null,
            "revenue": null,
            "revenue_4q": null,
            "common_shares": null,
            "book_valuer_per_share": null,
            "book_valuer_per_share_4q_avg": 0,
            "equity": null,
            "current_ratio": null,
            "debt_ratio": null,
            "inventory_turnover_ratio": null,
            "account_receivable_turnover_ratio": null,
            "reinvestment_rate": null,
            "research_to_sale_ratio": null,
            "price_fair": 0,
            "eps_avg_yearly": 0,
            "eps_latest_yearly": 0,
            "eps_growth_yearly": 0
        },
        "20012": {
            "year_quarter": 20012,
            "year": 2001,
            "quarter": 2,
            "eps": null,
            "eps_growth_year": null,
            "eps_4q": null,
            "eps_4q_growth_year": null,
            "roe": null,
            "roe_4q": 0,
            "gross_profit": null,
            "gross_margin": null,
            "gross_margin_4q_avg": 0,
            "net_income": null,
            "net_income_4q": null,
            "revenue": null,
            "revenue_4q": null,
            "common_shares": null,
            "book_valuer_per_share": null,
            "book_valuer_per_share_4q_avg": 0,
            "equity": null,
            "current_ratio": null,
            "debt_ratio": null,
            "inventory_turnover_ratio": null,
            "account_receivable_turnover_ratio": null,
            "reinvestment_rate": null,
            "research_to_sale_ratio": null,
            "price_fair": 0,
            "eps_avg_yearly": 0,
            "eps_latest_yearly": 0,
            "eps_growth_yearly": 0
        },
        "20013": {
            "year_quarter": 20013,
            "year": 2001,
            "quarter": 3,
            "eps": null,
            "eps_growth_year": null,
            "eps_4q": null,
            "eps_4q_growth_year": null,
            "roe": null,
            "roe_4q": 0,
            "gross_profit": null,
            "gross_margin": null,
            "gross_margin_4q_avg": 0,
            "net_income": null,
            "net_income_4q": null,
            "revenue": null,
            "revenue_4q": null,
            "common_shares": null,
            "book_valuer_per_share": null,
            "book_valuer_per_share_4q_avg": 0,
            "equity": null,
            "current_ratio": null,
            "debt_ratio": null,
            "inventory_turnover_ratio": null,
            "account_receivable_turnover_ratio": null,
            "reinvestment_rate": null,
            "research_to_sale_ratio": null,
            "price_fair": 0,
            "eps_avg_yearly": 0,
            "eps_latest_yearly": 0,
            "eps_growth_yearly": 0
        },
        "20014": {
            "year_quarter": 20014,
            "year": 2001,
            "quarter": 4,
            "eps": null,
            "eps_growth_year": null,
            "eps_4q": null,
            "eps_4q_growth_year": null,
            "roe": null,
            "roe_4q": 0,
            "gross_profit": null,
            "gross_margin": null,
            "gross_margin_4q_avg": 0,
            "net_income": null,
            "net_income_4q": null,
            "revenue": null,
            "revenue_4q": null,
            "common_shares": null,
            "book_valuer_per_share": null,
            "book_valuer_per_share_4q_avg": 0,
            "equity": null,
            "current_ratio": null,
            "debt_ratio": null,
            "inventory_turnover_ratio": null,
            "account_receivable_turnover_ratio": null,
            "reinvestment_rate": null,
            "research_to_sale_ratio": null,
            "price_fair": 0,
            "eps_avg_yearly": 0,
            "eps_latest_yearly": 0,
            "eps_growth_yearly": 0
        },
        "20021": {
            "year_quarter": 20021,
            "year": 2002,
            "quarter": 1,
            "eps": null,
            "eps_growth_year": null,
            "eps_4q": null,
            "eps_4q_growth_year": null,
            "roe": null,
            "roe_4q": 0,
            "gross_profit": null,
            "gross_margin": null,
            "gross_margin_4q_avg": 0,
            "net_income": null,
            "net_income_4q": null,
            "revenue": null,
            "revenue_4q": null,
            "common_shares": null,
            "book_valuer_per_share": null,
            "book_valuer_per_share_4q_avg": 0,
            "equity": null,
            "current_ratio": null,
            "debt_ratio": null,
            "inventory_turnover_ratio": null,
            "account_receivable_turnover_ratio": null,
            "reinvestment_rate": null,
            "research_to_sale_ratio": null,
            "price_fair": 0,
            "eps_avg_yearly": 0,
            "eps_latest_yearly": 0,
            "eps_growth_yearly": 0
        },
        "20022": {
            "year_quarter": 20022,
            "year": 2002,
            "quarter": 2,
            "eps": null,
            "eps_growth_year": null,
            "eps_4q": null,
            "eps_4q_growth_year": null,
            "roe": null,
            "roe_4q": 0,
            "gross_profit": null,
            "gross_margin": null,
            "gross_margin_4q_avg": 0,
            "net_income": null,
            "net_income_4q": null,
            "revenue": null,
            "revenue_4q": null,
            "common_shares": null,
            "book_valuer_per_share": null,
            "book_valuer_per_share_4q_avg": 0,
            "equity": null,
            "current_ratio": null,
            "debt_ratio": null,
            "inventory_turnover_ratio": null,
            "account_receivable_turnover_ratio": null,
            "reinvestment_rate": null,
            "research_to_sale_ratio": null,
            "price_fair": 0,
            "eps_avg_yearly": 0,
            "eps_latest_yearly": 0,
            "eps_growth_yearly": 0
        },
        "20023": {
            "year_quarter": 20023,
            "year": 2002,
            "quarter": 3,
            "eps": null,
            "eps_growth_year": null,
            "eps_4q": null,
            "eps_4q_growth_year": null,
            "roe": null,
            "roe_4q": 0,
            "gross_profit": null,
            "gross_margin": null,
            "gross_margin_4q_avg": 0,
            "net_income": null,
            "net_income_4q": null,
            "revenue": null,
            "revenue_4q": null,
            "common_shares": null,
            "book_valuer_per_share": null,
            "book_valuer_per_share_4q_avg": 0,
            "equity": null,
            "current_ratio": null,
            "debt_ratio": null,
            "inventory_turnover_ratio": null,
            "account_receivable_turnover_ratio": null,
            "reinvestment_rate": null,
            "research_to_sale_ratio": null,
            "price_fair": 0,
            "eps_avg_yearly": 0,
            "eps_latest_yearly": 0,
            "eps_growth_yearly": 0
        },
        "20024": {
            "year_quarter": 20024,
            "year": 2002,
            "quarter": 4,
            "eps": null,
            "eps_growth_year": null,
            "eps_4q": null,
            "eps_4q_growth_year": null,
            "roe": null,
            "roe_4q": 0,
            "gross_profit": null,
            "gross_margin": null,
            "gross_margin_4q_avg": 0,
            "net_income": null,
            "net_income_4q": null,
            "revenue": null,
            "revenue_4q": null,
            "common_shares": null,
            "book_valuer_per_share": null,
            "book_valuer_per_share_4q_avg": 0,
            "equity": null,
            "current_ratio": null,
            "debt_ratio": null,
            "inventory_turnover_ratio": null,
            "account_receivable_turnover_ratio": null,
            "reinvestment_rate": null,
            "research_to_sale_ratio": null,
            "price_fair": 0,
            "eps_avg_yearly": 0,
            "eps_latest_yearly": 0,
            "eps_growth_yearly": 0
        },
        "20031": {
            "year_quarter": 20031,
            "year": 2003,
            "quarter": 1,
            "eps": null,
            "eps_growth_year": null,
            "eps_4q": null,
            "eps_4q_growth_year": null,
            "roe": null,
            "roe_4q": 0,
            "gross_profit": null,
            "gross_margin": null,
            "gross_margin_4q_avg": 0,
            "net_income": null,
            "net_income_4q": null,
            "revenue": null,
            "revenue_4q": null,
            "common_shares": null,
            "book_valuer_per_share": null,
            "book_valuer_per_share_4q_avg": 0,
            "equity": null,
            "current_ratio": null,
            "debt_ratio": null,
            "inventory_turnover_ratio": null,
            "account_receivable_turnover_ratio": null,
            "reinvestment_rate": null,
            "research_to_sale_ratio": null,
            "price_fair": 0,
            "eps_avg_yearly": 0,
            "eps_latest_yearly": 0,
            "eps_growth_yearly": 0
        },
        "20032": {
            "year_quarter": 20032,
            "year": 2003,
            "quarter": 2,
            "eps": null,
            "eps_growth_year": null,
            "eps_4q": null,
            "eps_4q_growth_year": null,
            "roe": null,
            "roe_4q": 0,
            "gross_profit": null,
            "gross_margin": null,
            "gross_margin_4q_avg": 0,
            "net_income": null,
            "net_income_4q": null,
            "revenue": null,
            "revenue_4q": null,
            "common_shares": null,
            "book_valuer_per_share": null,
            "book_valuer_per_share_4q_avg": 0,
            "equity": null,
            "current_ratio": null,
            "debt_ratio": null,
            "inventory_turnover_ratio": null,
            "account_receivable_turnover_ratio": null,
            "reinvestment_rate": null,
            "research_to_sale_ratio": null,
            "price_fair": 0,
            "eps_avg_yearly": 0,
            "eps_latest_yearly": 0,
            "eps_growth_yearly": 0
        },
        "20033": {
            "year_quarter": 20033,
            "year": 2003,
            "quarter": 3,
            "eps": null,
            "eps_growth_year": null,
            "eps_4q": null,
            "eps_4q_growth_year": null,
            "roe": null,
            "roe_4q": 0,
            "gross_profit": null,
            "gross_margin": null,
            "gross_margin_4q_avg": 0,
            "net_income": null,
            "net_income_4q": null,
            "revenue": null,
            "revenue_4q": null,
            "common_shares": null,
            "book_valuer_per_share": null,
            "book_valuer_per_share_4q_avg": 0,
            "equity": null,
            "current_ratio": null,
            "debt_ratio": null,
            "inventory_turnover_ratio": null,
            "account_receivable_turnover_ratio": null,
            "reinvestment_rate": null,
            "research_to_sale_ratio": null,
            "price_fair": 0,
            "eps_avg_yearly": 0,
            "eps_latest_yearly": 0,
            "eps_growth_yearly": 0
        },
        "20034": {
            "year_quarter": 20034,
            "year": 2003,
            "quarter": 4,
            "eps": null,
            "eps_growth_year": null,
            "eps_4q": null,
            "eps_4q_growth_year": null,
            "roe": null,
            "roe_4q": 0,
            "gross_profit": null,
            "gross_margin": null,
            "gross_margin_4q_avg": 0,
            "net_income": null,
            "net_income_4q": null,
            "revenue": null,
            "revenue_4q": null,
            "common_shares": null,
            "book_valuer_per_share": null,
            "book_valuer_per_share_4q_avg": 0,
            "equity": null,
            "current_ratio": null,
            "debt_ratio": null,
            "inventory_turnover_ratio": null,
            "account_receivable_turnover_ratio": null,
            "reinvestment_rate": null,
            "research_to_sale_ratio": null,
            "price_fair": 0,
            "eps_avg_yearly": 0,
            "eps_latest_yearly": 0,
            "eps_growth_yearly": 0
        },
        "20041": {
            "year_quarter": 20041,
            "year": 2004,
            "quarter": 1,
            "eps": null,
            "eps_growth_year": null,
            "eps_4q": null,
            "eps_4q_growth_year": null,
            "roe": null,
            "roe_4q": 0,
            "gross_profit": null,
            "gross_margin": null,
            "gross_margin_4q_avg": 0,
            "net_income": null,
            "net_income_4q": null,
            "revenue": null,
            "revenue_4q": null,
            "common_shares": null,
            "book_valuer_per_share": null,
            "book_valuer_per_share_4q_avg": 0,
            "equity": null,
            "current_ratio": null,
            "debt_ratio": null,
            "inventory_turnover_ratio": null,
            "account_receivable_turnover_ratio": null,
            "reinvestment_rate": null,
            "research_to_sale_ratio": null,
            "price_fair": 0,
            "eps_avg_yearly": 0,
            "eps_latest_yearly": 0,
            "eps_growth_yearly": 0
        },
        "20042": {
            "year_quarter": 20042,
            "year": 2004,
            "quarter": 2,
            "eps": null,
            "eps_growth_year": null,
            "eps_4q": null,
            "eps_4q_growth_year": null,
            "roe": null,
            "roe_4q": 0,
            "gross_profit": null,
            "gross_margin": null,
            "gross_margin_4q_avg": 0,
            "net_income": null,
            "net_income_4q": null,
            "revenue": null,
            "revenue_4q": null,
            "common_shares": null,
            "book_valuer_per_share": null,
            "book_valuer_per_share_4q_avg": 0,
            "equity": null,
            "current_ratio": null,
            "debt_ratio": null,
            "inventory_turnover_ratio": null,
            "account_receivable_turnover_ratio": null,
            "reinvestment_rate": null,
            "research_to_sale_ratio": null,
            "price_fair": 0,
            "eps_avg_yearly": 0,
            "eps_latest_yearly": 0,
            "eps_growth_yearly": 0
        },
        "20043": {
            "year_quarter": 20043,
            "year": 2004,
            "quarter": 3,
            "eps": null,
            "eps_growth_year": null,
            "eps_4q": null,
            "eps_4q_growth_year": null,
            "roe": null,
            "roe_4q": 0,
            "gross_profit": null,
            "gross_margin": null,
            "gross_margin_4q_avg": 0,
            "net_income": null,
            "net_income_4q": null,
            "revenue": null,
            "revenue_4q": null,
            "common_shares": null,
            "book_valuer_per_share": null,
            "book_valuer_per_share_4q_avg": 0,
            "equity": null,
            "current_ratio": null,
            "debt_ratio": null,
            "inventory_turnover_ratio": null,
            "account_receivable_turnover_ratio": null,
            "reinvestment_rate": null,
            "research_to_sale_ratio": null,
            "price_fair": 0,
            "eps_avg_yearly": 0,
            "eps_latest_yearly": 0,
            "eps_growth_yearly": 0
        },
        "20044": {
            "year_quarter": 20044,
            "year": 2004,
            "quarter": 4,
            "eps": null,
            "eps_growth_year": null,
            "eps_4q": null,
            "eps_4q_growth_year": null,
            "roe": null,
            "roe_4q": 0,
            "gross_profit": null,
            "gross_margin": null,
            "gross_margin_4q_avg": 0,
            "net_income": null,
            "net_income_4q": null,
            "revenue": null,
            "revenue_4q": null,
            "common_shares": null,
            "book_valuer_per_share": null,
            "book_valuer_per_share_4q_avg": 0,
            "equity": null,
            "current_ratio": null,
            "debt_ratio": null,
            "inventory_turnover_ratio": null,
            "account_receivable_turnover_ratio": null,
            "reinvestment_rate": null,
            "research_to_sale_ratio": null,
            "price_fair": 0,
            "eps_avg_yearly": 0,
            "eps_latest_yearly": 0,
            "eps_growth_yearly": 0
        },
        "20051": {
            "year_quarter": 20051,
            "year": 2005,
            "quarter": 1,
            "eps": null,
            "eps_growth_year": null,
            "eps_4q": null,
            "eps_4q_growth_year": null,
            "roe": null,
            "roe_4q": 0,
            "gross_profit": null,
            "gross_margin": null,
            "gross_margin_4q_avg": 0,
            "net_income": null,
            "net_income_4q": null,
            "revenue": null,
            "revenue_4q": null,
            "common_shares": null,
            "book_valuer_per_share": null,
            "book_valuer_per_share_4q_avg": 0,
            "equity": null,
            "current_ratio": null,
            "debt_ratio": null,
            "inventory_turnover_ratio": null,
            "account_receivable_turnover_ratio": null,
            "reinvestment_rate": null,
            "research_to_sale_ratio": null,
            "price_fair": 0,
            "eps_avg_yearly": 0,
            "eps_latest_yearly": 0,
            "eps_growth_yearly": 0
        },
        "20052": {
            "year_quarter": 20052,
            "year": 2005,
            "quarter": 2,
            "eps": null,
            "eps_growth_year": null,
            "eps_4q": null,
            "eps_4q_growth_year": null,
            "roe": null,
            "roe_4q": 0,
            "gross_profit": null,
            "gross_margin": null,
            "gross_margin_4q_avg": 0,
            "net_income": null,
            "net_income_4q": null,
            "revenue": null,
            "revenue_4q": null,
            "common_shares": null,
            "book_valuer_per_share": null,
            "book_valuer_per_share_4q_avg": 0,
            "equity": null,
            "current_ratio": null,
            "debt_ratio": null,
            "inventory_turnover_ratio": null,
            "account_receivable_turnover_ratio": null,
            "reinvestment_rate": null,
            "research_to_sale_ratio": null,
            "price_fair": 0,
            "eps_avg_yearly": 0,
            "eps_latest_yearly": 0,
            "eps_growth_yearly": 0
        },
        "20053": {
            "year_quarter": 20053,
            "year": 2005,
            "quarter": 3,
            "eps": null,
            "eps_growth_year": null,
            "eps_4q": null,
            "eps_4q_growth_year": null,
            "roe": null,
            "roe_4q": 0,
            "gross_profit": null,
            "gross_margin": null,
            "gross_margin_4q_avg": 0,
            "net_income": null,
            "net_income_4q": null,
            "revenue": null,
            "revenue_4q": null,
            "common_shares": null,
            "book_valuer_per_share": null,
            "book_valuer_per_share_4q_avg": 0,
            "equity": null,
            "current_ratio": null,
            "debt_ratio": null,
            "inventory_turnover_ratio": null,
            "account_receivable_turnover_ratio": null,
            "reinvestment_rate": null,
            "research_to_sale_ratio": null,
            "price_fair": 0,
            "eps_avg_yearly": 0,
            "eps_latest_yearly": 0,
            "eps_growth_yearly": 0
        },
        "20054": {
            "year_quarter": 20054,
            "year": 2005,
            "quarter": 4,
            "eps": null,
            "eps_growth_year": null,
            "eps_4q": null,
            "eps_4q_growth_year": null,
            "roe": null,
            "roe_4q": 0,
            "gross_profit": null,
            "gross_margin": null,
            "gross_margin_4q_avg": 0,
            "net_income": null,
            "net_income_4q": null,
            "revenue": null,
            "revenue_4q": null,
            "common_shares": null,
            "book_valuer_per_share": null,
            "book_valuer_per_share_4q_avg": 0,
            "equity": null,
            "current_ratio": null,
            "debt_ratio": null,
            "inventory_turnover_ratio": null,
            "account_receivable_turnover_ratio": null,
            "reinvestment_rate": null,
            "research_to_sale_ratio": null,
            "price_fair": 0,
            "eps_avg_yearly": 0,
            "eps_latest_yearly": 0,
            "eps_growth_yearly": 0
        },
        "20061": {
            "year_quarter": 20061,
            "year": 2006,
            "quarter": 1,
            "eps": null,
            "eps_growth_year": null,
            "eps_4q": null,
            "eps_4q_growth_year": null,
            "roe": null,
            "roe_4q": 0,
            "gross_profit": null,
            "gross_margin": null,
            "gross_margin_4q_avg": 0,
            "net_income": null,
            "net_income_4q": null,
            "revenue": null,
            "revenue_4q": null,
            "common_shares": null,
            "book_valuer_per_share": null,
            "book_valuer_per_share_4q_avg": 0,
            "equity": null,
            "current_ratio": null,
            "debt_ratio": null,
            "inventory_turnover_ratio": null,
            "account_receivable_turnover_ratio": null,
            "reinvestment_rate": null,
            "research_to_sale_ratio": null,
            "price_fair": 0,
            "eps_avg_yearly": 0,
            "eps_latest_yearly": 0,
            "eps_growth_yearly": 0
        },
        "20062": {
            "year_quarter": 20062,
            "year": 2006,
            "quarter": 2,
            "eps": null,
            "eps_growth_year": null,
            "eps_4q": null,
            "eps_4q_growth_year": null,
            "roe": null,
            "roe_4q": 0,
            "gross_profit": null,
            "gross_margin": null,
            "gross_margin_4q_avg": 0,
            "net_income": null,
            "net_income_4q": null,
            "revenue": null,
            "revenue_4q": null,
            "common_shares": null,
            "book_valuer_per_share": null,
            "book_valuer_per_share_4q_avg": 0,
            "equity": null,
            "current_ratio": null,
            "debt_ratio": null,
            "inventory_turnover_ratio": null,
            "account_receivable_turnover_ratio": null,
            "reinvestment_rate": null,
            "research_to_sale_ratio": null,
            "price_fair": 0,
            "eps_avg_yearly": 0,
            "eps_latest_yearly": 0,
            "eps_growth_yearly": 0
        },
        "20063": {
            "year_quarter": 20063,
            "year": 2006,
            "quarter": 3,
            "eps": null,
            "eps_growth_year": null,
            "eps_4q": null,
            "eps_4q_growth_year": null,
            "roe": null,
            "roe_4q": 0,
            "gross_profit": null,
            "gross_margin": null,
            "gross_margin_4q_avg": 0,
            "net_income": null,
            "net_income_4q": null,
            "revenue": null,
            "revenue_4q": null,
            "common_shares": null,
            "book_valuer_per_share": null,
            "book_valuer_per_share_4q_avg": 0,
            "equity": null,
            "current_ratio": null,
            "debt_ratio": null,
            "inventory_turnover_ratio": null,
            "account_receivable_turnover_ratio": null,
            "reinvestment_rate": null,
            "research_to_sale_ratio": null,
            "price_fair": 0,
            "eps_avg_yearly": 0,
            "eps_latest_yearly": 0,
            "eps_growth_yearly": 0
        },
        "20064": {
            "year_quarter": 20064,
            "year": 2006,
            "quarter": 4,
            "eps": null,
            "eps_growth_year": null,
            "eps_4q": null,
            "eps_4q_growth_year": null,
            "roe": null,
            "roe_4q": 0,
            "gross_profit": null,
            "gross_margin": null,
            "gross_margin_4q_avg": 0,
            "net_income": null,
            "net_income_4q": null,
            "revenue": null,
            "revenue_4q": null,
            "common_shares": null,
            "book_valuer_per_share": null,
            "book_valuer_per_share_4q_avg": 0,
            "equity": null,
            "current_ratio": null,
            "debt_ratio": null,
            "inventory_turnover_ratio": null,
            "account_receivable_turnover_ratio": null,
            "reinvestment_rate": null,
            "research_to_sale_ratio": null,
            "price_fair": 0,
            "eps_avg_yearly": 0,
            "eps_latest_yearly": 0,
            "eps_growth_yearly": 0
        },
        "20071": {
            "year_quarter": 20071,
            "year": 2007,
            "quarter": 1,
            "eps": null,
            "eps_growth_year": null,
            "eps_4q": null,
            "eps_4q_growth_year": null,
            "roe": null,
            "roe_4q": 0,
            "gross_profit": null,
            "gross_margin": null,
            "gross_margin_4q_avg": 0,
            "net_income": null,
            "net_income_4q": null,
            "revenue": null,
            "revenue_4q": null,
            "common_shares": null,
            "book_valuer_per_share": null,
            "book_valuer_per_share_4q_avg": 0,
            "equity": null,
            "current_ratio": null,
            "debt_ratio": null,
            "inventory_turnover_ratio": null,
            "account_receivable_turnover_ratio": null,
            "reinvestment_rate": null,
            "research_to_sale_ratio": null,
            "price_fair": 0,
            "eps_avg_yearly": 0,
            "eps_latest_yearly": 0,
            "eps_growth_yearly": 0
        },
        "20072": {
            "year_quarter": 20072,
            "year": 2007,
            "quarter": 2,
            "eps": null,
            "eps_growth_year": null,
            "eps_4q": null,
            "eps_4q_growth_year": null,
            "roe": null,
            "roe_4q": 0,
            "gross_profit": null,
            "gross_margin": null,
            "gross_margin_4q_avg": 0,
            "net_income": null,
            "net_income_4q": null,
            "revenue": null,
            "revenue_4q": null,
            "common_shares": null,
            "book_valuer_per_share": null,
            "book_valuer_per_share_4q_avg": 0,
            "equity": null,
            "current_ratio": null,
            "debt_ratio": null,
            "inventory_turnover_ratio": null,
            "account_receivable_turnover_ratio": null,
            "reinvestment_rate": null,
            "research_to_sale_ratio": null,
            "price_fair": 0,
            "eps_avg_yearly": 0,
            "eps_latest_yearly": 0,
            "eps_growth_yearly": 0
        },
        "20073": {
            "year_quarter": 20073,
            "year": 2007,
            "quarter": 3,
            "eps": null,
            "eps_growth_year": null,
            "eps_4q": null,
            "eps_4q_growth_year": null,
            "roe": null,
            "roe_4q": 0,
            "gross_profit": null,
            "gross_margin": null,
            "gross_margin_4q_avg": 0,
            "net_income": null,
            "net_income_4q": null,
            "revenue": null,
            "revenue_4q": null,
            "common_shares": null,
            "book_valuer_per_share": null,
            "book_valuer_per_share_4q_avg": 0,
            "equity": null,
            "current_ratio": null,
            "debt_ratio": null,
            "inventory_turnover_ratio": null,
            "account_receivable_turnover_ratio": null,
            "reinvestment_rate": null,
            "research_to_sale_ratio": null,
            "price_fair": 0,
            "eps_avg_yearly": 0,
            "eps_latest_yearly": 0,
            "eps_growth_yearly": 0
        },
        "20074": {
            "year_quarter": 20074,
            "year": 2007,
            "quarter": 4,
            "eps": null,
            "eps_growth_year": null,
            "eps_4q": null,
            "eps_4q_growth_year": null,
            "roe": null,
            "roe_4q": 0,
            "gross_profit": null,
            "gross_margin": null,
            "gross_margin_4q_avg": 0,
            "net_income": null,
            "net_income_4q": null,
            "revenue": null,
            "revenue_4q": null,
            "common_shares": null,
            "book_valuer_per_share": null,
            "book_valuer_per_share_4q_avg": 0,
            "equity": null,
            "current_ratio": null,
            "debt_ratio": null,
            "inventory_turnover_ratio": null,
            "account_receivable_turnover_ratio": null,
            "reinvestment_rate": null,
            "research_to_sale_ratio": null,
            "price_fair": 0,
            "eps_avg_yearly": 0,
            "eps_latest_yearly": 0,
            "eps_growth_yearly": 0
        },
        "20081": {
            "year_quarter": 20081,
            "year": 2008,
            "quarter": 1,
            "eps": null,
            "eps_growth_year": null,
            "eps_4q": null,
            "eps_4q_growth_year": null,
            "roe": null,
            "roe_4q": 0,
            "gross_profit": null,
            "gross_margin": null,
            "gross_margin_4q_avg": 0,
            "net_income": null,
            "net_income_4q": null,
            "revenue": null,
            "revenue_4q": null,
            "common_shares": null,
            "book_valuer_per_share": null,
            "book_valuer_per_share_4q_avg": 0,
            "equity": null,
            "current_ratio": null,
            "debt_ratio": null,
            "inventory_turnover_ratio": null,
            "account_receivable_turnover_ratio": null,
            "reinvestment_rate": null,
            "research_to_sale_ratio": null,
            "price_fair": 0,
            "eps_avg_yearly": 0,
            "eps_latest_yearly": 0,
            "eps_growth_yearly": 0
        },
        "20082": {
            "year_quarter": 20082,
            "year": 2008,
            "quarter": 2,
            "eps": null,
            "eps_growth_year": null,
            "eps_4q": null,
            "eps_4q_growth_year": null,
            "roe": null,
            "roe_4q": 0,
            "gross_profit": null,
            "gross_margin": null,
            "gross_margin_4q_avg": 0,
            "net_income": null,
            "net_income_4q": null,
            "revenue": null,
            "revenue_4q": null,
            "common_shares": null,
            "book_valuer_per_share": null,
            "book_valuer_per_share_4q_avg": 0,
            "equity": null,
            "current_ratio": null,
            "debt_ratio": null,
            "inventory_turnover_ratio": null,
            "account_receivable_turnover_ratio": null,
            "reinvestment_rate": null,
            "research_to_sale_ratio": null,
            "price_fair": 0,
            "eps_avg_yearly": 0,
            "eps_latest_yearly": 0,
            "eps_growth_yearly": 0
        },
        "20083": {
            "year_quarter": 20083,
            "year": 2008,
            "quarter": 3,
            "eps": null,
            "eps_growth_year": null,
            "eps_4q": null,
            "eps_4q_growth_year": null,
            "roe": null,
            "roe_4q": 0,
            "gross_profit": null,
            "gross_margin": null,
            "gross_margin_4q_avg": 0,
            "net_income": null,
            "net_income_4q": null,
            "revenue": null,
            "revenue_4q": null,
            "common_shares": null,
            "book_valuer_per_share": null,
            "book_valuer_per_share_4q_avg": 0,
            "equity": null,
            "current_ratio": null,
            "debt_ratio": null,
            "inventory_turnover_ratio": null,
            "account_receivable_turnover_ratio": null,
            "reinvestment_rate": null,
            "research_to_sale_ratio": null,
            "price_fair": 0,
            "eps_avg_yearly": 0,
            "eps_latest_yearly": 0,
            "eps_growth_yearly": 0
        },
        "20084": {
            "year_quarter": 20084,
            "year": 2008,
            "quarter": 4,
            "eps": null,
            "eps_growth_year": null,
            "eps_4q": null,
            "eps_4q_growth_year": null,
            "roe": null,
            "roe_4q": 0,
            "gross_profit": null,
            "gross_margin": null,
            "gross_margin_4q_avg": 0,
            "net_income": null,
            "net_income_4q": null,
            "revenue": null,
            "revenue_4q": null,
            "common_shares": 9976,
            "book_valuer_per_share": 298.14,
            "book_valuer_per_share_4q_avg": 74.54,
            "equity": 297427,
            "current_ratio": 228.61,
            "debt_ratio": 42,
            "inventory_turnover_ratio": null,
            "account_receivable_turnover_ratio": null,
            "reinvestment_rate": null,
            "research_to_sale_ratio": null,
            "price_fair": 0,
            "eps_avg_yearly": 0,
            "eps_latest_yearly": 0,
            "eps_growth_yearly": 0
        },
        "20091": {
            "year_quarter": 20091,
            "year": 2009,
            "quarter": 1,
            "eps": null,
            "eps_growth_year": null,
            "eps_4q": null,
            "eps_4q_growth_year": null,
            "roe": null,
            "roe_4q": 0,
            "gross_profit": null,
            "gross_margin": null,
            "gross_margin_4q_avg": 0,
            "net_income": null,
            "net_income_4q": null,
            "revenue": null,
            "revenue_4q": null,
            "common_shares": null,
            "book_valuer_per_share": null,
            "book_valuer_per_share_4q_avg": 74.54,
            "equity": null,
            "current_ratio": null,
            "debt_ratio": null,
            "inventory_turnover_ratio": null,
            "account_receivable_turnover_ratio": null,
            "reinvestment_rate": null,
            "research_to_sale_ratio": null,
            "price_fair": 0,
            "eps_avg_yearly": 0,
            "eps_latest_yearly": 0,
            "eps_growth_yearly": 0
        },
        "20092": {
            "year_quarter": 20092,
            "year": 2009,
            "quarter": 2,
            "eps": null,
            "eps_growth_year": null,
            "eps_4q": null,
            "eps_4q_growth_year": null,
            "roe": null,
            "roe_4q": 0,
            "gross_profit": null,
            "gross_margin": null,
            "gross_margin_4q_avg": 0,
            "net_income": null,
            "net_income_4q": null,
            "revenue": null,
            "revenue_4q": null,
            "common_shares": null,
            "book_valuer_per_share": null,
            "book_valuer_per_share_4q_avg": 74.54,
            "equity": null,
            "current_ratio": null,
            "debt_ratio": null,
            "inventory_turnover_ratio": null,
            "account_receivable_turnover_ratio": null,
            "reinvestment_rate": null,
            "research_to_sale_ratio": null,
            "price_fair": 0,
            "eps_avg_yearly": 0,
            "eps_latest_yearly": 0,
            "eps_growth_yearly": 0
        },
        "20093": {
            "year_quarter": 20093,
            "year": 2009,
            "quarter": 3,
            "eps": null,
            "eps_growth_year": null,
            "eps_4q": null,
            "eps_4q_growth_year": null,
            "roe": null,
            "roe_4q": 0,
            "gross_profit": null,
            "gross_margin": null,
            "gross_margin_4q_avg": 0,
            "net_income": null,
            "net_income_4q": null,
            "revenue": null,
            "revenue_4q": null,
            "common_shares": null,
            "book_valuer_per_share": null,
            "book_valuer_per_share_4q_avg": 74.54,
            "equity": null,
            "current_ratio": null,
            "debt_ratio": null,
            "inventory_turnover_ratio": null,
            "account_receivable_turnover_ratio": null,
            "reinvestment_rate": null,
            "research_to_sale_ratio": null,
            "price_fair": 0,
            "eps_avg_yearly": 0,
            "eps_latest_yearly": 0,
            "eps_growth_yearly": 0
        },
        "20094": {
            "year_quarter": 20094,
            "year": 2009,
            "quarter": 4,
            "eps": null,
            "eps_growth_year": null,
            "eps_4q": null,
            "eps_4q_growth_year": null,
            "roe": null,
            "roe_4q": 0,
            "gross_profit": null,
            "gross_margin": null,
            "gross_margin_4q_avg": 0,
            "net_income": null,
            "net_income_4q": null,
            "revenue": null,
            "revenue_4q": null,
            "common_shares": 9976,
            "book_valuer_per_share": 0,
            "book_valuer_per_share_4q_avg": 0,
            "equity": 495744,
            "current_ratio": 318.1,
            "debt_ratio": 30.7,
            "inventory_turnover_ratio": null,
            "account_receivable_turnover_ratio": null,
            "reinvestment_rate": null,
            "research_to_sale_ratio": null,
            "price_fair": 0,
            "eps_avg_yearly": 0,
            "eps_latest_yearly": 0,
            "eps_growth_yearly": 0
        },
        "20101": {
            "year_quarter": 20101,
            "year": 2010,
            "quarter": 1,
            "eps": null,
            "eps_growth_year": null,
            "eps_4q": null,
            "eps_4q_growth_year": null,
            "roe": null,
            "roe_4q": 0,
            "gross_profit": null,
            "gross_margin": null,
            "gross_margin_4q_avg": 0,
            "net_income": null,
            "net_income_4q": null,
            "revenue": null,
            "revenue_4q": null,
            "common_shares": null,
            "book_valuer_per_share": null,
            "book_valuer_per_share_4q_avg": 0,
            "equity": null,
            "current_ratio": null,
            "debt_ratio": null,
            "inventory_turnover_ratio": null,
            "account_receivable_turnover_ratio": null,
            "reinvestment_rate": null,
            "research_to_sale_ratio": null,
            "price_fair": 0,
            "eps_avg_yearly": 0,
            "eps_latest_yearly": 0,
            "eps_growth_yearly": 0
        },
        "20102": {
            "year_quarter": 20102,
            "year": 2010,
            "quarter": 2,
            "eps": null,
            "eps_growth_year": null,
            "eps_4q": null,
            "eps_4q_growth_year": null,
            "roe": null,
            "roe_4q": 0,
            "gross_profit": null,
            "gross_margin": null,
            "gross_margin_4q_avg": 0,
            "net_income": null,
            "net_income_4q": null,
            "revenue": null,
            "revenue_4q": null,
            "common_shares": 115002,
            "book_valuer_per_share": null,
            "book_valuer_per_share_4q_avg": 0,
            "equity": 291353,
            "current_ratio": null,
            "debt_ratio": null,
            "inventory_turnover_ratio": null,
            "account_receivable_turnover_ratio": null,
            "reinvestment_rate": null,
            "research_to_sale_ratio": null,
            "price_fair": 0,
            "eps_avg_yearly": 0,
            "eps_latest_yearly": 0,
            "eps_growth_yearly": 0
        },
        "20103": {
            "year_quarter": 20103,
            "year": 2010,
            "quarter": 3,
            "eps": null,
            "eps_growth_year": null,
            "eps_4q": null,
            "eps_4q_growth_year": null,
            "roe": null,
            "roe_4q": 0,
            "gross_profit": 223895,
            "gross_margin": null,
            "gross_margin_4q_avg": 0,
            "net_income": 79494,
            "net_income_4q": null,
            "revenue": 329061,
            "revenue_4q": null,
            "common_shares": 115002,
            "book_valuer_per_share": 31.87,
            "book_valuer_per_share_4q_avg": 7.97,
            "equity": 366501,
            "current_ratio": 335.48,
            "debt_ratio": 26.9,
            "inventory_turnover_ratio": null,
            "account_receivable_turnover_ratio": null,
            "reinvestment_rate": null,
            "research_to_sale_ratio": null,
            "price_fair": 0,
            "eps_avg_yearly": 0,
            "eps_latest_yearly": 0,
            "eps_growth_yearly": 0
        },
        "20104": {
            "year_quarter": 20104,
            "year": 2010,
            "quarter": 4,
            "eps": null,
            "eps_growth_year": null,
            "eps_4q": null,
            "eps_4q_growth_year": null,
            "roe": null,
            "roe_4q": 0,
            "gross_profit": 556247,
            "gross_margin": null,
            "gross_margin_4q_avg": 0,
            "net_income": 223176,
            "net_income_4q": null,
            "revenue": 850296,
            "revenue_4q": null,
            "common_shares": 115002,
            "book_valuer_per_share": 37.54,
            "book_valuer_per_share_4q_avg": 17.35,
            "equity": 431670,
            "current_ratio": 386.19,
            "debt_ratio": 21.02,
            "inventory_turnover_ratio": null,
            "account_receivable_turnover_ratio": null,
            "reinvestment_rate": null,
            "research_to_sale_ratio": null,
            "price_fair": 0,
            "eps_avg_yearly": 0,
            "eps_latest_yearly": 0,
            "eps_growth_yearly": 0
        },
        "20111": {
            "year_quarter": 20111,
            "year": 2011,
            "quarter": 1,
            "eps": null,
            "eps_growth_year": null,
            "eps_4q": null,
            "eps_4q_growth_year": null,
            "roe": null,
            "roe_4q": 0,
            "gross_profit": 232464,
            "gross_margin": null,
            "gross_margin_4q_avg": 0,
            "net_income": 88182,
            "net_income_4q": null,
            "revenue": 414322,
            "revenue_4q": null,
            "common_shares": 121132,
            "book_valuer_per_share": 66.63,
            "book_valuer_per_share_4q_avg": 34.01,
            "equity": 807145,
            "current_ratio": 663.63,
            "debt_ratio": 13.37,
            "inventory_turnover_ratio": null,
            "account_receivable_turnover_ratio": null,
            "reinvestment_rate": null,
            "research_to_sale_ratio": null,
            "price_fair": 0,
            "eps_avg_yearly": 0,
            "eps_latest_yearly": 0,
            "eps_growth_yearly": 0
        },
        "20112": {
            "year_quarter": 20112,
            "year": 2011,
            "quarter": 2,
            "eps": 1.17,
            "eps_growth_year": null,
            "eps_4q": 1.17,
            "eps_4q_growth_year": null,
            "roe": 8.65,
            "roe_4q": 8.65,
            "gross_profit": 210191,
            "gross_margin": 59.22,
            "gross_margin_4q_avg": 14.81,
            "net_income": 72673,
            "net_income_4q": null,
            "revenue": 354959,
            "revenue_4q": null,
            "common_shares": 622220,
            "book_valuer_per_share": 14.03,
            "book_valuer_per_share_4q_avg": 37.52,
            "equity": 873091,
            "current_ratio": 594.22,
            "debt_ratio": 14.85,
            "inventory_turnover_ratio": 2.87,
            "account_receivable_turnover_ratio": 3.95,
            "reinvestment_rate": null,
            "research_to_sale_ratio": null,
            "price_fair": 0,
            "eps_avg_yearly": 0,
            "eps_latest_yearly": 0,
            "eps_growth_yearly": 0
        },
        "20113": {
            "year_quarter": 20113,
            "year": 2011,
            "quarter": 3,
            "eps": 1.09,
            "eps_growth_year": null,
            "eps_4q": 2.26,
            "eps_4q_growth_year": null,
            "roe": 7.19,
            "roe_4q": 15.84,
            "gross_profit": 214056,
            "gross_margin": 61.5,
            "gross_margin_4q_avg": 30.18,
            "net_income": 67688,
            "net_income_4q": null,
            "revenue": 348067,
            "revenue_4q": null,
            "common_shares": 622220,
            "book_valuer_per_share": 16.23,
            "book_valuer_per_share_4q_avg": 33.61,
            "equity": 1009657,
            "current_ratio": 923.45,
            "debt_ratio": 9.59,
            "inventory_turnover_ratio": 2.47,
            "account_receivable_turnover_ratio": 1.85,
            "reinvestment_rate": null,
            "research_to_sale_ratio": 0.89,
            "price_fair": 13.08,
            "eps_avg_yearly": 4.36,
            "eps_latest_yearly": 4.36,
            "eps_growth_yearly": -27.35
        },
        "20114": {
            "year_quarter": 20114,
            "year": 2011,
            "quarter": 4,
            "eps": 1.22,
            "eps_growth_year": null,
            "eps_4q": 3.23,
            "eps_4q_growth_year": null,
            "roe": 6.15,
            "roe_4q": 21.990000000000002,
            "gross_profit": 234155,
            "gross_margin": 60.72,
            "gross_margin_4q_avg": 45.36,
            "net_income": 85419,
            "net_income_4q": null,
            "revenue": 385644,
            "revenue_4q": null,
            "common_shares": 700000,
            "book_valuer_per_share": 25.24,
            "book_valuer_per_share_4q_avg": 30.53,
            "equity": 1766656,
            "current_ratio": 1588.42,
            "debt_ratio": 5.87,
            "inventory_turnover_ratio": 2.71,
            "account_receivable_turnover_ratio": 1.62,
            "reinvestment_rate": null,
            "research_to_sale_ratio": 3.27,
            "price_fair": 93.22,
            "eps_avg_yearly": 4.62,
            "eps_latest_yearly": 4.88,
            "eps_growth_yearly": 10.18
        },
        "20121": {
            "year_quarter": 20121,
            "year": 2012,
            "quarter": 1,
            "eps": 1.12,
            "eps_growth_year": null,
            "eps_4q": 4.35,
            "eps_4q_growth_year": null,
            "roe": 4.4,
            "roe_4q": 26.39,
            "gross_profit": 229894,
            "gross_margin": 59.9,
            "gross_margin_4q_avg": 60.34,
            "net_income": 78461,
            "net_income_4q": null,
            "revenue": 383790,
            "revenue_4q": null,
            "common_shares": 700000,
            "book_valuer_per_share": 25.73,
            "book_valuer_per_share_4q_avg": 20.31,
            "equity": 1800953,
            "current_ratio": 1579.37,
            "debt_ratio": 5.68,
            "inventory_turnover_ratio": 2.97,
            "account_receivable_turnover_ratio": 1.29,
            "reinvestment_rate": null,
            "research_to_sale_ratio": 1.28,
            "price_fair": 13.72,
            "eps_avg_yearly": 4.57,
            "eps_latest_yearly": 4.48,
            "eps_growth_yearly": -4.14
        },
        "20122": {
            "year_quarter": 20122,
            "year": 2012,
            "quarter": 2,
            "eps": 1.44,
            "eps_growth_year": 23.16,
            "eps_4q": 4.75,
            "eps_4q_growth_year": 306.4,
            "roe": 5.87,
            "roe_4q": 23.610000000000003,
            "gross_profit": 247192,
            "gross_margin": 60.65,
            "gross_margin_4q_avg": 60.69,
            "net_income": 100692,
            "net_income_4q": null,
            "revenue": 407544,
            "revenue_4q": null,
            "common_shares": 700000,
            "book_valuer_per_share": 23.26,
            "book_valuer_per_share_4q_avg": 22.62,
            "equity": 1628496,
            "current_ratio": 464.64,
            "debt_ratio": 19.42,
            "inventory_turnover_ratio": 3.69,
            "account_receivable_turnover_ratio": 1.21,
            "reinvestment_rate": null,
            "research_to_sale_ratio": 0.88,
            "price_fair": 170.45,
            "eps_avg_yearly": 4.87,
            "eps_latest_yearly": 5.76,
            "eps_growth_yearly": 25.46
        },
        "20123": {
            "year_quarter": 20123,
            "year": 2012,
            "quarter": 3,
            "eps": 1.14,
            "eps_growth_year": 4.56,
            "eps_4q": 4.92,
            "eps_4q_growth_year": 117.97,
            "roe": 4.76,
            "roe_4q": 21.18,
            "gross_profit": 255394,
            "gross_margin": 58.29,
            "gross_margin_4q_avg": 59.89,
            "net_income": 79621,
            "net_income_4q": null,
            "revenue": 438154,
            "revenue_4q": null,
            "common_shares": 700000,
            "book_valuer_per_share": 24.11,
            "book_valuer_per_share_4q_avg": 24.59,
            "equity": 1719266,
            "current_ratio": 1113.29,
            "debt_ratio": 12.55,
            "inventory_turnover_ratio": 3.45,
            "account_receivable_turnover_ratio": 1.26,
            "reinvestment_rate": null,
            "research_to_sale_ratio": 2.38,
            "price_fair": 65.89,
            "eps_avg_yearly": 4.81,
            "eps_latest_yearly": 4.56,
            "eps_growth_yearly": 3.7
        },
        "20124": {
            "year_quarter": 20124,
            "year": 2012,
            "quarter": 4,
            "eps": 0.72,
            "eps_growth_year": -40.64,
            "eps_4q": 4.42,
            "eps_4q_growth_year": 37.07,
            "roe": 3.42,
            "roe_4q": 18.450000000000003,
            "gross_profit": 283566,
            "gross_margin": 57.6,
            "gross_margin_4q_avg": 59.11,
            "net_income": 59955,
            "net_income_4q": null,
            "revenue": 492261,
            "revenue_4q": null,
            "common_shares": 700000,
            "book_valuer_per_share": 24.91,
            "book_valuer_per_share_4q_avg": 24.5,
            "equity": 1784656,
            "current_ratio": 1061.8,
            "debt_ratio": 12.7,
            "inventory_turnover_ratio": 3.1,
            "account_receivable_turnover_ratio": 1.4,
            "reinvestment_rate": null,
            "research_to_sale_ratio": 1.56,
            "price_fair": 13.46,
            "eps_avg_yearly": 4.49,
            "eps_latest_yearly": 2.88,
            "eps_growth_yearly": -21.47
        },
        "20131": {
            "year_quarter": 20131,
            "year": 2013,
            "quarter": 1,
            "eps": 1.92,
            "eps_growth_year": 71.43,
            "eps_4q": 5.12,
            "eps_4q_growth_year": 17.72,
            "roe": 6.5,
            "roe_4q": 20.55,
            "gross_profit": 243341,
            "gross_margin": 53.28,
            "gross_margin_4q_avg": 57.46,
            "net_income": 134564,
            "net_income_4q": null,
            "revenue": 456682,
            "revenue_4q": null,
            "common_shares": 700000,
            "book_valuer_per_share": 31.84,
            "book_valuer_per_share_4q_avg": 26.03,
            "equity": 2355278,
            "current_ratio": 934.41,
            "debt_ratio": 10.41,
            "inventory_turnover_ratio": 2.57,
            "account_receivable_turnover_ratio": 1.33,
            "reinvestment_rate": null,
            "research_to_sale_ratio": 0.22,
            "price_fair": 173,
            "eps_avg_yearly": 4.94,
            "eps_latest_yearly": 7.68,
            "eps_growth_yearly": 76.83
        },
        "20132": {
            "year_quarter": 20132,
            "year": 2013,
            "quarter": 2,
            "eps": 1.6,
            "eps_growth_year": 11.23,
            "eps_4q": 5.28,
            "eps_4q_growth_year": 11.25,
            "roe": 5.17,
            "roe_4q": 19.85,
            "gross_profit": 258340,
            "gross_margin": 56.71,
            "gross_margin_4q_avg": 56.47,
            "net_income": 119601,
            "net_income_4q": null,
            "revenue": 455534,
            "revenue_4q": null,
            "common_shares": 700000,
            "book_valuer_per_share": 30.64,
            "book_valuer_per_share_4q_avg": 27.88,
            "equity": 2268862,
            "current_ratio": 399.73,
            "debt_ratio": 18.92,
            "inventory_turnover_ratio": 1.59,
            "account_receivable_turnover_ratio": 1.34,
            "reinvestment_rate": null,
            "research_to_sale_ratio": 0.5,
            "price_fair": 179.38,
            "eps_avg_yearly": 5.13,
            "eps_latest_yearly": 6.4,
            "eps_growth_yearly": 58.89
        },
        "20133": {
            "year_quarter": 20133,
            "year": 2013,
            "quarter": 3,
            "eps": 1.49,
            "eps_growth_year": 31,
            "eps_4q": 5.63,
            "eps_4q_growth_year": 14.49,
            "roe": 4.72,
            "roe_4q": 19.810000000000002,
            "gross_profit": 221744,
            "gross_margin": 51.17,
            "gross_margin_4q_avg": 54.69,
            "net_income": 113506,
            "net_income_4q": null,
            "revenue": 433339,
            "revenue_4q": null,
            "common_shares": 700000,
            "book_valuer_per_share": 33.4,
            "book_valuer_per_share_4q_avg": 30.2,
            "equity": 2538403,
            "current_ratio": 836.84,
            "debt_ratio": 12.01,
            "inventory_turnover_ratio": 1.17,
            "account_receivable_turnover_ratio": 1.16,
            "reinvestment_rate": null,
            "research_to_sale_ratio": 0.3,
            "price_fair": 182.62,
            "eps_avg_yearly": 5.22,
            "eps_latest_yearly": 5.96,
            "eps_growth_yearly": 49.29
        },
        "20134": {
            "year_quarter": 20134,
            "year": 2013,
            "quarter": 4,
            "eps": 0.15,
            "eps_growth_year": -79.03,
            "eps_4q": 4.56,
            "eps_4q_growth_year": 3.2,
            "roe": 0.86,
            "roe_4q": 17.25,
            "gross_profit": 274167,
            "gross_margin": 53.63,
            "gross_margin_4q_avg": 53.7,
            "net_income": 24833,
            "net_income_4q": null,
            "revenue": 511209,
            "revenue_4q": null,
            "common_shares": 778470,
            "book_valuer_per_share": 39.18,
            "book_valuer_per_share_4q_avg": 33.77,
            "equity": 3268001,
            "current_ratio": 732.85,
            "debt_ratio": 11.34,
            "inventory_turnover_ratio": 1.21,
            "account_receivable_turnover_ratio": 1.19,
            "reinvestment_rate": null,
            "research_to_sale_ratio": 3.42,
            "price_fair": 87.47,
            "eps_avg_yearly": 4.76,
            "eps_latest_yearly": 0.6,
            "eps_growth_yearly": 8.39
        },
        "20141": {
            "year_quarter": 20141,
            "year": 2014,
            "quarter": 1,
            "eps": 1.72,
            "eps_growth_year": -10.42,
            "eps_4q": 4.65,
            "eps_4q_growth_year": -9.04,
            "roe": 4.48,
            "roe_4q": 15.23,
            "gross_profit": 252761,
            "gross_margin": 49.94,
            "gross_margin_4q_avg": 52.86,
            "net_income": 147670,
            "net_income_4q": null,
            "revenue": 506175,
            "revenue_4q": null,
            "common_shares": 778470,
            "book_valuer_per_share": 39.2,
            "book_valuer_per_share_4q_avg": 35.61,
            "equity": 3320551,
            "current_ratio": 842.3,
            "debt_ratio": 10.34,
            "inventory_turnover_ratio": 1.14,
            "account_receivable_turnover_ratio": 1.07,
            "reinvestment_rate": null,
            "research_to_sale_ratio": 0.21,
            "price_fair": 173.22,
            "eps_avg_yearly": 4.95,
            "eps_latest_yearly": 6.88,
            "eps_growth_yearly": 388.24
        },
        "20142": {
            "year_quarter": 20142,
            "year": 2014,
            "quarter": 2,
            "eps": 1.62,
            "eps_growth_year": 1.25,
            "eps_4q": 4.83,
            "eps_4q_growth_year": -8.51,
            "roe": 4.32,
            "roe_4q": 14.379999999999999,
            "gross_profit": 267837,
            "gross_margin": 50.57,
            "gross_margin_4q_avg": 51.33,
            "net_income": 139758,
            "net_income_4q": null,
            "revenue": 529666,
            "revenue_4q": null,
            "common_shares": 778470,
            "book_valuer_per_share": 37.1,
            "book_valuer_per_share_4q_avg": 37.22,
            "equity": 3143407,
            "current_ratio": 338.88,
            "debt_ratio": 18.04,
            "inventory_turnover_ratio": 1.2,
            "account_receivable_turnover_ratio": 0.98,
            "reinvestment_rate": 82.39,
            "research_to_sale_ratio": 0.19,
            "price_fair": 177.68,
            "eps_avg_yearly": 5.08,
            "eps_latest_yearly": 6.48,
            "eps_growth_yearly": 353.94
        },
        "20143": {
            "year_quarter": 20143,
            "year": 2014,
            "quarter": 3,
            "eps": 1,
            "eps_growth_year": -32.89,
            "eps_4q": 4.49,
            "eps_4q_growth_year": -20.16,
            "roe": 2.96,
            "roe_4q": 12.620000000000001,
            "gross_profit": 291206,
            "gross_margin": 53.35,
            "gross_margin_4q_avg": 51.87,
            "net_income": 94922,
            "net_income_4q": null,
            "revenue": 545817,
            "revenue_4q": null,
            "common_shares": 778670,
            "book_valuer_per_share": 37.13,
            "book_valuer_per_share_4q_avg": 38.15,
            "equity": 3268479,
            "current_ratio": 264.03,
            "debt_ratio": 21.03,
            "inventory_turnover_ratio": 1.25,
            "account_receivable_turnover_ratio": 0.89,
            "reinvestment_rate": 91.28,
            "research_to_sale_ratio": 0.62,
            "price_fair": 174.78,
            "eps_avg_yearly": 4.99,
            "eps_latest_yearly": 4,
            "eps_growth_yearly": 314.94
        },
        "20144": {
            "year_quarter": 20144,
            "year": 2014,
            "quarter": 4,
            "eps": 1.01,
            "eps_growth_year": 561.85,
            "eps_4q": 5.34,
            "eps_4q_growth_year": 16.97,
            "roe": 2.95,
            "roe_4q": 14.71,
            "gross_profit": 310831,
            "gross_margin": 49.87,
            "gross_margin_4q_avg": 50.93,
            "net_income": 100003,
            "net_income_4q": null,
            "revenue": 623309,
            "revenue_4q": null,
            "common_shares": 780650,
            "book_valuer_per_share": 39.71,
            "book_valuer_per_share_4q_avg": 38.29,
            "equity": 3513621,
            "current_ratio": 298.09,
            "debt_ratio": 20.38,
            "inventory_turnover_ratio": 1.24,
            "account_receivable_turnover_ratio": 0.98,
            "reinvestment_rate": 97.37,
            "research_to_sale_ratio": 2.63,
            "price_fair": 172.4,
            "eps_avg_yearly": 4.93,
            "eps_latest_yearly": 4.04,
            "eps_growth_yearly": 292.73
        },
        "20151": {
            "year_quarter": 20151,
            "year": 2015,
            "quarter": 1,
            "eps": 1.47,
            "eps_growth_year": -14.53,
            "eps_4q": 5.09,
            "eps_4q_growth_year": 9.34,
            "roe": 3.84,
            "roe_4q": 14.07,
            "gross_profit": 314260,
            "gross_margin": 49.84,
            "gross_margin_4q_avg": 50.91,
            "net_income": 136555,
            "net_income_4q": null,
            "revenue": 630571,
            "revenue_4q": null,
            "common_shares": 780650,
            "book_valuer_per_share": 40.59,
            "book_valuer_per_share_4q_avg": 38.63,
            "equity": 3599340,
            "current_ratio": 336.55,
            "debt_ratio": 19.39,
            "inventory_turnover_ratio": 1.26,
            "account_receivable_turnover_ratio": 0.9,
            "reinvestment_rate": 95.61,
            "research_to_sale_ratio": 0.03,
            "price_fair": 174.63,
            "eps_avg_yearly": 4.99,
            "eps_latest_yearly": 5.88,
            "eps_growth_yearly": 285.36
        },
        "20152": {
            "year_quarter": 20152,
            "year": 2015,
            "quarter": 2,
            "eps": 1.03,
            "eps_growth_year": -36.42,
            "eps_4q": 4.56,
            "eps_4q_growth_year": -5.71,
            "roe": 2.97,
            "roe_4q": 12.720000000000002,
            "gross_profit": 312597,
            "gross_margin": 50.56,
            "gross_margin_4q_avg": 50.91,
            "net_income": 102127,
            "net_income_4q": null,
            "revenue": 618289,
            "revenue_4q": null,
            "common_shares": 780650,
            "book_valuer_per_share": 36.66,
            "book_valuer_per_share_4q_avg": 38.52,
            "equity": 3272825,
            "current_ratio": 223.97,
            "debt_ratio": 26.22,
            "inventory_turnover_ratio": 1.43,
            "account_receivable_turnover_ratio": 0.79,
            "reinvestment_rate": 86.93,
            "research_to_sale_ratio": 0.41,
            "price_fair": 172.73,
            "eps_avg_yearly": 4.94,
            "eps_latest_yearly": 4.12,
            "eps_growth_yearly": 260.04
        },
        "20153": {
            "year_quarter": 20153,
            "year": 2015,
            "quarter": 3,
            "eps": 0.86,
            "eps_growth_year": -14,
            "eps_4q": 4.4,
            "eps_4q_growth_year": -2.04,
            "roe": 3.05,
            "roe_4q": 12.809999999999999,
            "gross_profit": 409849,
            "gross_margin": 53.49,
            "gross_margin_4q_avg": 50.94,
            "net_income": 102100,
            "net_income_4q": null,
            "revenue": 766275,
            "revenue_4q": null,
            "common_shares": 780650,
            "book_valuer_per_share": 38.25,
            "book_valuer_per_share_4q_avg": 38.8,
            "equity": 3419631,
            "current_ratio": 269.12,
            "debt_ratio": 22.21,
            "inventory_turnover_ratio": 1.71,
            "account_receivable_turnover_ratio": 0.89,
            "reinvestment_rate": 89.83,
            "research_to_sale_ratio": 0.79,
            "price_fair": 170.71,
            "eps_avg_yearly": 4.88,
            "eps_latest_yearly": 3.44,
            "eps_growth_yearly": 257.63
        },
        "20154": {
            "year_quarter": 20154,
            "year": 2015,
            "quarter": 4,
            "eps": 0.31,
            "eps_growth_year": -68.81,
            "eps_4q": 3.7,
            "eps_4q_growth_year": -30.7,
            "roe": 1.39,
            "roe_4q": 11.25,
            "gross_profit": 359851,
            "gross_margin": 53.08,
            "gross_margin_4q_avg": 51.74,
            "net_income": 46901,
            "net_income_4q": null,
            "revenue": 677890,
            "revenue_4q": null,
            "common_shares": 780650,
            "book_valuer_per_share": 37.25,
            "book_valuer_per_share_4q_avg": 38.19,
            "equity": 3341455,
            "current_ratio": 230.32,
            "debt_ratio": 23.22,
            "inventory_turnover_ratio": 1.39,
            "account_receivable_turnover_ratio": 0.82,
            "reinvestment_rate": 91.28,
            "research_to_sale_ratio": 0.49,
            "price_fair": 162.75,
            "eps_avg_yearly": 4.65,
            "eps_latest_yearly": 1.24,
            "eps_growth_yearly": 238.66
        },
        "20161": {
            "year_quarter": 20161,
            "year": 2016,
            "quarter": 1,
            "eps": 0.98,
            "eps_growth_year": -33.33,
            "eps_4q": 3.19,
            "eps_4q_growth_year": -37.4,
            "roe": 3.1,
            "roe_4q": 10.51,
            "gross_profit": 364509,
            "gross_margin": 51.19,
            "gross_margin_4q_avg": 52.08,
            "net_income": 103640,
            "net_income_4q": null,
            "revenue": 712073,
            "revenue_4q": null,
            "common_shares": 781390,
            "book_valuer_per_share": 36.91,
            "book_valuer_per_share_4q_avg": 37.27,
            "equity": 3343630,
            "current_ratio": 236.58,
            "debt_ratio": 23.91,
            "inventory_turnover_ratio": 1.46,
            "account_receivable_turnover_ratio": 0.91,
            "reinvestment_rate": 79.28,
            "research_to_sale_ratio": 1.33,
            "price_fair": 161.53,
            "eps_avg_yearly": 4.62,
            "eps_latest_yearly": 3.92,
            "eps_growth_yearly": 294.74
        },
        "20162": {
            "year_quarter": 20162,
            "year": 2016,
            "quarter": 2,
            "eps": 0.72,
            "eps_growth_year": -30.1,
            "eps_4q": 2.88,
            "eps_4q_growth_year": -36.88,
            "roe": 2.59,
            "roe_4q": 10.129999999999999,
            "gross_profit": 406552,
            "gross_margin": 49.48,
            "gross_margin_4q_avg": 51.81,
            "net_income": 85004,
            "net_income_4q": null,
            "revenue": 821710,
            "revenue_4q": null,
            "common_shares": 781390,
            "book_valuer_per_share": 35.12,
            "book_valuer_per_share_4q_avg": 36.88,
            "equity": 3222615,
            "current_ratio": 206.35,
            "debt_ratio": 27.48,
            "inventory_turnover_ratio": 1.82,
            "account_receivable_turnover_ratio": 1,
            "reinvestment_rate": 81.15,
            "research_to_sale_ratio": 3.54,
            "price_fair": 155.23,
            "eps_avg_yearly": 4.44,
            "eps_latest_yearly": 2.88,
            "eps_growth_yearly": 280.96
        },
        "20163": {
            "year_quarter": 20163,
            "year": 2016,
            "quarter": 3,
            "eps": 0.94,
            "eps_growth_year": 9.3,
            "eps_4q": 2.95,
            "eps_4q_growth_year": -33.01,
            "roe": 3.13,
            "roe_4q": 10.21,
            "gross_profit": 411458,
            "gross_margin": 49.15,
            "gross_margin_4q_avg": 50.73,
            "net_income": 90248,
            "net_income_4q": null,
            "revenue": 837086,
            "revenue_4q": null,
            "common_shares": 781390,
            "book_valuer_per_share": 28.8,
            "book_valuer_per_share_4q_avg": 34.52,
            "equity": 2536148,
            "current_ratio": 131.36,
            "debt_ratio": 39.11,
            "inventory_turnover_ratio": 1.88,
            "account_receivable_turnover_ratio": 0.98,
            "reinvestment_rate": 78.58,
            "research_to_sale_ratio": 1.91,
            "price_fair": 153.48,
            "eps_avg_yearly": 4.39,
            "eps_latest_yearly": 3.76,
            "eps_growth_yearly": 293.81
        },
        "20164": {
            "year_quarter": 20164,
            "year": 2016,
            "quarter": 4,
            "eps": 0.6,
            "eps_growth_year": 92.17,
            "eps_4q": 3.24,
            "eps_4q_growth_year": -12.42,
            "roe": 2.35,
            "roe_4q": 11.17,
            "gross_profit": 426980,
            "gross_margin": 47.51,
            "gross_margin_4q_avg": 49.33,
            "net_income": 60118,
            "net_income_4q": null,
            "revenue": 898728,
            "revenue_4q": null,
            "common_shares": 781390,
            "book_valuer_per_share": 29.31,
            "book_valuer_per_share_4q_avg": 32.54,
            "equity": 2584493,
            "current_ratio": 136.05,
            "debt_ratio": 35.79,
            "inventory_turnover_ratio": 2.36,
            "account_receivable_turnover_ratio": 0.99,
            "reinvestment_rate": 73.63,
            "research_to_sale_ratio": 0.66,
            "price_fair": 152.43,
            "eps_avg_yearly": 4.36,
            "eps_latest_yearly": 2.4,
            "eps_growth_yearly": 293.98
        },
        "20171": {
            "year_quarter": 20171,
            "year": 2017,
            "quarter": 1,
            "eps": 1.09,
            "eps_growth_year": 11.22,
            "eps_4q": 3.35,
            "eps_4q_growth_year": 5.02,
            "roe": 3.88,
            "roe_4q": 11.95,
            "gross_profit": 335900,
            "gross_margin": 48.21,
            "gross_margin_4q_avg": 48.59,
            "net_income": 98420,
            "net_income_4q": null,
            "revenue": 696674,
            "revenue_4q": null,
            "common_shares": 781390,
            "book_valuer_per_share": 28.07,
            "book_valuer_per_share_4q_avg": 30.33,
            "equity": 2489304,
            "current_ratio": 151.74,
            "debt_ratio": 33.17,
            "inventory_turnover_ratio": 2.17,
            "account_receivable_turnover_ratio": 0.77,
            "reinvestment_rate": 31.07,
            "research_to_sale_ratio": 0.32,
            "price_fair": 145.16,
            "eps_avg_yearly": 4.15,
            "eps_latest_yearly": 4.36,
            "eps_growth_yearly": 272.73
        },
        "20172": {
            "year_quarter": 20172,
            "year": 2017,
            "quarter": 2,
            "eps": 0.69,
            "eps_growth_year": -4.17,
            "eps_4q": 3.32,
            "eps_4q_growth_year": 15.44,
            "roe": 2.8,
            "roe_4q": 12.16,
            "gross_profit": 337565,
            "gross_margin": 48.02,
            "gross_margin_4q_avg": 48.22,
            "net_income": 69473,
            "net_income_4q": null,
            "revenue": 703015,
            "revenue_4q": null,
            "common_shares": 781390,
            "book_valuer_per_share": 27.56,
            "book_valuer_per_share_4q_avg": 28.44,
            "equity": 2471511,
            "current_ratio": 159.66,
            "debt_ratio": 33.95,
            "inventory_turnover_ratio": 2.17,
            "account_receivable_turnover_ratio": 0.79,
            "reinvestment_rate": 18.59,
            "research_to_sale_ratio": 1.49,
            "price_fair": 137.2,
            "eps_avg_yearly": 3.92,
            "eps_latest_yearly": 2.76,
            "eps_growth_yearly": 267.72
        },
        "20173": {
            "year_quarter": 20173,
            "year": 2017,
            "quarter": 3,
            "eps": 0.98,
            "eps_growth_year": 4.26,
            "eps_4q": 3.37,
            "eps_4q_growth_year": 14.11,
            "roe": 3.88,
            "roe_4q": 12.909999999999998,
            "gross_profit": 327509,
            "gross_margin": 47.84,
            "gross_margin_4q_avg": 47.9,
            "net_income": 96666,
            "net_income_4q": null,
            "revenue": 684591,
            "revenue_4q": null,
            "common_shares": 781390,
            "book_valuer_per_share": 28.06,
            "book_valuer_per_share_4q_avg": 28.25,
            "equity": 2507989,
            "current_ratio": 169.58,
            "debt_ratio": 32.99,
            "inventory_turnover_ratio": 1.93,
            "account_receivable_turnover_ratio": 0.74,
            "reinvestment_rate": 0.32,
            "research_to_sale_ratio": 1.66,
            "price_fair": 132.74,
            "eps_avg_yearly": 3.79,
            "eps_latest_yearly": 3.92,
            "eps_growth_yearly": 279.95
        },
        "20174": {
            "year_quarter": 20174,
            "year": 2017,
            "quarter": 4,
            "eps": 0.44,
            "eps_growth_year": -27.7,
            "eps_4q": 3.2,
            "eps_4q_growth_year": -1.23,
            "roe": 1.23,
            "roe_4q": 11.79,
            "gross_profit": 277309,
            "gross_margin": 50.11,
            "gross_margin_4q_avg": 48.55,
            "net_income": 30896,
            "net_income_4q": null,
            "revenue": 553367,
            "revenue_4q": null,
            "common_shares": 781390,
            "book_valuer_per_share": 28.44,
            "book_valuer_per_share_4q_avg": 28.03,
            "equity": 2535095,
            "current_ratio": 172.84,
            "debt_ratio": 30.22,
            "inventory_turnover_ratio": 1.26,
            "account_receivable_turnover_ratio": 0.67,
            "reinvestment_rate": -30.21,
            "research_to_sale_ratio": 2.33,
            "price_fair": 135.28,
            "eps_avg_yearly": 3.87,
            "eps_latest_yearly": 1.76,
            "eps_growth_yearly": 288.65
        },
        "20181": {
            "year_quarter": 20181,
            "year": 2018,
            "quarter": 1,
            "eps": 1.22,
            "eps_growth_year": 11.93,
            "eps_4q": 3.34,
            "eps_4q_growth_year": -0.2,
            "roe": 3.41,
            "roe_4q": 11.32,
            "gross_profit": 268486,
            "gross_margin": 49.69,
            "gross_margin_4q_avg": 48.92,
            "net_income": 91774,
            "net_income_4q": null,
            "revenue": 540314,
            "revenue_4q": null,
            "common_shares": 781390,
            "book_valuer_per_share": 33.5,
            "book_valuer_per_share_4q_avg": 29.39,
            "equity": 2848929,
            "current_ratio": 165.58,
            "debt_ratio": 29.09,
            "inventory_turnover_ratio": 1.3,
            "account_receivable_turnover_ratio": 0.75,
            "reinvestment_rate": -59.57,
            "research_to_sale_ratio": 0.23,
            "price_fair": 130.9,
            "eps_avg_yearly": 3.74,
            "eps_latest_yearly": 4.88,
            "eps_growth_yearly": 71.31
        },
        "20182": {
            "year_quarter": 20182,
            "year": 2018,
            "quarter": 2,
            "eps": 0.32,
            "eps_growth_year": -53.62,
            "eps_4q": 2.96,
            "eps_4q_growth_year": -10.95,
            "roe": 1.04,
            "roe_4q": 9.559999999999999,
            "gross_profit": 284882,
            "gross_margin": 47.43,
            "gross_margin_4q_avg": 48.77,
            "net_income": 27635,
            "net_income_4q": null,
            "revenue": 600655,
            "revenue_4q": null,
            "common_shares": 771390,
            "book_valuer_per_share": 29.02,
            "book_valuer_per_share_4q_avg": 29.76,
            "equity": 2440619,
            "current_ratio": 113.39,
            "debt_ratio": 42.25,
            "inventory_turnover_ratio": 2.16,
            "account_receivable_turnover_ratio": 0.75,
            "reinvestment_rate": -68.5,
            "research_to_sale_ratio": 0.96,
            "price_fair": 119.53,
            "eps_avg_yearly": 3.42,
            "eps_latest_yearly": 1.28,
            "eps_growth_yearly": 54.32
        },
        "20183": {
            "year_quarter": 20183,
            "year": 2018,
            "quarter": 3,
            "eps": 0.08,
            "eps_growth_year": -91.84,
            "eps_4q": 2.06,
            "eps_4q_growth_year": -38.89,
            "roe": -0.15,
            "roe_4q": 5.529999999999999,
            "gross_profit": 284560,
            "gross_margin": 53.95,
            "gross_margin_4q_avg": 50.3,
            "net_income": -3515,
            "net_income_4q": null,
            "revenue": 527466,
            "revenue_4q": null,
            "common_shares": 771390,
            "book_valuer_per_share": 28.26,
            "book_valuer_per_share_4q_avg": 29.81,
            "equity": 2341588,
            "current_ratio": 125.53,
            "debt_ratio": 41.28,
            "inventory_turnover_ratio": 1.86,
            "account_receivable_turnover_ratio": 0.63,
            "reinvestment_rate": -91.46,
            "research_to_sale_ratio": 0.95,
            "price_fair": 111.48,
            "eps_avg_yearly": 3.19,
            "eps_latest_yearly": 0.32,
            "eps_growth_yearly": 45.13
        },
        "20184": {
            "year_quarter": 20184,
            "year": 2018,
            "quarter": 4,
            "eps": 0.13,
            "eps_growth_year": -71.22,
            "eps_4q": 1.75,
            "eps_4q_growth_year": -45.4,
            "roe": 0.22,
            "roe_4q": 4.5200000000000005,
            "gross_profit": 246570,
            "gross_margin": 52.89,
            "gross_margin_4q_avg": 50.99,
            "net_income": 5483,
            "net_income_4q": null,
            "revenue": 466151,
            "revenue_4q": null,
            "common_shares": 771390,
            "book_valuer_per_share": 32.05,
            "book_valuer_per_share_4q_avg": 30.71,
            "equity": 2631045,
            "current_ratio": 132.74,
            "debt_ratio": 40.68,
            "inventory_turnover_ratio": 1.57,
            "account_receivable_turnover_ratio": 0.65,
            "reinvestment_rate": -103.43,
            "research_to_sale_ratio": -1.26,
            "price_fair": 103.78,
            "eps_avg_yearly": 2.97,
            "eps_latest_yearly": 0.52,
            "eps_growth_yearly": 60.51
        },
        "20191": {
            "year_quarter": 20191,
            "year": 2019,
            "quarter": 1,
            "eps": 0.94,
            "eps_growth_year": -22.95,
            "eps_4q": 1.47,
            "eps_4q_growth_year": -56.09,
            "roe": 2.63,
            "roe_4q": 3.74,
            "gross_profit": 270730,
            "gross_margin": 53.6,
            "gross_margin_4q_avg": 51.97,
            "net_income": 72088,
            "net_income_4q": null,
            "revenue": 505114,
            "revenue_4q": null,
            "common_shares": 771390,
            "book_valuer_per_share": 33.59,
            "book_valuer_per_share_4q_avg": 30.73,
            "equity": 2860817,
            "current_ratio": 110.55,
            "debt_ratio": 39.3,
            "inventory_turnover_ratio": 1.53,
            "account_receivable_turnover_ratio": 0.74,
            "reinvestment_rate": -62.44,
            "research_to_sale_ratio": 2.07,
            "price_fair": 99.14,
            "eps_avg_yearly": 2.83,
            "eps_latest_yearly": 3.76,
            "eps_growth_yearly": 204.89
        },
        "20192": {
            "year_quarter": 20192,
            "year": 2019,
            "quarter": 2,
            "eps": 0.3,
            "eps_growth_year": -6.25,
            "eps_4q": 1.45,
            "eps_4q_growth_year": -51,
            "roe": 0.59,
            "roe_4q": 3.29,
            "gross_profit": 284989,
            "gross_margin": 51.83,
            "gross_margin_4q_avg": 53.07,
            "net_income": 16543,
            "net_income_4q": null,
            "revenue": 549900,
            "revenue_4q": null,
            "common_shares": 771390,
            "book_valuer_per_share": 32.82,
            "book_valuer_per_share_4q_avg": 31.68,
            "equity": 2721304,
            "current_ratio": 106.76,
            "debt_ratio": 40.18,
            "inventory_turnover_ratio": 1.67,
            "account_receivable_turnover_ratio": 0.78,
            "reinvestment_rate": -60.46,
            "research_to_sale_ratio": 1.1,
            "price_fair": 92.75,
            "eps_avg_yearly": 2.65,
            "eps_latest_yearly": 1.2,
            "eps_growth_yearly": 195.35
        },
        "20193": {
            "year_quarter": 20193,
            "year": 2019,
            "quarter": 3,
            "eps": -0.29,
            "eps_growth_year": -462.5,
            "eps_4q": 1.07,
            "eps_4q_growth_year": -47.8,
            "roe": -0.92,
            "roe_4q": 2.52,
            "gross_profit": 319988,
            "gross_margin": 56.52,
            "gross_margin_4q_avg": 53.71,
            "net_income": -24420,
            "net_income_4q": null,
            "revenue": 566146,
            "revenue_4q": null,
            "common_shares": 771390,
            "book_valuer_per_share": 31.37,
            "book_valuer_per_share_4q_avg": 32.46,
            "equity": 2594597,
            "current_ratio": 106.28,
            "debt_ratio": 39.88,
            "inventory_turnover_ratio": 1.6,
            "account_receivable_turnover_ratio": 0.82,
            "reinvestment_rate": -81.28,
            "research_to_sale_ratio": 4.15,
            "price_fair": 90.91,
            "eps_avg_yearly": 2.6,
            "eps_latest_yearly": 1.2,
            "eps_growth_yearly": 212.78
        },
        "20194": {
            "year_quarter": 20194,
            "year": 2019,
            "quarter": 4,
            "eps": 0.14,
            "eps_growth_year": 15.22,
            "eps_4q": 1.09,
            "eps_4q_growth_year": -37.44,
            "roe": 0.63,
            "roe_4q": 2.9299999999999997,
            "gross_profit": 319930,
            "gross_margin": 58.88,
            "gross_margin_4q_avg": 55.21,
            "net_income": 16337,
            "net_income_4q": null,
            "revenue": 543315,
            "revenue_4q": null,
            "common_shares": 771390,
            "book_valuer_per_share": 31.12,
            "book_valuer_per_share_4q_avg": 32.23,
            "equity": 2577992,
            "current_ratio": 108.21,
            "debt_ratio": 39.22,
            "inventory_turnover_ratio": 1.3,
            "account_receivable_turnover_ratio": 0.82,
            "reinvestment_rate": -80.23,
            "research_to_sale_ratio": 3.76,
            "price_fair": 94.3,
            "eps_avg_yearly": 2.69,
            "eps_latest_yearly": 1.2,
            "eps_growth_yearly": 246.25
        },
        "20201": {
            "year_quarter": 20201,
            "year": 2020,
            "quarter": 1,
            "eps": -0.26,
            "eps_growth_year": -127.66,
            "eps_4q": -0.11,
            "eps_4q_growth_year": -107.29,
            "roe": -0.8,
            "roe_4q": -0.5000000000000001,
            "gross_profit": 224340,
            "gross_margin": 55.85,
            "gross_margin_4q_avg": 55.77,
            "net_income": -20442,
            "net_income_4q": null,
            "revenue": 401660,
            "revenue_4q": null,
            "common_shares": 771390,
            "book_valuer_per_share": 30.3,
            "book_valuer_per_share_4q_avg": 31.4,
            "equity": 2512048,
            "current_ratio": 110.4,
            "debt_ratio": 39.4,
            "inventory_turnover_ratio": 0.93,
            "account_receivable_turnover_ratio": 0.62,
            "reinvestment_rate": -79.79,
            "research_to_sale_ratio": 0.77,
            "price_fair": 91,
            "eps_avg_yearly": 2.6,
            "eps_latest_yearly": 1.2,
            "eps_growth_yearly": 198.69
        },
        "20202": {
            "year_quarter": 20202,
            "year": 2020,
            "quarter": 2,
            "eps": -0.67,
            "eps_growth_year": -323.33,
            "eps_4q": -1.08,
            "eps_4q_growth_year": -174.68,
            "roe": -3.01,
            "roe_4q": -4.1,
            "gross_profit": 308020,
            "gross_margin": 65.29,
            "gross_margin_4q_avg": 59.14,
            "net_income": -72998,
            "net_income_4q": null,
            "revenue": 471757,
            "revenue_4q": null,
            "common_shares": 771390,
            "book_valuer_per_share": 28.57,
            "book_valuer_per_share_4q_avg": 30.34,
            "equity": 2342092,
            "current_ratio": 107.74,
            "debt_ratio": 41.91,
            "inventory_turnover_ratio": 0.96,
            "account_receivable_turnover_ratio": 0.75,
            "reinvestment_rate": -98.8,
            "research_to_sale_ratio": 4.16,
            "price_fair": 90.18,
            "eps_avg_yearly": 2.58,
            "eps_latest_yearly": 1.2,
            "eps_growth_yearly": 224.09
        }
    },
    "months": {
        "2011-10": {
            "month": "2011-10",
            "price": "68.46",
            "revenue": 83116
        },
        "2011-11": {
            "month": "2011-11",
            "price": "79.95",
            "revenue": 149986
        },
        "2011-12": {
            "month": "2011-12",
            "price": "85.57",
            "revenue": 151312
        },
        "2012-01": {
            "month": "2012-01",
            "price": "88.91",
            "revenue": 99150
        },
        "2012-02": {
            "month": "2012-02",
            "price": "100.03",
            "revenue": 128307
        },
        "2012-03": {
            "month": "2012-03",
            "price": "95.50",
            "revenue": 156146
        },
        "2012-04": {
            "month": "2012-04",
            "price": "79.90",
            "revenue": 104219
        },
        "2012-05": {
            "month": "2012-05",
            "price": "69.34",
            "revenue": 132230
        },
        "2012-06": {
            "month": "2012-06",
            "price": "64.20",
            "revenue": 171315
        },
        "2012-07": {
            "month": "2012-07",
            "price": "65.36",
            "revenue": 99313
        },
        "2012-08": {
            "month": "2012-08",
            "price": "71.71",
            "revenue": 149516
        },
        "2012-09": {
            "month": "2012-09",
            "price": "71.48",
            "revenue": 188946
        },
        "2012-10": {
            "month": "2012-10",
            "price": "79.34",
            "revenue": 123109
        },
        "2012-11": {
            "month": "2012-11",
            "price": "77.42",
            "revenue": 164726
        },
        "2012-12": {
            "month": "2012-12",
            "price": "76.18",
            "revenue": 204108
        },
        "2013-01": {
            "month": "2013-01",
            "price": "77.76",
            "revenue": 106525
        },
        "2013-02": {
            "month": "2013-02",
            "price": "78.98",
            "revenue": 131743
        },
        "2013-03": {
            "month": "2013-03",
            "price": "76.23",
            "revenue": 219813
        },
        "2013-04": {
            "month": "2013-04",
            "price": "71.47",
            "revenue": 120008
        },
        "2013-05": {
            "month": "2013-05",
            "price": "72.37",
            "revenue": 147607
        },
        "2013-06": {
            "month": "2013-06",
            "price": "71.66",
            "revenue": 187897
        },
        "2013-07": {
            "month": "2013-07",
            "price": "69.24",
            "revenue": 102969
        },
        "2013-08": {
            "month": "2013-08",
            "price": "71.77",
            "revenue": 127797
        },
        "2013-09": {
            "month": "2013-09",
            "price": "76.89",
            "revenue": 201355
        },
        "2013-10": {
            "month": "2013-10",
            "price": "85.85",
            "revenue": 132166
        },
        "2013-11": {
            "month": "2013-11",
            "price": "86.98",
            "revenue": 160817
        },
        "2013-12": {
            "month": "2013-12",
            "price": "82.92",
            "revenue": 219007
        },
        "2014-01": {
            "month": "2014-01",
            "price": "83.05",
            "revenue": 195412
        },
        "2014-02": {
            "month": "2014-02",
            "price": "85.31",
            "revenue": 101445
        },
        "2014-03": {
            "month": "2014-03",
            "price": "86.09",
            "revenue": 208870
        },
        "2014-04": {
            "month": "2014-04",
            "price": "78.66",
            "revenue": 156216
        },
        "2014-05": {
            "month": "2014-05",
            "price": "75.55",
            "revenue": 160255
        },
        "2014-06": {
            "month": "2014-06",
            "price": "77.13",
            "revenue": 212913
        },
        "2014-07": {
            "month": "2014-07",
            "price": "75.19",
            "revenue": 133475
        },
        "2014-08": {
            "month": "2014-08",
            "price": "70.58",
            "revenue": 158203
        },
        "2014-09": {
            "month": "2014-09",
            "price": "71.18",
            "revenue": 255014
        },
        "2014-10": {
            "month": "2014-10",
            "price": "68.54",
            "revenue": 171776
        },
        "2014-11": {
            "month": "2014-11",
            "price": "69.02",
            "revenue": 188440
        },
        "2014-12": {
            "month": "2014-12",
            "price": "71.98",
            "revenue": 264721
        },
        "2015-01": {
            "month": "2015-01",
            "price": "70.91",
            "revenue": 249988
        },
        "2015-02": {
            "month": "2015-02",
            "price": "70.27",
            "revenue": 149645
        },
        "2015-03": {
            "month": "2015-03",
            "price": "71.90",
            "revenue": 230969
        },
        "2015-04": {
            "month": "2015-04",
            "price": "69.13",
            "revenue": 184108
        },
        "2015-05": {
            "month": "2015-05",
            "price": "67.02",
            "revenue": 198232
        },
        "2015-06": {
            "month": "2015-06",
            "price": "66.55",
            "revenue": 236271
        },
        "2015-07": {
            "month": "2015-07",
            "price": "61.37",
            "revenue": 222669
        },
        "2015-08": {
            "month": "2015-08",
            "price": "49.40",
            "revenue": 230224
        },
        "2015-09": {
            "month": "2015-09",
            "price": "46.80",
            "revenue": 314596
        },
        "2015-10": {
            "month": "2015-10",
            "price": "57.45",
            "revenue": 197345
        },
        "2015-11": {
            "month": "2015-11",
            "price": "60.53",
            "revenue": 231535
        },
        "2015-12": {
            "month": "2015-12",
            "price": "56.47",
            "revenue": 248389
        },
        "2016-01": {
            "month": "2016-01",
            "price": "51.06",
            "revenue": 302590
        },
        "2016-02": {
            "month": "2016-02",
            "price": "52.92",
            "revenue": 127255
        },
        "2016-03": {
            "month": "2016-03",
            "price": "50.35",
            "revenue": 281938
        },
        "2016-04": {
            "month": "2016-04",
            "price": "45.43",
            "revenue": 274961
        },
        "2016-05": {
            "month": "2016-05",
            "price": "43.39",
            "revenue": 257060
        },
        "2016-06": {
            "month": "2016-06",
            "price": "46.55",
            "revenue": 288672
        },
        "2016-07": {
            "month": "2016-07",
            "price": "47.61",
            "revenue": 241804
        },
        "2016-08": {
            "month": "2016-08",
            "price": "45.11",
            "revenue": 260890
        },
        "2016-09": {
            "month": "2016-09",
            "price": "46.22",
            "revenue": 331230
        },
        "2016-10": {
            "month": "2016-10",
            "price": "46.46",
            "revenue": 350524
        },
        "2016-11": {
            "month": "2016-11",
            "price": "48.45",
            "revenue": 246381
        },
        "2016-12": {
            "month": "2016-12",
            "price": "51.63",
            "revenue": 297823
        },
        "2017-01": {
            "month": "2017-01",
            "price": "49.70",
            "revenue": 248877
        },
        "2017-02": {
            "month": "2017-02",
            "price": "50.60",
            "revenue": 196997
        },
        "2017-03": {
            "month": "2017-03",
            "price": "46.10",
            "revenue": 251801
        },
        "2017-04": {
            "month": "2017-04",
            "price": "41.68",
            "revenue": 200428
        },
        "2017-05": {
            "month": "2017-05",
            "price": "41.66",
            "revenue": 218871
        },
        "2017-06": {
            "month": "2017-06",
            "price": "43.12",
            "revenue": 283902
        },
        "2017-07": {
            "month": "2017-07",
            "price": "41.16",
            "revenue": 204159
        },
        "2017-08": {
            "month": "2017-08",
            "price": "38.70",
            "revenue": 253425
        },
        "2017-09": {
            "month": "2017-09",
            "price": "37.95",
            "revenue": 246444
        },
        "2017-10": {
            "month": "2017-10",
            "price": "35.05",
            "revenue": 151546
        },
        "2017-11": {
            "month": "2017-11",
            "price": "34.87",
            "revenue": 205832
        },
        "2017-12": {
            "month": "2017-12",
            "price": "34.12",
            "revenue": 194386
        },
        "2018-01": {
            "month": "2018-01",
            "price": "34.95",
            "revenue": 258258
        },
        "2018-02": {
            "month": "2018-02",
            "price": "34.45",
            "revenue": 100345
        },
        "2018-03": {
            "month": "2018-03",
            "price": "39.27",
            "revenue": 180985
        },
        "2018-04": {
            "month": "2018-04",
            "price": "43.20",
            "revenue": 168297
        },
        "2018-05": {
            "month": "2018-05",
            "price": "41.24",
            "revenue": 239154
        },
        "2018-06": {
            "month": "2018-06",
            "price": "41.84",
            "revenue": 195154
        },
        "2018-07": {
            "month": "2018-07",
            "price": "36.41",
            "revenue": 174546
        },
        "2018-08": {
            "month": "2018-08",
            "price": "32.89",
            "revenue": 185298
        },
        "2018-09": {
            "month": "2018-09",
            "price": "30.32",
            "revenue": 169036
        },
        "2018-10": {
            "month": "2018-10",
            "price": "28.86",
            "revenue": 161095
        },
        "2018-11": {
            "month": "2018-11",
            "price": "27.55",
            "revenue": 159821
        },
        "2018-12": {
            "month": "2018-12",
            "price": "27.01",
            "revenue": 147489
        },
        "2019-01": {
            "month": "2019-01",
            "price": "27.39",
            "revenue": 246215
        },
        "2019-02": {
            "month": "2019-02",
            "price": "29.08",
            "revenue": 92633
        },
        "2019-03": {
            "month": "2019-03",
            "price": "28.49",
            "revenue": 165862
        },
        "2019-04": {
            "month": "2019-04",
            "price": "28.14",
            "revenue": 215468
        },
        "2019-05": {
            "month": "2019-05",
            "price": "28.98",
            "revenue": 166919
        },
        "2019-06": {
            "month": "2019-06",
            "price": "28.20",
            "revenue": 167865
        },
        "2019-07": {
            "month": "2019-07",
            "price": "29.42",
            "revenue": 188729
        },
        "2019-08": {
            "month": "2019-08",
            "price": "28.81",
            "revenue": 171688
        },
        "2019-09": {
            "month": "2019-09",
            "price": "30.01",
            "revenue": 204885
        },
        "2019-10": {
            "month": "2019-10",
            "price": "30.72",
            "revenue": 148549
        },
        "2019-11": {
            "month": "2019-11",
            "price": "29.47",
            "revenue": 176486
        },
        "2019-12": {
            "month": "2019-12",
            "price": "28.72",
            "revenue": 212563
        },
        "2020-01": {
            "month": "2020-01",
            "price": "29.29",
            "revenue": 154244
        },
        "2020-02": {
            "month": "2020-02",
            "price": "27.98",
            "revenue": 129887
        },
        "2020-03": {
            "month": "2020-03",
            "price": "22.61",
            "revenue": 118207
        },
        "2020-04": {
            "month": "2020-04",
            "price": "19.91",
            "revenue": 173775
        },
        "2020-05": {
            "month": "2020-05",
            "price": "22.24",
            "revenue": 122721
        },
        "2020-06": {
            "month": "2020-06",
            "price": "24.59",
            "revenue": 175674
        },
        "2020-07": {
            "month": "2020-07",
            "price": "26.43",
            "revenue": 169407
        },
        "2020-08": {
            "month": "2020-08",
            "price": "26.72",
            "revenue": 174523
        },
        "2020-09": {
            "month": "2020-09",
            "price": "26.76",
            "revenue": 273103
        }
    }
}
