{
    "summary": {
        "stock_name": "中裕",
        "stock_id": "4147",
        "category": "生技醫療",
        "main_business": "新藥研發",
        "website_url": "http://www.tmb.com.tw",
        "ceo": "張金明",
        "pe_ratio": -114,
        "report_year_from": 2010,
        "report_year_to": 2023,
        "age": 14,
        "eps_negative_percentage": 100,
        "eps_growth_avg": {
            "last_all": null,
            "last_2y": null,
            "last_4y": null,
            "last_8y": null,
            "last_12y": null,
            "last_16y": null,
            "last_20y": null,
            "at_2006_last_3y": null,
            "at_2007_last_3y": null,
            "at_2008_last_3y": null,
            "at_2009_last_3y": null,
            "at_2010_last_3y": null,
            "at_2011_last_3y": null,
            "at_2012_last_3y": null,
            "at_2013_last_3y": null,
            "at_2014_last_3y": null,
            "at_2015_last_3y": null,
            "at_2016_last_3y": null,
            "at_2017_last_3y": null,
            "at_2018_last_3y": null,
            "at_2019_last_3y": null,
            "at_2020_last_3y": null,
            "at_2021_last_3y": null,
            "at_2022_last_3y": null,
            "at_2023_last_3y": null,
            "at_2024_last_3y": null,
            "at_2006_last_all": null,
            "at_2007_last_all": null,
            "at_2008_last_all": null,
            "at_2009_last_all": null,
            "at_2010_last_all": null,
            "at_2011_last_all": null,
            "at_2012_last_all": null,
            "at_2013_last_all": null,
            "at_2014_last_all": null,
            "at_2015_last_all": null,
            "at_2016_last_all": null,
            "at_2017_last_all": null,
            "at_2018_last_all": null,
            "at_2019_last_all": null,
            "at_2020_last_all": null,
            "at_2021_last_all": null,
            "at_2022_last_all": null,
            "at_2023_last_all": null,
            "at_2024_last_all": null
        },
        "latest_eps": -0.77,
        "latest_price": 87.5,
        "latest_roe": -7.38,
        "latest_gross_margin": 43.68,
        "latest_equity": 2566086,
        "latest_revenue": 158215,
        "latest_gross_profit": 69109,
        "latest_net_income": -60286,
        "latest_debt_ratio": 34.1,
        "latest_current_ratio": 595.67,
        "latest_account_receivable_turnover_ratio": 1,
        "latest_inventory_turnover_ratio": 0.07,
        "latest_reinvestment_rate": null,
        "latest_research_to_sale_ratio": 48.26
    },
    "eps_dividends": {
        "2001": {
            "cash": 0,
            "stock": 0,
            "eps": 0
        },
        "2002": {
            "cash": 0,
            "stock": 0,
            "eps": 0
        },
        "2003": {
            "cash": 0,
            "stock": 0,
            "eps": 0
        },
        "2004": {
            "cash": 0,
            "stock": 0,
            "eps": 0
        },
        "2005": {
            "cash": 0,
            "stock": 0,
            "eps": 0
        },
        "2006": {
            "cash": 0,
            "stock": 0,
            "eps": 0
        },
        "2007": {
            "cash": 0,
            "stock": 0,
            "eps": 0
        },
        "2008": {
            "cash": 0,
            "stock": 0,
            "eps": 0
        },
        "2009": {
            "cash": 0,
            "stock": 0,
            "eps": 0
        },
        "2010": {
            "cash": 0,
            "stock": 0,
            "eps": 0
        },
        "2011": {
            "cash": 0,
            "stock": 0,
            "eps": 0
        },
        "2012": {
            "cash": 0,
            "stock": 0,
            "eps": 0
        },
        "2013": {
            "cash": 0,
            "stock": 0,
            "eps": 0
        },
        "2014": {
            "cash": 0,
            "stock": 0,
            "eps": -0.24
        },
        "2015": {
            "cash": 0,
            "stock": 0,
            "eps": -2.11
        },
        "2016": {
            "cash": 0,
            "stock": 0,
            "eps": -1.14
        },
        "2017": {
            "cash": 0,
            "stock": 0,
            "eps": -2.1
        },
        "2018": {
            "cash": 0,
            "stock": 0,
            "eps": -1.28
        },
        "2019": {
            "cash": 0,
            "stock": 0,
            "eps": -2.29
        },
        "2020": {
            "cash": 0,
            "stock": 0,
            "eps": -0.72
        },
        "2021": {
            "cash": 0,
            "stock": 0,
            "eps": -1.86
        },
        "2022": {
            "cash": 0,
            "stock": 0,
            "eps": -1.06
        },
        "2023": {
            "cash": 0,
            "stock": 0,
            "eps": -0.77
        }
    },
    "dividends": [],
    "prices": {
        "200101": "無",
        "200102": "無",
        "200103": "無",
        "200104": "無",
        "200105": "無",
        "200106": "無",
        "200107": "無",
        "200108": "無",
        "200109": "無",
        "200110": "無",
        "200111": "無",
        "200112": "無",
        "200201": "無",
        "200202": "無",
        "200203": "無",
        "200204": "無",
        "200205": "無",
        "200206": "無",
        "200207": "無",
        "200208": "無",
        "200209": "無",
        "200210": "無",
        "200211": "無",
        "200212": "無",
        "200301": "無",
        "200302": "無",
        "200303": "無",
        "200304": "無",
        "200305": "無",
        "200306": "無",
        "200307": "無",
        "200308": "無",
        "200309": "無",
        "200310": "無",
        "200311": "無",
        "200312": "無",
        "200401": "無",
        "200402": "無",
        "200403": "無",
        "200404": "無",
        "200405": "無",
        "200406": "無",
        "200407": "無",
        "200408": "無",
        "200409": "無",
        "200410": "無",
        "200411": "無",
        "200412": "無",
        "200501": "無",
        "200502": "無",
        "200503": "無",
        "200504": "無",
        "200505": "無",
        "200506": "無",
        "200507": "無",
        "200508": "無",
        "200509": "無",
        "200510": "無",
        "200511": "無",
        "200512": "無",
        "200601": "無",
        "200602": "無",
        "200603": "無",
        "200604": "無",
        "200605": "無",
        "200606": "無",
        "200607": "無",
        "200608": "無",
        "200609": "無",
        "200610": "無",
        "200611": "無",
        "200612": "無",
        "200701": "無",
        "200702": "無",
        "200703": "無",
        "200704": "無",
        "200705": "無",
        "200706": "無",
        "200707": "無",
        "200708": "無",
        "200709": "無",
        "200710": "無",
        "200711": "無",
        "200712": "無",
        "200801": "無",
        "200802": "無",
        "200803": "無",
        "200804": "無",
        "200805": "無",
        "200806": "無",
        "200807": "無",
        "200808": "無",
        "200809": "無",
        "200810": "無",
        "200811": "無",
        "200812": "無",
        "200901": "無",
        "200902": "無",
        "200903": "無",
        "200904": "無",
        "200905": "無",
        "200906": "無",
        "200907": "無",
        "200908": "無",
        "200909": "無",
        "200910": "無",
        "200911": "無",
        "200912": "無",
        "201001": "無",
        "201002": "無",
        "201003": "無",
        "201004": "無",
        "201005": "無",
        "201006": "19.85",
        "201007": "25.07",
        "201008": "23.84",
        "201009": "24.20",
        "201010": "24.15",
        "201011": "24.00",
        "201012": "31.16",
        "201101": "31.14",
        "201102": "33.26",
        "201103": "32.27",
        "201104": "27.92",
        "201105": "27.37",
        "201106": "29.47",
        "201107": "31.12",
        "201108": "37.51",
        "201109": "41.77",
        "201110": "38.25",
        "201111": "37.17",
        "201112": "33.51",
        "201201": "38.63",
        "201202": "48.12",
        "201203": "62.55",
        "201204": "59.24",
        "201205": "52.37",
        "201206": "44.95",
        "201207": "45.21",
        "201208": "42.53",
        "201209": "45.62",
        "201210": "48.35",
        "201211": "41.93",
        "201212": "45.87",
        "201301": "55.19",
        "201302": "72.27",
        "201303": "71.88",
        "201304": "68.42",
        "201305": "71.49",
        "201306": "74.24",
        "201307": "76.97",
        "201308": "79.75",
        "201309": "81.76",
        "201310": "82.87",
        "201311": "78.80",
        "201312": "76.88",
        "201401": "72.03",
        "201402": "79.53",
        "201403": "85.95",
        "201404": "99.23",
        "201405": "159.50",
        "201406": "182.15",
        "201407": "163.56",
        "201408": "134.20",
        "201409": "145.60",
        "201410": "149.52",
        "201411": "138.06",
        "201412": "143.05",
        "201501": "146.21",
        "201502": "139.40",
        "201503": "141.25",
        "201504": "129.98",
        "201505": "111.67",
        "201506": "107.15",
        "201507": "107.99",
        "201508": "108.57",
        "201509": "126.87",
        "201510": "148.79",
        "201511": "195.75",
        "201512": "263.02",
        "201601": "231.79",
        "201602": "216.88",
        "201603": "209.35",
        "201604": "196.92",
        "201605": "223.60",
        "201606": "224.93",
        "201607": "219.32",
        "201608": "209.24",
        "201609": "210.87",
        "201610": "207.02",
        "201611": "180.43",
        "201612": "170.41",
        "201701": "162.72",
        "201702": "171.83",
        "201703": "187.95",
        "201704": "172.92",
        "201705": "177.82",
        "201706": "183.09",
        "201707": "194.60",
        "201708": "211.22",
        "201709": "207.93",
        "201710": "205.08",
        "201711": "200.27",
        "201712": "179.88",
        "201801": "196.75",
        "201802": "192.85",
        "201803": "235.33",
        "201804": "264.42",
        "201805": "321.80",
        "201806": "306.65",
        "201807": "270.75",
        "201808": "242.83",
        "201809": "194.37",
        "201810": "195.39",
        "201811": "156.36",
        "201812": "159.33",
        "201901": "171.05",
        "201902": "174.46",
        "201903": "174.85",
        "201904": "166.30",
        "201905": "142.23",
        "201906": "150.87",
        "201907": "164.20",
        "201908": "146.14",
        "201909": "149.58",
        "201910": "139.83",
        "201911": "134.10",
        "201912": "112.52",
        "202001": "94.11",
        "202002": "95.28",
        "202003": "71.30",
        "202004": "88.46",
        "202005": "93.36",
        "202006": "91.97",
        "202007": "90.37",
        "202008": "96.98",
        "202009": "102.53",
        "202010": "88.86",
        "202011": "87.33",
        "202012": "84.72",
        "202101": "77.75",
        "202102": "74.89",
        "202103": "77.63",
        "202104": "75.04",
        "202105": "68.37",
        "202106": "69.30",
        "202107": "63.81",
        "202108": "64.19",
        "202109": "66.58",
        "202110": "70.56",
        "202111": "67.74",
        "202112": "71.73",
        "202201": "67.79",
        "202202": "71.21",
        "202203": "63.83",
        "202204": "64.16",
        "202205": "61.07",
        "202206": "62.16",
        "202207": "56.94",
        "202208": "57.17",
        "202209": "66.95",
        "202210": "58.07",
        "202211": "61.23",
        "202212": "69.11",
        "202301": "67.07",
        "202302": "70.81",
        "202303": "81.07",
        "202304": "106.22",
        "202305": "115.50",
        "202306": "103.60",
        "202307": "97.88",
        "202308": "102.22",
        "202309": "94.16",
        "202310": "85.59",
        "202311": "83.79",
        "202312": "82.51",
        "202401": "86.74",
        "202402": "97.55",
        "202403": "94.10",
        "202404": "無"
    },
    "quarters": {
        "20011": {
            "year_quarter": 20011,
            "year": 2001,
            "quarter": 1,
            "eps": null,
            "eps_growth_year": null,
            "eps_4q": null,
            "eps_4q_growth_year": null,
            "roe": null,
            "roe_4q": 0,
            "gross_profit": null,
            "gross_margin": null,
            "gross_margin_4q_avg": 0,
            "net_income": null,
            "net_income_4q": null,
            "revenue": null,
            "revenue_4q": null,
            "common_shares": null,
            "book_valuer_per_share": null,
            "book_valuer_per_share_4q_avg": 0,
            "equity": null,
            "current_ratio": null,
            "debt_ratio": null,
            "inventory_turnover_ratio": null,
            "account_receivable_turnover_ratio": null,
            "reinvestment_rate": null,
            "research_to_sale_ratio": null,
            "price_fair": 0,
            "eps_avg_yearly": 0,
            "eps_latest_yearly": 0,
            "eps_growth_yearly": 0
        },
        "20012": {
            "year_quarter": 20012,
            "year": 2001,
            "quarter": 2,
            "eps": null,
            "eps_growth_year": null,
            "eps_4q": null,
            "eps_4q_growth_year": null,
            "roe": null,
            "roe_4q": 0,
            "gross_profit": null,
            "gross_margin": null,
            "gross_margin_4q_avg": 0,
            "net_income": null,
            "net_income_4q": null,
            "revenue": null,
            "revenue_4q": null,
            "common_shares": null,
            "book_valuer_per_share": null,
            "book_valuer_per_share_4q_avg": 0,
            "equity": null,
            "current_ratio": null,
            "debt_ratio": null,
            "inventory_turnover_ratio": null,
            "account_receivable_turnover_ratio": null,
            "reinvestment_rate": null,
            "research_to_sale_ratio": null,
            "price_fair": 0,
            "eps_avg_yearly": 0,
            "eps_latest_yearly": 0,
            "eps_growth_yearly": 0
        },
        "20013": {
            "year_quarter": 20013,
            "year": 2001,
            "quarter": 3,
            "eps": null,
            "eps_growth_year": null,
            "eps_4q": null,
            "eps_4q_growth_year": null,
            "roe": null,
            "roe_4q": 0,
            "gross_profit": null,
            "gross_margin": null,
            "gross_margin_4q_avg": 0,
            "net_income": null,
            "net_income_4q": null,
            "revenue": null,
            "revenue_4q": null,
            "common_shares": null,
            "book_valuer_per_share": null,
            "book_valuer_per_share_4q_avg": 0,
            "equity": null,
            "current_ratio": null,
            "debt_ratio": null,
            "inventory_turnover_ratio": null,
            "account_receivable_turnover_ratio": null,
            "reinvestment_rate": null,
            "research_to_sale_ratio": null,
            "price_fair": 0,
            "eps_avg_yearly": 0,
            "eps_latest_yearly": 0,
            "eps_growth_yearly": 0
        },
        "20014": {
            "year_quarter": 20014,
            "year": 2001,
            "quarter": 4,
            "eps": null,
            "eps_growth_year": null,
            "eps_4q": null,
            "eps_4q_growth_year": null,
            "roe": null,
            "roe_4q": 0,
            "gross_profit": null,
            "gross_margin": null,
            "gross_margin_4q_avg": 0,
            "net_income": null,
            "net_income_4q": null,
            "revenue": null,
            "revenue_4q": null,
            "common_shares": null,
            "book_valuer_per_share": null,
            "book_valuer_per_share_4q_avg": 0,
            "equity": null,
            "current_ratio": null,
            "debt_ratio": null,
            "inventory_turnover_ratio": null,
            "account_receivable_turnover_ratio": null,
            "reinvestment_rate": null,
            "research_to_sale_ratio": null,
            "price_fair": 0,
            "eps_avg_yearly": 0,
            "eps_latest_yearly": 0,
            "eps_growth_yearly": 0
        },
        "20021": {
            "year_quarter": 20021,
            "year": 2002,
            "quarter": 1,
            "eps": null,
            "eps_growth_year": null,
            "eps_4q": null,
            "eps_4q_growth_year": null,
            "roe": null,
            "roe_4q": 0,
            "gross_profit": null,
            "gross_margin": null,
            "gross_margin_4q_avg": 0,
            "net_income": null,
            "net_income_4q": null,
            "revenue": null,
            "revenue_4q": null,
            "common_shares": null,
            "book_valuer_per_share": null,
            "book_valuer_per_share_4q_avg": 0,
            "equity": null,
            "current_ratio": null,
            "debt_ratio": null,
            "inventory_turnover_ratio": null,
            "account_receivable_turnover_ratio": null,
            "reinvestment_rate": null,
            "research_to_sale_ratio": null,
            "price_fair": 0,
            "eps_avg_yearly": 0,
            "eps_latest_yearly": 0,
            "eps_growth_yearly": 0
        },
        "20022": {
            "year_quarter": 20022,
            "year": 2002,
            "quarter": 2,
            "eps": null,
            "eps_growth_year": null,
            "eps_4q": null,
            "eps_4q_growth_year": null,
            "roe": null,
            "roe_4q": 0,
            "gross_profit": null,
            "gross_margin": null,
            "gross_margin_4q_avg": 0,
            "net_income": null,
            "net_income_4q": null,
            "revenue": null,
            "revenue_4q": null,
            "common_shares": null,
            "book_valuer_per_share": null,
            "book_valuer_per_share_4q_avg": 0,
            "equity": null,
            "current_ratio": null,
            "debt_ratio": null,
            "inventory_turnover_ratio": null,
            "account_receivable_turnover_ratio": null,
            "reinvestment_rate": null,
            "research_to_sale_ratio": null,
            "price_fair": 0,
            "eps_avg_yearly": 0,
            "eps_latest_yearly": 0,
            "eps_growth_yearly": 0
        },
        "20023": {
            "year_quarter": 20023,
            "year": 2002,
            "quarter": 3,
            "eps": null,
            "eps_growth_year": null,
            "eps_4q": null,
            "eps_4q_growth_year": null,
            "roe": null,
            "roe_4q": 0,
            "gross_profit": null,
            "gross_margin": null,
            "gross_margin_4q_avg": 0,
            "net_income": null,
            "net_income_4q": null,
            "revenue": null,
            "revenue_4q": null,
            "common_shares": null,
            "book_valuer_per_share": null,
            "book_valuer_per_share_4q_avg": 0,
            "equity": null,
            "current_ratio": null,
            "debt_ratio": null,
            "inventory_turnover_ratio": null,
            "account_receivable_turnover_ratio": null,
            "reinvestment_rate": null,
            "research_to_sale_ratio": null,
            "price_fair": 0,
            "eps_avg_yearly": 0,
            "eps_latest_yearly": 0,
            "eps_growth_yearly": 0
        },
        "20024": {
            "year_quarter": 20024,
            "year": 2002,
            "quarter": 4,
            "eps": null,
            "eps_growth_year": null,
            "eps_4q": null,
            "eps_4q_growth_year": null,
            "roe": null,
            "roe_4q": 0,
            "gross_profit": null,
            "gross_margin": null,
            "gross_margin_4q_avg": 0,
            "net_income": null,
            "net_income_4q": null,
            "revenue": null,
            "revenue_4q": null,
            "common_shares": null,
            "book_valuer_per_share": null,
            "book_valuer_per_share_4q_avg": 0,
            "equity": null,
            "current_ratio": null,
            "debt_ratio": null,
            "inventory_turnover_ratio": null,
            "account_receivable_turnover_ratio": null,
            "reinvestment_rate": null,
            "research_to_sale_ratio": null,
            "price_fair": 0,
            "eps_avg_yearly": 0,
            "eps_latest_yearly": 0,
            "eps_growth_yearly": 0
        },
        "20031": {
            "year_quarter": 20031,
            "year": 2003,
            "quarter": 1,
            "eps": null,
            "eps_growth_year": null,
            "eps_4q": null,
            "eps_4q_growth_year": null,
            "roe": null,
            "roe_4q": 0,
            "gross_profit": null,
            "gross_margin": null,
            "gross_margin_4q_avg": 0,
            "net_income": null,
            "net_income_4q": null,
            "revenue": null,
            "revenue_4q": null,
            "common_shares": null,
            "book_valuer_per_share": null,
            "book_valuer_per_share_4q_avg": 0,
            "equity": null,
            "current_ratio": null,
            "debt_ratio": null,
            "inventory_turnover_ratio": null,
            "account_receivable_turnover_ratio": null,
            "reinvestment_rate": null,
            "research_to_sale_ratio": null,
            "price_fair": 0,
            "eps_avg_yearly": 0,
            "eps_latest_yearly": 0,
            "eps_growth_yearly": 0
        },
        "20032": {
            "year_quarter": 20032,
            "year": 2003,
            "quarter": 2,
            "eps": null,
            "eps_growth_year": null,
            "eps_4q": null,
            "eps_4q_growth_year": null,
            "roe": null,
            "roe_4q": 0,
            "gross_profit": null,
            "gross_margin": null,
            "gross_margin_4q_avg": 0,
            "net_income": null,
            "net_income_4q": null,
            "revenue": null,
            "revenue_4q": null,
            "common_shares": null,
            "book_valuer_per_share": null,
            "book_valuer_per_share_4q_avg": 0,
            "equity": null,
            "current_ratio": null,
            "debt_ratio": null,
            "inventory_turnover_ratio": null,
            "account_receivable_turnover_ratio": null,
            "reinvestment_rate": null,
            "research_to_sale_ratio": null,
            "price_fair": 0,
            "eps_avg_yearly": 0,
            "eps_latest_yearly": 0,
            "eps_growth_yearly": 0
        },
        "20033": {
            "year_quarter": 20033,
            "year": 2003,
            "quarter": 3,
            "eps": null,
            "eps_growth_year": null,
            "eps_4q": null,
            "eps_4q_growth_year": null,
            "roe": null,
            "roe_4q": 0,
            "gross_profit": null,
            "gross_margin": null,
            "gross_margin_4q_avg": 0,
            "net_income": null,
            "net_income_4q": null,
            "revenue": null,
            "revenue_4q": null,
            "common_shares": null,
            "book_valuer_per_share": null,
            "book_valuer_per_share_4q_avg": 0,
            "equity": null,
            "current_ratio": null,
            "debt_ratio": null,
            "inventory_turnover_ratio": null,
            "account_receivable_turnover_ratio": null,
            "reinvestment_rate": null,
            "research_to_sale_ratio": null,
            "price_fair": 0,
            "eps_avg_yearly": 0,
            "eps_latest_yearly": 0,
            "eps_growth_yearly": 0
        },
        "20034": {
            "year_quarter": 20034,
            "year": 2003,
            "quarter": 4,
            "eps": null,
            "eps_growth_year": null,
            "eps_4q": null,
            "eps_4q_growth_year": null,
            "roe": null,
            "roe_4q": 0,
            "gross_profit": null,
            "gross_margin": null,
            "gross_margin_4q_avg": 0,
            "net_income": null,
            "net_income_4q": null,
            "revenue": null,
            "revenue_4q": null,
            "common_shares": null,
            "book_valuer_per_share": null,
            "book_valuer_per_share_4q_avg": 0,
            "equity": null,
            "current_ratio": null,
            "debt_ratio": null,
            "inventory_turnover_ratio": null,
            "account_receivable_turnover_ratio": null,
            "reinvestment_rate": null,
            "research_to_sale_ratio": null,
            "price_fair": 0,
            "eps_avg_yearly": 0,
            "eps_latest_yearly": 0,
            "eps_growth_yearly": 0
        },
        "20041": {
            "year_quarter": 20041,
            "year": 2004,
            "quarter": 1,
            "eps": null,
            "eps_growth_year": null,
            "eps_4q": null,
            "eps_4q_growth_year": null,
            "roe": null,
            "roe_4q": 0,
            "gross_profit": null,
            "gross_margin": null,
            "gross_margin_4q_avg": 0,
            "net_income": null,
            "net_income_4q": null,
            "revenue": null,
            "revenue_4q": null,
            "common_shares": null,
            "book_valuer_per_share": null,
            "book_valuer_per_share_4q_avg": 0,
            "equity": null,
            "current_ratio": null,
            "debt_ratio": null,
            "inventory_turnover_ratio": null,
            "account_receivable_turnover_ratio": null,
            "reinvestment_rate": null,
            "research_to_sale_ratio": null,
            "price_fair": 0,
            "eps_avg_yearly": 0,
            "eps_latest_yearly": 0,
            "eps_growth_yearly": 0
        },
        "20042": {
            "year_quarter": 20042,
            "year": 2004,
            "quarter": 2,
            "eps": null,
            "eps_growth_year": null,
            "eps_4q": null,
            "eps_4q_growth_year": null,
            "roe": null,
            "roe_4q": 0,
            "gross_profit": null,
            "gross_margin": null,
            "gross_margin_4q_avg": 0,
            "net_income": null,
            "net_income_4q": null,
            "revenue": null,
            "revenue_4q": null,
            "common_shares": null,
            "book_valuer_per_share": null,
            "book_valuer_per_share_4q_avg": 0,
            "equity": null,
            "current_ratio": null,
            "debt_ratio": null,
            "inventory_turnover_ratio": null,
            "account_receivable_turnover_ratio": null,
            "reinvestment_rate": null,
            "research_to_sale_ratio": null,
            "price_fair": 0,
            "eps_avg_yearly": 0,
            "eps_latest_yearly": 0,
            "eps_growth_yearly": 0
        },
        "20043": {
            "year_quarter": 20043,
            "year": 2004,
            "quarter": 3,
            "eps": null,
            "eps_growth_year": null,
            "eps_4q": null,
            "eps_4q_growth_year": null,
            "roe": null,
            "roe_4q": 0,
            "gross_profit": null,
            "gross_margin": null,
            "gross_margin_4q_avg": 0,
            "net_income": null,
            "net_income_4q": null,
            "revenue": null,
            "revenue_4q": null,
            "common_shares": null,
            "book_valuer_per_share": null,
            "book_valuer_per_share_4q_avg": 0,
            "equity": null,
            "current_ratio": null,
            "debt_ratio": null,
            "inventory_turnover_ratio": null,
            "account_receivable_turnover_ratio": null,
            "reinvestment_rate": null,
            "research_to_sale_ratio": null,
            "price_fair": 0,
            "eps_avg_yearly": 0,
            "eps_latest_yearly": 0,
            "eps_growth_yearly": 0
        },
        "20044": {
            "year_quarter": 20044,
            "year": 2004,
            "quarter": 4,
            "eps": null,
            "eps_growth_year": null,
            "eps_4q": null,
            "eps_4q_growth_year": null,
            "roe": null,
            "roe_4q": 0,
            "gross_profit": null,
            "gross_margin": null,
            "gross_margin_4q_avg": 0,
            "net_income": null,
            "net_income_4q": null,
            "revenue": null,
            "revenue_4q": null,
            "common_shares": null,
            "book_valuer_per_share": null,
            "book_valuer_per_share_4q_avg": 0,
            "equity": null,
            "current_ratio": null,
            "debt_ratio": null,
            "inventory_turnover_ratio": null,
            "account_receivable_turnover_ratio": null,
            "reinvestment_rate": null,
            "research_to_sale_ratio": null,
            "price_fair": 0,
            "eps_avg_yearly": 0,
            "eps_latest_yearly": 0,
            "eps_growth_yearly": 0
        },
        "20051": {
            "year_quarter": 20051,
            "year": 2005,
            "quarter": 1,
            "eps": null,
            "eps_growth_year": null,
            "eps_4q": null,
            "eps_4q_growth_year": null,
            "roe": null,
            "roe_4q": 0,
            "gross_profit": null,
            "gross_margin": null,
            "gross_margin_4q_avg": 0,
            "net_income": null,
            "net_income_4q": null,
            "revenue": null,
            "revenue_4q": null,
            "common_shares": null,
            "book_valuer_per_share": null,
            "book_valuer_per_share_4q_avg": 0,
            "equity": null,
            "current_ratio": null,
            "debt_ratio": null,
            "inventory_turnover_ratio": null,
            "account_receivable_turnover_ratio": null,
            "reinvestment_rate": null,
            "research_to_sale_ratio": null,
            "price_fair": 0,
            "eps_avg_yearly": 0,
            "eps_latest_yearly": 0,
            "eps_growth_yearly": 0
        },
        "20052": {
            "year_quarter": 20052,
            "year": 2005,
            "quarter": 2,
            "eps": null,
            "eps_growth_year": null,
            "eps_4q": null,
            "eps_4q_growth_year": null,
            "roe": null,
            "roe_4q": 0,
            "gross_profit": null,
            "gross_margin": null,
            "gross_margin_4q_avg": 0,
            "net_income": null,
            "net_income_4q": null,
            "revenue": null,
            "revenue_4q": null,
            "common_shares": null,
            "book_valuer_per_share": null,
            "book_valuer_per_share_4q_avg": 0,
            "equity": null,
            "current_ratio": null,
            "debt_ratio": null,
            "inventory_turnover_ratio": null,
            "account_receivable_turnover_ratio": null,
            "reinvestment_rate": null,
            "research_to_sale_ratio": null,
            "price_fair": 0,
            "eps_avg_yearly": 0,
            "eps_latest_yearly": 0,
            "eps_growth_yearly": 0
        },
        "20053": {
            "year_quarter": 20053,
            "year": 2005,
            "quarter": 3,
            "eps": null,
            "eps_growth_year": null,
            "eps_4q": null,
            "eps_4q_growth_year": null,
            "roe": null,
            "roe_4q": 0,
            "gross_profit": null,
            "gross_margin": null,
            "gross_margin_4q_avg": 0,
            "net_income": null,
            "net_income_4q": null,
            "revenue": null,
            "revenue_4q": null,
            "common_shares": null,
            "book_valuer_per_share": null,
            "book_valuer_per_share_4q_avg": 0,
            "equity": null,
            "current_ratio": null,
            "debt_ratio": null,
            "inventory_turnover_ratio": null,
            "account_receivable_turnover_ratio": null,
            "reinvestment_rate": null,
            "research_to_sale_ratio": null,
            "price_fair": 0,
            "eps_avg_yearly": 0,
            "eps_latest_yearly": 0,
            "eps_growth_yearly": 0
        },
        "20054": {
            "year_quarter": 20054,
            "year": 2005,
            "quarter": 4,
            "eps": null,
            "eps_growth_year": null,
            "eps_4q": null,
            "eps_4q_growth_year": null,
            "roe": null,
            "roe_4q": 0,
            "gross_profit": null,
            "gross_margin": null,
            "gross_margin_4q_avg": 0,
            "net_income": null,
            "net_income_4q": null,
            "revenue": null,
            "revenue_4q": null,
            "common_shares": null,
            "book_valuer_per_share": null,
            "book_valuer_per_share_4q_avg": 0,
            "equity": null,
            "current_ratio": null,
            "debt_ratio": null,
            "inventory_turnover_ratio": null,
            "account_receivable_turnover_ratio": null,
            "reinvestment_rate": null,
            "research_to_sale_ratio": null,
            "price_fair": 0,
            "eps_avg_yearly": 0,
            "eps_latest_yearly": 0,
            "eps_growth_yearly": 0
        },
        "20061": {
            "year_quarter": 20061,
            "year": 2006,
            "quarter": 1,
            "eps": null,
            "eps_growth_year": null,
            "eps_4q": null,
            "eps_4q_growth_year": null,
            "roe": null,
            "roe_4q": 0,
            "gross_profit": null,
            "gross_margin": null,
            "gross_margin_4q_avg": 0,
            "net_income": null,
            "net_income_4q": null,
            "revenue": null,
            "revenue_4q": null,
            "common_shares": null,
            "book_valuer_per_share": null,
            "book_valuer_per_share_4q_avg": 0,
            "equity": null,
            "current_ratio": null,
            "debt_ratio": null,
            "inventory_turnover_ratio": null,
            "account_receivable_turnover_ratio": null,
            "reinvestment_rate": null,
            "research_to_sale_ratio": null,
            "price_fair": 0,
            "eps_avg_yearly": 0,
            "eps_latest_yearly": 0,
            "eps_growth_yearly": 0
        },
        "20062": {
            "year_quarter": 20062,
            "year": 2006,
            "quarter": 2,
            "eps": null,
            "eps_growth_year": null,
            "eps_4q": null,
            "eps_4q_growth_year": null,
            "roe": null,
            "roe_4q": 0,
            "gross_profit": null,
            "gross_margin": null,
            "gross_margin_4q_avg": 0,
            "net_income": null,
            "net_income_4q": null,
            "revenue": null,
            "revenue_4q": null,
            "common_shares": null,
            "book_valuer_per_share": null,
            "book_valuer_per_share_4q_avg": 0,
            "equity": null,
            "current_ratio": null,
            "debt_ratio": null,
            "inventory_turnover_ratio": null,
            "account_receivable_turnover_ratio": null,
            "reinvestment_rate": null,
            "research_to_sale_ratio": null,
            "price_fair": 0,
            "eps_avg_yearly": 0,
            "eps_latest_yearly": 0,
            "eps_growth_yearly": 0
        },
        "20063": {
            "year_quarter": 20063,
            "year": 2006,
            "quarter": 3,
            "eps": null,
            "eps_growth_year": null,
            "eps_4q": null,
            "eps_4q_growth_year": null,
            "roe": null,
            "roe_4q": 0,
            "gross_profit": null,
            "gross_margin": null,
            "gross_margin_4q_avg": 0,
            "net_income": null,
            "net_income_4q": null,
            "revenue": null,
            "revenue_4q": null,
            "common_shares": null,
            "book_valuer_per_share": null,
            "book_valuer_per_share_4q_avg": 0,
            "equity": null,
            "current_ratio": null,
            "debt_ratio": null,
            "inventory_turnover_ratio": null,
            "account_receivable_turnover_ratio": null,
            "reinvestment_rate": null,
            "research_to_sale_ratio": null,
            "price_fair": 0,
            "eps_avg_yearly": 0,
            "eps_latest_yearly": 0,
            "eps_growth_yearly": 0
        },
        "20064": {
            "year_quarter": 20064,
            "year": 2006,
            "quarter": 4,
            "eps": null,
            "eps_growth_year": null,
            "eps_4q": null,
            "eps_4q_growth_year": null,
            "roe": null,
            "roe_4q": 0,
            "gross_profit": null,
            "gross_margin": null,
            "gross_margin_4q_avg": 0,
            "net_income": null,
            "net_income_4q": null,
            "revenue": null,
            "revenue_4q": null,
            "common_shares": null,
            "book_valuer_per_share": null,
            "book_valuer_per_share_4q_avg": 0,
            "equity": null,
            "current_ratio": null,
            "debt_ratio": null,
            "inventory_turnover_ratio": null,
            "account_receivable_turnover_ratio": null,
            "reinvestment_rate": null,
            "research_to_sale_ratio": null,
            "price_fair": 0,
            "eps_avg_yearly": 0,
            "eps_latest_yearly": 0,
            "eps_growth_yearly": 0
        },
        "20071": {
            "year_quarter": 20071,
            "year": 2007,
            "quarter": 1,
            "eps": null,
            "eps_growth_year": null,
            "eps_4q": null,
            "eps_4q_growth_year": null,
            "roe": null,
            "roe_4q": 0,
            "gross_profit": null,
            "gross_margin": null,
            "gross_margin_4q_avg": 0,
            "net_income": null,
            "net_income_4q": null,
            "revenue": null,
            "revenue_4q": null,
            "common_shares": null,
            "book_valuer_per_share": null,
            "book_valuer_per_share_4q_avg": 0,
            "equity": null,
            "current_ratio": null,
            "debt_ratio": null,
            "inventory_turnover_ratio": null,
            "account_receivable_turnover_ratio": null,
            "reinvestment_rate": null,
            "research_to_sale_ratio": null,
            "price_fair": 0,
            "eps_avg_yearly": 0,
            "eps_latest_yearly": 0,
            "eps_growth_yearly": 0
        },
        "20072": {
            "year_quarter": 20072,
            "year": 2007,
            "quarter": 2,
            "eps": null,
            "eps_growth_year": null,
            "eps_4q": null,
            "eps_4q_growth_year": null,
            "roe": null,
            "roe_4q": 0,
            "gross_profit": null,
            "gross_margin": null,
            "gross_margin_4q_avg": 0,
            "net_income": null,
            "net_income_4q": null,
            "revenue": null,
            "revenue_4q": null,
            "common_shares": null,
            "book_valuer_per_share": null,
            "book_valuer_per_share_4q_avg": 0,
            "equity": null,
            "current_ratio": null,
            "debt_ratio": null,
            "inventory_turnover_ratio": null,
            "account_receivable_turnover_ratio": null,
            "reinvestment_rate": null,
            "research_to_sale_ratio": null,
            "price_fair": 0,
            "eps_avg_yearly": 0,
            "eps_latest_yearly": 0,
            "eps_growth_yearly": 0
        },
        "20073": {
            "year_quarter": 20073,
            "year": 2007,
            "quarter": 3,
            "eps": null,
            "eps_growth_year": null,
            "eps_4q": null,
            "eps_4q_growth_year": null,
            "roe": null,
            "roe_4q": 0,
            "gross_profit": null,
            "gross_margin": null,
            "gross_margin_4q_avg": 0,
            "net_income": null,
            "net_income_4q": null,
            "revenue": null,
            "revenue_4q": null,
            "common_shares": null,
            "book_valuer_per_share": null,
            "book_valuer_per_share_4q_avg": 0,
            "equity": null,
            "current_ratio": null,
            "debt_ratio": null,
            "inventory_turnover_ratio": null,
            "account_receivable_turnover_ratio": null,
            "reinvestment_rate": null,
            "research_to_sale_ratio": null,
            "price_fair": 0,
            "eps_avg_yearly": 0,
            "eps_latest_yearly": 0,
            "eps_growth_yearly": 0
        },
        "20074": {
            "year_quarter": 20074,
            "year": 2007,
            "quarter": 4,
            "eps": null,
            "eps_growth_year": null,
            "eps_4q": null,
            "eps_4q_growth_year": null,
            "roe": null,
            "roe_4q": 0,
            "gross_profit": null,
            "gross_margin": null,
            "gross_margin_4q_avg": 0,
            "net_income": null,
            "net_income_4q": null,
            "revenue": null,
            "revenue_4q": null,
            "common_shares": 660000,
            "book_valuer_per_share": 9.34,
            "book_valuer_per_share_4q_avg": 2.34,
            "equity": 616347,
            "current_ratio": 231.91,
            "debt_ratio": 23.1,
            "inventory_turnover_ratio": null,
            "account_receivable_turnover_ratio": null,
            "reinvestment_rate": null,
            "research_to_sale_ratio": null,
            "price_fair": 0,
            "eps_avg_yearly": 0,
            "eps_latest_yearly": 0,
            "eps_growth_yearly": 0
        },
        "20081": {
            "year_quarter": 20081,
            "year": 2008,
            "quarter": 1,
            "eps": null,
            "eps_growth_year": null,
            "eps_4q": null,
            "eps_4q_growth_year": null,
            "roe": null,
            "roe_4q": 0,
            "gross_profit": null,
            "gross_margin": null,
            "gross_margin_4q_avg": 0,
            "net_income": null,
            "net_income_4q": null,
            "revenue": null,
            "revenue_4q": null,
            "common_shares": null,
            "book_valuer_per_share": null,
            "book_valuer_per_share_4q_avg": 2.34,
            "equity": null,
            "current_ratio": null,
            "debt_ratio": null,
            "inventory_turnover_ratio": null,
            "account_receivable_turnover_ratio": null,
            "reinvestment_rate": null,
            "research_to_sale_ratio": null,
            "price_fair": 0,
            "eps_avg_yearly": 0,
            "eps_latest_yearly": 0,
            "eps_growth_yearly": 0
        },
        "20082": {
            "year_quarter": 20082,
            "year": 2008,
            "quarter": 2,
            "eps": null,
            "eps_growth_year": null,
            "eps_4q": null,
            "eps_4q_growth_year": null,
            "roe": null,
            "roe_4q": 0,
            "gross_profit": null,
            "gross_margin": null,
            "gross_margin_4q_avg": 0,
            "net_income": null,
            "net_income_4q": null,
            "revenue": null,
            "revenue_4q": null,
            "common_shares": null,
            "book_valuer_per_share": null,
            "book_valuer_per_share_4q_avg": 2.34,
            "equity": null,
            "current_ratio": null,
            "debt_ratio": null,
            "inventory_turnover_ratio": null,
            "account_receivable_turnover_ratio": null,
            "reinvestment_rate": null,
            "research_to_sale_ratio": null,
            "price_fair": 0,
            "eps_avg_yearly": 0,
            "eps_latest_yearly": 0,
            "eps_growth_yearly": 0
        },
        "20083": {
            "year_quarter": 20083,
            "year": 2008,
            "quarter": 3,
            "eps": null,
            "eps_growth_year": null,
            "eps_4q": null,
            "eps_4q_growth_year": null,
            "roe": null,
            "roe_4q": 0,
            "gross_profit": null,
            "gross_margin": null,
            "gross_margin_4q_avg": 0,
            "net_income": null,
            "net_income_4q": null,
            "revenue": null,
            "revenue_4q": null,
            "common_shares": null,
            "book_valuer_per_share": null,
            "book_valuer_per_share_4q_avg": 2.34,
            "equity": null,
            "current_ratio": null,
            "debt_ratio": null,
            "inventory_turnover_ratio": null,
            "account_receivable_turnover_ratio": null,
            "reinvestment_rate": null,
            "research_to_sale_ratio": null,
            "price_fair": 0,
            "eps_avg_yearly": 0,
            "eps_latest_yearly": 0,
            "eps_growth_yearly": 0
        },
        "20084": {
            "year_quarter": 20084,
            "year": 2008,
            "quarter": 4,
            "eps": null,
            "eps_growth_year": null,
            "eps_4q": null,
            "eps_4q_growth_year": null,
            "roe": null,
            "roe_4q": 0,
            "gross_profit": null,
            "gross_margin": null,
            "gross_margin_4q_avg": 0,
            "net_income": null,
            "net_income_4q": null,
            "revenue": null,
            "revenue_4q": null,
            "common_shares": 970000,
            "book_valuer_per_share": 5.66,
            "book_valuer_per_share_4q_avg": 1.42,
            "equity": 548761,
            "current_ratio": 243.04,
            "debt_ratio": 25.57,
            "inventory_turnover_ratio": null,
            "account_receivable_turnover_ratio": null,
            "reinvestment_rate": null,
            "research_to_sale_ratio": null,
            "price_fair": 0,
            "eps_avg_yearly": 0,
            "eps_latest_yearly": 0,
            "eps_growth_yearly": 0
        },
        "20091": {
            "year_quarter": 20091,
            "year": 2009,
            "quarter": 1,
            "eps": null,
            "eps_growth_year": null,
            "eps_4q": null,
            "eps_4q_growth_year": null,
            "roe": null,
            "roe_4q": 0,
            "gross_profit": null,
            "gross_margin": null,
            "gross_margin_4q_avg": 0,
            "net_income": null,
            "net_income_4q": null,
            "revenue": null,
            "revenue_4q": null,
            "common_shares": null,
            "book_valuer_per_share": null,
            "book_valuer_per_share_4q_avg": 1.42,
            "equity": null,
            "current_ratio": null,
            "debt_ratio": null,
            "inventory_turnover_ratio": null,
            "account_receivable_turnover_ratio": null,
            "reinvestment_rate": null,
            "research_to_sale_ratio": null,
            "price_fair": 0,
            "eps_avg_yearly": 0,
            "eps_latest_yearly": 0,
            "eps_growth_yearly": 0
        },
        "20092": {
            "year_quarter": 20092,
            "year": 2009,
            "quarter": 2,
            "eps": null,
            "eps_growth_year": null,
            "eps_4q": null,
            "eps_4q_growth_year": null,
            "roe": null,
            "roe_4q": 0,
            "gross_profit": null,
            "gross_margin": null,
            "gross_margin_4q_avg": 0,
            "net_income": null,
            "net_income_4q": null,
            "revenue": null,
            "revenue_4q": null,
            "common_shares": 971500,
            "book_valuer_per_share": null,
            "book_valuer_per_share_4q_avg": 1.42,
            "equity": 430025,
            "current_ratio": null,
            "debt_ratio": null,
            "inventory_turnover_ratio": null,
            "account_receivable_turnover_ratio": null,
            "reinvestment_rate": null,
            "research_to_sale_ratio": null,
            "price_fair": 0,
            "eps_avg_yearly": 0,
            "eps_latest_yearly": 0,
            "eps_growth_yearly": 0
        },
        "20093": {
            "year_quarter": 20093,
            "year": 2009,
            "quarter": 3,
            "eps": null,
            "eps_growth_year": null,
            "eps_4q": null,
            "eps_4q_growth_year": null,
            "roe": null,
            "roe_4q": 0,
            "gross_profit": null,
            "gross_margin": null,
            "gross_margin_4q_avg": 0,
            "net_income": null,
            "net_income_4q": null,
            "revenue": null,
            "revenue_4q": null,
            "common_shares": null,
            "book_valuer_per_share": null,
            "book_valuer_per_share_4q_avg": 1.42,
            "equity": null,
            "current_ratio": null,
            "debt_ratio": null,
            "inventory_turnover_ratio": null,
            "account_receivable_turnover_ratio": null,
            "reinvestment_rate": null,
            "research_to_sale_ratio": null,
            "price_fair": 0,
            "eps_avg_yearly": 0,
            "eps_latest_yearly": 0,
            "eps_growth_yearly": 0
        },
        "20094": {
            "year_quarter": 20094,
            "year": 2009,
            "quarter": 4,
            "eps": null,
            "eps_growth_year": null,
            "eps_4q": null,
            "eps_4q_growth_year": null,
            "roe": null,
            "roe_4q": 0,
            "gross_profit": null,
            "gross_margin": null,
            "gross_margin_4q_avg": 0,
            "net_income": null,
            "net_income_4q": null,
            "revenue": null,
            "revenue_4q": null,
            "common_shares": 1240600,
            "book_valuer_per_share": 4.82,
            "book_valuer_per_share_4q_avg": 1.21,
            "equity": 598138,
            "current_ratio": 1576.31,
            "debt_ratio": 3.09,
            "inventory_turnover_ratio": null,
            "account_receivable_turnover_ratio": null,
            "reinvestment_rate": null,
            "research_to_sale_ratio": null,
            "price_fair": 0,
            "eps_avg_yearly": 0,
            "eps_latest_yearly": 0,
            "eps_growth_yearly": 0
        },
        "20101": {
            "year_quarter": 20101,
            "year": 2010,
            "quarter": 1,
            "eps": null,
            "eps_growth_year": null,
            "eps_4q": null,
            "eps_4q_growth_year": null,
            "roe": null,
            "roe_4q": 0,
            "gross_profit": null,
            "gross_margin": null,
            "gross_margin_4q_avg": 0,
            "net_income": null,
            "net_income_4q": null,
            "revenue": null,
            "revenue_4q": null,
            "common_shares": null,
            "book_valuer_per_share": null,
            "book_valuer_per_share_4q_avg": 1.21,
            "equity": null,
            "current_ratio": null,
            "debt_ratio": null,
            "inventory_turnover_ratio": null,
            "account_receivable_turnover_ratio": null,
            "reinvestment_rate": null,
            "research_to_sale_ratio": null,
            "price_fair": 0,
            "eps_avg_yearly": 0,
            "eps_latest_yearly": 0,
            "eps_growth_yearly": 0
        },
        "20102": {
            "year_quarter": 20102,
            "year": 2010,
            "quarter": 2,
            "eps": null,
            "eps_growth_year": null,
            "eps_4q": null,
            "eps_4q_growth_year": null,
            "roe": null,
            "roe_4q": 0,
            "gross_profit": null,
            "gross_margin": null,
            "gross_margin_4q_avg": 0,
            "net_income": null,
            "net_income_4q": null,
            "revenue": null,
            "revenue_4q": null,
            "common_shares": 1930600,
            "book_valuer_per_share": 6.08,
            "book_valuer_per_share_4q_avg": 2.73,
            "equity": 1173721,
            "current_ratio": 9601.22,
            "debt_ratio": 0.79,
            "inventory_turnover_ratio": null,
            "account_receivable_turnover_ratio": null,
            "reinvestment_rate": null,
            "research_to_sale_ratio": null,
            "price_fair": 0,
            "eps_avg_yearly": 0,
            "eps_latest_yearly": 0,
            "eps_growth_yearly": 0
        },
        "20103": {
            "year_quarter": 20103,
            "year": 2010,
            "quarter": 3,
            "eps": null,
            "eps_growth_year": null,
            "eps_4q": null,
            "eps_4q_growth_year": null,
            "roe": null,
            "roe_4q": 0,
            "gross_profit": null,
            "gross_margin": null,
            "gross_margin_4q_avg": 0,
            "net_income": null,
            "net_income_4q": null,
            "revenue": null,
            "revenue_4q": null,
            "common_shares": null,
            "book_valuer_per_share": null,
            "book_valuer_per_share_4q_avg": 2.73,
            "equity": null,
            "current_ratio": null,
            "debt_ratio": null,
            "inventory_turnover_ratio": null,
            "account_receivable_turnover_ratio": null,
            "reinvestment_rate": null,
            "research_to_sale_ratio": null,
            "price_fair": 0,
            "eps_avg_yearly": 0,
            "eps_latest_yearly": 0,
            "eps_growth_yearly": 0
        },
        "20104": {
            "year_quarter": 20104,
            "year": 2010,
            "quarter": 4,
            "eps": null,
            "eps_growth_year": null,
            "eps_4q": null,
            "eps_4q_growth_year": null,
            "roe": null,
            "roe_4q": 0,
            "gross_profit": null,
            "gross_margin": null,
            "gross_margin_4q_avg": 0,
            "net_income": null,
            "net_income_4q": null,
            "revenue": null,
            "revenue_4q": null,
            "common_shares": 1930600,
            "book_valuer_per_share": 5.39,
            "book_valuer_per_share_4q_avg": 2.87,
            "equity": 1041148,
            "current_ratio": 4789.18,
            "debt_ratio": 1.6,
            "inventory_turnover_ratio": null,
            "account_receivable_turnover_ratio": null,
            "reinvestment_rate": null,
            "research_to_sale_ratio": null,
            "price_fair": 0,
            "eps_avg_yearly": 0,
            "eps_latest_yearly": 0,
            "eps_growth_yearly": 0
        },
        "20111": {
            "year_quarter": 20111,
            "year": 2011,
            "quarter": 1,
            "eps": null,
            "eps_growth_year": null,
            "eps_4q": null,
            "eps_4q_growth_year": null,
            "roe": null,
            "roe_4q": 0,
            "gross_profit": null,
            "gross_margin": null,
            "gross_margin_4q_avg": 0,
            "net_income": null,
            "net_income_4q": null,
            "revenue": null,
            "revenue_4q": null,
            "common_shares": null,
            "book_valuer_per_share": null,
            "book_valuer_per_share_4q_avg": 2.87,
            "equity": null,
            "current_ratio": null,
            "debt_ratio": null,
            "inventory_turnover_ratio": null,
            "account_receivable_turnover_ratio": null,
            "reinvestment_rate": null,
            "research_to_sale_ratio": null,
            "price_fair": 0,
            "eps_avg_yearly": 0,
            "eps_latest_yearly": 0,
            "eps_growth_yearly": 0
        },
        "20112": {
            "year_quarter": 20112,
            "year": 2011,
            "quarter": 2,
            "eps": null,
            "eps_growth_year": null,
            "eps_4q": null,
            "eps_4q_growth_year": null,
            "roe": null,
            "roe_4q": 0,
            "gross_profit": null,
            "gross_margin": null,
            "gross_margin_4q_avg": 0,
            "net_income": null,
            "net_income_4q": null,
            "revenue": null,
            "revenue_4q": null,
            "common_shares": 1930600,
            "book_valuer_per_share": 4.82,
            "book_valuer_per_share_4q_avg": 2.55,
            "equity": 930444,
            "current_ratio": 4232.03,
            "debt_ratio": 1.81,
            "inventory_turnover_ratio": null,
            "account_receivable_turnover_ratio": null,
            "reinvestment_rate": null,
            "research_to_sale_ratio": null,
            "price_fair": 0,
            "eps_avg_yearly": 0,
            "eps_latest_yearly": 0,
            "eps_growth_yearly": 0
        },
        "20113": {
            "year_quarter": 20113,
            "year": 2011,
            "quarter": 3,
            "eps": null,
            "eps_growth_year": null,
            "eps_4q": null,
            "eps_4q_growth_year": null,
            "roe": null,
            "roe_4q": 0,
            "gross_profit": null,
            "gross_margin": null,
            "gross_margin_4q_avg": 0,
            "net_income": null,
            "net_income_4q": null,
            "revenue": null,
            "revenue_4q": null,
            "common_shares": null,
            "book_valuer_per_share": null,
            "book_valuer_per_share_4q_avg": 2.55,
            "equity": null,
            "current_ratio": null,
            "debt_ratio": null,
            "inventory_turnover_ratio": null,
            "account_receivable_turnover_ratio": null,
            "reinvestment_rate": null,
            "research_to_sale_ratio": null,
            "price_fair": 0,
            "eps_avg_yearly": 0,
            "eps_latest_yearly": 0,
            "eps_growth_yearly": 0
        },
        "20114": {
            "year_quarter": 20114,
            "year": 2011,
            "quarter": 4,
            "eps": null,
            "eps_growth_year": null,
            "eps_4q": null,
            "eps_4q_growth_year": null,
            "roe": null,
            "roe_4q": 0,
            "gross_profit": null,
            "gross_margin": null,
            "gross_margin_4q_avg": 0,
            "net_income": null,
            "net_income_4q": null,
            "revenue": null,
            "revenue_4q": null,
            "common_shares": 1930600,
            "book_valuer_per_share": 4.35,
            "book_valuer_per_share_4q_avg": 2.29,
            "equity": 839242,
            "current_ratio": 4392.16,
            "debt_ratio": 1.77,
            "inventory_turnover_ratio": null,
            "account_receivable_turnover_ratio": null,
            "reinvestment_rate": null,
            "research_to_sale_ratio": null,
            "price_fair": 0,
            "eps_avg_yearly": 0,
            "eps_latest_yearly": 0,
            "eps_growth_yearly": 0
        },
        "20121": {
            "year_quarter": 20121,
            "year": 2012,
            "quarter": 1,
            "eps": null,
            "eps_growth_year": null,
            "eps_4q": null,
            "eps_4q_growth_year": null,
            "roe": null,
            "roe_4q": 0,
            "gross_profit": null,
            "gross_margin": null,
            "gross_margin_4q_avg": 0,
            "net_income": null,
            "net_income_4q": null,
            "revenue": null,
            "revenue_4q": null,
            "common_shares": null,
            "book_valuer_per_share": null,
            "book_valuer_per_share_4q_avg": 2.29,
            "equity": null,
            "current_ratio": null,
            "debt_ratio": null,
            "inventory_turnover_ratio": null,
            "account_receivable_turnover_ratio": null,
            "reinvestment_rate": null,
            "research_to_sale_ratio": null,
            "price_fair": 0,
            "eps_avg_yearly": 0,
            "eps_latest_yearly": 0,
            "eps_growth_yearly": 0
        },
        "20122": {
            "year_quarter": 20122,
            "year": 2012,
            "quarter": 2,
            "eps": null,
            "eps_growth_year": null,
            "eps_4q": null,
            "eps_4q_growth_year": null,
            "roe": null,
            "roe_4q": 0,
            "gross_profit": null,
            "gross_margin": null,
            "gross_margin_4q_avg": 0,
            "net_income": null,
            "net_income_4q": null,
            "revenue": null,
            "revenue_4q": null,
            "common_shares": 1931250,
            "book_valuer_per_share": 3.98,
            "book_valuer_per_share_4q_avg": 2.08,
            "equity": 769145,
            "current_ratio": 11181.88,
            "debt_ratio": 0.71,
            "inventory_turnover_ratio": null,
            "account_receivable_turnover_ratio": null,
            "reinvestment_rate": null,
            "research_to_sale_ratio": null,
            "price_fair": 0,
            "eps_avg_yearly": 0,
            "eps_latest_yearly": 0,
            "eps_growth_yearly": 0
        },
        "20123": {
            "year_quarter": 20123,
            "year": 2012,
            "quarter": 3,
            "eps": null,
            "eps_growth_year": null,
            "eps_4q": null,
            "eps_4q_growth_year": null,
            "roe": null,
            "roe_4q": 0,
            "gross_profit": null,
            "gross_margin": null,
            "gross_margin_4q_avg": 0,
            "net_income": null,
            "net_income_4q": null,
            "revenue": null,
            "revenue_4q": null,
            "common_shares": null,
            "book_valuer_per_share": null,
            "book_valuer_per_share_4q_avg": 2.08,
            "equity": null,
            "current_ratio": null,
            "debt_ratio": null,
            "inventory_turnover_ratio": null,
            "account_receivable_turnover_ratio": null,
            "reinvestment_rate": null,
            "research_to_sale_ratio": null,
            "price_fair": 0,
            "eps_avg_yearly": 0,
            "eps_latest_yearly": 0,
            "eps_growth_yearly": 0
        },
        "20124": {
            "year_quarter": 20124,
            "year": 2012,
            "quarter": 4,
            "eps": null,
            "eps_growth_year": null,
            "eps_4q": null,
            "eps_4q_growth_year": null,
            "roe": null,
            "roe_4q": 0,
            "gross_profit": null,
            "gross_margin": null,
            "gross_margin_4q_avg": 0,
            "net_income": null,
            "net_income_4q": null,
            "revenue": null,
            "revenue_4q": null,
            "common_shares": 1937650,
            "book_valuer_per_share": 3.33,
            "book_valuer_per_share_4q_avg": 1.83,
            "equity": 645213,
            "current_ratio": 3768.73,
            "debt_ratio": 2.16,
            "inventory_turnover_ratio": null,
            "account_receivable_turnover_ratio": null,
            "reinvestment_rate": null,
            "research_to_sale_ratio": null,
            "price_fair": 0,
            "eps_avg_yearly": 0,
            "eps_latest_yearly": 0,
            "eps_growth_yearly": 0
        },
        "20131": {
            "year_quarter": 20131,
            "year": 2013,
            "quarter": 1,
            "eps": null,
            "eps_growth_year": null,
            "eps_4q": null,
            "eps_4q_growth_year": null,
            "roe": null,
            "roe_4q": 0,
            "gross_profit": null,
            "gross_margin": null,
            "gross_margin_4q_avg": 0,
            "net_income": null,
            "net_income_4q": null,
            "revenue": null,
            "revenue_4q": null,
            "common_shares": null,
            "book_valuer_per_share": null,
            "book_valuer_per_share_4q_avg": 1.83,
            "equity": null,
            "current_ratio": null,
            "debt_ratio": null,
            "inventory_turnover_ratio": null,
            "account_receivable_turnover_ratio": null,
            "reinvestment_rate": null,
            "research_to_sale_ratio": null,
            "price_fair": 0,
            "eps_avg_yearly": 0,
            "eps_latest_yearly": 0,
            "eps_growth_yearly": 0
        },
        "20132": {
            "year_quarter": 20132,
            "year": 2013,
            "quarter": 2,
            "eps": null,
            "eps_growth_year": null,
            "eps_4q": null,
            "eps_4q_growth_year": null,
            "roe": null,
            "roe_4q": 0,
            "gross_profit": null,
            "gross_margin": null,
            "gross_margin_4q_avg": 0,
            "net_income": null,
            "net_income_4q": null,
            "revenue": null,
            "revenue_4q": null,
            "common_shares": 1941170,
            "book_valuer_per_share": 4.2,
            "book_valuer_per_share_4q_avg": 1.88,
            "equity": 814450,
            "current_ratio": 3370.19,
            "debt_ratio": 1.71,
            "inventory_turnover_ratio": null,
            "account_receivable_turnover_ratio": null,
            "reinvestment_rate": null,
            "research_to_sale_ratio": null,
            "price_fair": 0,
            "eps_avg_yearly": 0,
            "eps_latest_yearly": 0,
            "eps_growth_yearly": 0
        },
        "20133": {
            "year_quarter": 20133,
            "year": 2013,
            "quarter": 3,
            "eps": null,
            "eps_growth_year": null,
            "eps_4q": null,
            "eps_4q_growth_year": null,
            "roe": null,
            "roe_4q": 0,
            "gross_profit": null,
            "gross_margin": null,
            "gross_margin_4q_avg": 0,
            "net_income": null,
            "net_income_4q": null,
            "revenue": null,
            "revenue_4q": null,
            "common_shares": null,
            "book_valuer_per_share": null,
            "book_valuer_per_share_4q_avg": 1.88,
            "equity": null,
            "current_ratio": null,
            "debt_ratio": null,
            "inventory_turnover_ratio": null,
            "account_receivable_turnover_ratio": null,
            "reinvestment_rate": null,
            "research_to_sale_ratio": null,
            "price_fair": 0,
            "eps_avg_yearly": 0,
            "eps_latest_yearly": 0,
            "eps_growth_yearly": 0
        },
        "20134": {
            "year_quarter": 20134,
            "year": 2013,
            "quarter": 4,
            "eps": null,
            "eps_growth_year": null,
            "eps_4q": null,
            "eps_4q_growth_year": null,
            "roe": null,
            "roe_4q": 0,
            "gross_profit": null,
            "gross_margin": null,
            "gross_margin_4q_avg": 0,
            "net_income": null,
            "net_income_4q": null,
            "revenue": null,
            "revenue_4q": null,
            "common_shares": 1941720,
            "book_valuer_per_share": 3.39,
            "book_valuer_per_share_4q_avg": 1.9,
            "equity": 657725,
            "current_ratio": 656.71,
            "debt_ratio": 7.97,
            "inventory_turnover_ratio": null,
            "account_receivable_turnover_ratio": null,
            "reinvestment_rate": null,
            "research_to_sale_ratio": null,
            "price_fair": 0,
            "eps_avg_yearly": 0,
            "eps_latest_yearly": 0,
            "eps_growth_yearly": 0
        },
        "20141": {
            "year_quarter": 20141,
            "year": 2014,
            "quarter": 1,
            "eps": null,
            "eps_growth_year": null,
            "eps_4q": null,
            "eps_4q_growth_year": null,
            "roe": null,
            "roe_4q": 0,
            "gross_profit": 0,
            "gross_margin": null,
            "gross_margin_4q_avg": 0,
            "net_income": -70937,
            "net_income_4q": null,
            "revenue": 0,
            "revenue_4q": null,
            "common_shares": 2164850,
            "book_valuer_per_share": 9.32,
            "book_valuer_per_share_4q_avg": 4.23,
            "equity": 2018505,
            "current_ratio": 22257.4,
            "debt_ratio": 0.37,
            "inventory_turnover_ratio": null,
            "account_receivable_turnover_ratio": null,
            "reinvestment_rate": null,
            "research_to_sale_ratio": null,
            "price_fair": 0,
            "eps_avg_yearly": 0,
            "eps_latest_yearly": 0,
            "eps_growth_yearly": 0
        },
        "20142": {
            "year_quarter": 20142,
            "year": 2014,
            "quarter": 2,
            "eps": -0.24,
            "eps_growth_year": null,
            "eps_4q": null,
            "eps_4q_growth_year": null,
            "roe": -2.57,
            "roe_4q": -2.57,
            "gross_profit": 0,
            "gross_margin": null,
            "gross_margin_4q_avg": 0,
            "net_income": -51300,
            "net_income_4q": null,
            "revenue": 0,
            "revenue_4q": null,
            "common_shares": 2165500,
            "book_valuer_per_share": 9.11,
            "book_valuer_per_share_4q_avg": 5.46,
            "equity": 1973734,
            "current_ratio": 12366.43,
            "debt_ratio": 0.67,
            "inventory_turnover_ratio": null,
            "account_receivable_turnover_ratio": null,
            "reinvestment_rate": null,
            "research_to_sale_ratio": null,
            "price_fair": 0,
            "eps_avg_yearly": 0,
            "eps_latest_yearly": 0,
            "eps_growth_yearly": 0
        },
        "20143": {
            "year_quarter": 20143,
            "year": 2014,
            "quarter": 3,
            "eps": null,
            "eps_growth_year": null,
            "eps_4q": null,
            "eps_4q_growth_year": null,
            "roe": null,
            "roe_4q": -2.57,
            "gross_profit": 0,
            "gross_margin": null,
            "gross_margin_4q_avg": 0,
            "net_income": -78964,
            "net_income_4q": null,
            "revenue": 0,
            "revenue_4q": null,
            "common_shares": 2165530,
            "book_valuer_per_share": 8.78,
            "book_valuer_per_share_4q_avg": 7.65,
            "equity": 1901685,
            "current_ratio": 3490.88,
            "debt_ratio": 2.35,
            "inventory_turnover_ratio": null,
            "account_receivable_turnover_ratio": null,
            "reinvestment_rate": null,
            "research_to_sale_ratio": null,
            "price_fair": 0,
            "eps_avg_yearly": 0,
            "eps_latest_yearly": 0,
            "eps_growth_yearly": 0
        },
        "20144": {
            "year_quarter": 20144,
            "year": 2014,
            "quarter": 4,
            "eps": null,
            "eps_growth_year": null,
            "eps_4q": null,
            "eps_4q_growth_year": null,
            "roe": null,
            "roe_4q": -2.57,
            "gross_profit": 0,
            "gross_margin": null,
            "gross_margin_4q_avg": 0,
            "net_income": -80534,
            "net_income_4q": null,
            "revenue": 0,
            "revenue_4q": null,
            "common_shares": 2165770,
            "book_valuer_per_share": 8.45,
            "book_valuer_per_share_4q_avg": 8.92,
            "equity": 1830347,
            "current_ratio": 3038.54,
            "debt_ratio": 2.68,
            "inventory_turnover_ratio": null,
            "account_receivable_turnover_ratio": null,
            "reinvestment_rate": null,
            "research_to_sale_ratio": null,
            "price_fair": 0,
            "eps_avg_yearly": 0,
            "eps_latest_yearly": 0,
            "eps_growth_yearly": 0
        },
        "20151": {
            "year_quarter": 20151,
            "year": 2015,
            "quarter": 1,
            "eps": -0.29,
            "eps_growth_year": null,
            "eps_4q": -0.52,
            "eps_4q_growth_year": null,
            "roe": -3.44,
            "roe_4q": -6.01,
            "gross_profit": 0,
            "gross_margin": null,
            "gross_margin_4q_avg": 0,
            "net_income": -62238,
            "net_income_4q": null,
            "revenue": 0,
            "revenue_4q": null,
            "common_shares": 2167940,
            "book_valuer_per_share": 8.22,
            "book_valuer_per_share_4q_avg": 8.64,
            "equity": 1782991,
            "current_ratio": 4899.79,
            "debt_ratio": 1.65,
            "inventory_turnover_ratio": null,
            "account_receivable_turnover_ratio": null,
            "reinvestment_rate": null,
            "research_to_sale_ratio": null,
            "price_fair": 0,
            "eps_avg_yearly": 0,
            "eps_latest_yearly": 0,
            "eps_growth_yearly": 0
        },
        "20152": {
            "year_quarter": 20152,
            "year": 2015,
            "quarter": 2,
            "eps": -0.51,
            "eps_growth_year": null,
            "eps_4q": -0.8,
            "eps_4q_growth_year": null,
            "roe": -6.44,
            "roe_4q": -9.88,
            "gross_profit": 0,
            "gross_margin": null,
            "gross_margin_4q_avg": 0,
            "net_income": -111379,
            "net_income_4q": null,
            "revenue": 0,
            "revenue_4q": null,
            "common_shares": 2167940,
            "book_valuer_per_share": 7.74,
            "book_valuer_per_share_4q_avg": 8.3,
            "equity": 1677829,
            "current_ratio": 1658.96,
            "debt_ratio": 4.83,
            "inventory_turnover_ratio": null,
            "account_receivable_turnover_ratio": null,
            "reinvestment_rate": null,
            "research_to_sale_ratio": null,
            "price_fair": 0,
            "eps_avg_yearly": 0,
            "eps_latest_yearly": 0,
            "eps_growth_yearly": 0
        },
        "20153": {
            "year_quarter": 20153,
            "year": 2015,
            "quarter": 3,
            "eps": -0.86,
            "eps_growth_year": null,
            "eps_4q": -1.66,
            "eps_4q_growth_year": null,
            "roe": -11.72,
            "roe_4q": -21.6,
            "gross_profit": 0,
            "gross_margin": null,
            "gross_margin_4q_avg": 0,
            "net_income": -187064,
            "net_income_4q": null,
            "revenue": 0,
            "revenue_4q": null,
            "common_shares": 2170505,
            "book_valuer_per_share": 6.97,
            "book_valuer_per_share_4q_avg": 7.85,
            "equity": 1513740,
            "current_ratio": 890.31,
            "debt_ratio": 8.86,
            "inventory_turnover_ratio": null,
            "account_receivable_turnover_ratio": null,
            "reinvestment_rate": null,
            "research_to_sale_ratio": null,
            "price_fair": 0,
            "eps_avg_yearly": 0,
            "eps_latest_yearly": 0,
            "eps_growth_yearly": 0
        },
        "20154": {
            "year_quarter": 20154,
            "year": 2015,
            "quarter": 4,
            "eps": -0.45,
            "eps_growth_year": null,
            "eps_4q": -1.91,
            "eps_4q_growth_year": null,
            "roe": -3.46,
            "roe_4q": -25.060000000000002,
            "gross_profit": 0,
            "gross_margin": null,
            "gross_margin_4q_avg": 0,
            "net_income": -110999,
            "net_income_4q": null,
            "revenue": 0,
            "revenue_4q": null,
            "common_shares": 2472930,
            "book_valuer_per_share": 19.81,
            "book_valuer_per_share_4q_avg": 10.69,
            "equity": 4899805,
            "current_ratio": 17181.43,
            "debt_ratio": 0.54,
            "inventory_turnover_ratio": null,
            "account_receivable_turnover_ratio": null,
            "reinvestment_rate": null,
            "research_to_sale_ratio": null,
            "price_fair": 0,
            "eps_avg_yearly": 0,
            "eps_latest_yearly": 0,
            "eps_growth_yearly": 0
        },
        "20161": {
            "year_quarter": 20161,
            "year": 2016,
            "quarter": 1,
            "eps": -0.23,
            "eps_growth_year": null,
            "eps_4q": -1.88,
            "eps_4q_growth_year": null,
            "roe": -1.15,
            "roe_4q": -22.77,
            "gross_profit": 208,
            "gross_margin": 100,
            "gross_margin_4q_avg": 25,
            "net_income": -56015,
            "net_income_4q": null,
            "revenue": 208,
            "revenue_4q": null,
            "common_shares": 2477327,
            "book_valuer_per_share": 19.65,
            "book_valuer_per_share_4q_avg": 13.54,
            "equity": 4868284,
            "current_ratio": 16161.14,
            "debt_ratio": 1.18,
            "inventory_turnover_ratio": null,
            "account_receivable_turnover_ratio": null,
            "reinvestment_rate": null,
            "research_to_sale_ratio": 26280.77,
            "price_fair": 0,
            "eps_avg_yearly": 0,
            "eps_latest_yearly": 0,
            "eps_growth_yearly": 0
        },
        "20162": {
            "year_quarter": 20162,
            "year": 2016,
            "quarter": 2,
            "eps": -0.28,
            "eps_growth_year": null,
            "eps_4q": -1.7,
            "eps_4q_growth_year": null,
            "roe": -1.43,
            "roe_4q": -17.76,
            "gross_profit": 622,
            "gross_margin": 100,
            "gross_margin_4q_avg": 50,
            "net_income": -69288,
            "net_income_4q": null,
            "revenue": 622,
            "revenue_4q": null,
            "common_shares": 2485278,
            "book_valuer_per_share": 19.39,
            "book_valuer_per_share_4q_avg": 16.46,
            "equity": 4820182,
            "current_ratio": 18905.01,
            "debt_ratio": 1.09,
            "inventory_turnover_ratio": null,
            "account_receivable_turnover_ratio": null,
            "reinvestment_rate": null,
            "research_to_sale_ratio": 10891.64,
            "price_fair": 0,
            "eps_avg_yearly": 0,
            "eps_latest_yearly": 0,
            "eps_growth_yearly": 0
        },
        "20163": {
            "year_quarter": 20163,
            "year": 2016,
            "quarter": 3,
            "eps": -0.2,
            "eps_growth_year": null,
            "eps_4q": -1.14,
            "eps_4q_growth_year": null,
            "roe": -1.01,
            "roe_4q": -7.05,
            "gross_profit": 623,
            "gross_margin": 100,
            "gross_margin_4q_avg": 75,
            "net_income": -48697,
            "net_income_4q": null,
            "revenue": 623,
            "revenue_4q": null,
            "common_shares": 2490323,
            "book_valuer_per_share": 19.27,
            "book_valuer_per_share_4q_avg": 19.53,
            "equity": 4797793,
            "current_ratio": 26951.83,
            "debt_ratio": 0.93,
            "inventory_turnover_ratio": null,
            "account_receivable_turnover_ratio": null,
            "reinvestment_rate": null,
            "research_to_sale_ratio": 7662.92,
            "price_fair": 0,
            "eps_avg_yearly": 0,
            "eps_latest_yearly": 0,
            "eps_growth_yearly": 0
        },
        "20164": {
            "year_quarter": 20164,
            "year": 2016,
            "quarter": 4,
            "eps": -0.43,
            "eps_growth_year": null,
            "eps_4q": -1.13,
            "eps_4q_growth_year": null,
            "roe": -2.27,
            "roe_4q": -5.859999999999999,
            "gross_profit": 623,
            "gross_margin": 100,
            "gross_margin_4q_avg": 100,
            "net_income": -107962,
            "net_income_4q": null,
            "revenue": 623,
            "revenue_4q": null,
            "common_shares": 2499418,
            "book_valuer_per_share": 18.86,
            "book_valuer_per_share_4q_avg": 19.29,
            "equity": 4713788,
            "current_ratio": 7367.11,
            "debt_ratio": 1.83,
            "inventory_turnover_ratio": null,
            "account_receivable_turnover_ratio": null,
            "reinvestment_rate": null,
            "research_to_sale_ratio": 17088.12,
            "price_fair": 0,
            "eps_avg_yearly": 0,
            "eps_latest_yearly": 0,
            "eps_growth_yearly": 0
        },
        "20171": {
            "year_quarter": 20171,
            "year": 2017,
            "quarter": 1,
            "eps": -0.32,
            "eps_growth_year": null,
            "eps_4q": -1.23,
            "eps_4q_growth_year": null,
            "roe": -1.73,
            "roe_4q": -6.4399999999999995,
            "gross_profit": 1217,
            "gross_margin": 100,
            "gross_margin_4q_avg": 100,
            "net_income": -81213,
            "net_income_4q": null,
            "revenue": 1217,
            "revenue_4q": null,
            "common_shares": 2501958,
            "book_valuer_per_share": 18.69,
            "book_valuer_per_share_4q_avg": 19.05,
            "equity": 4676490,
            "current_ratio": 8803.02,
            "debt_ratio": 3.48,
            "inventory_turnover_ratio": null,
            "account_receivable_turnover_ratio": null,
            "reinvestment_rate": null,
            "research_to_sale_ratio": 5076.5,
            "price_fair": 0,
            "eps_avg_yearly": 0,
            "eps_latest_yearly": 0,
            "eps_growth_yearly": 0
        },
        "20172": {
            "year_quarter": 20172,
            "year": 2017,
            "quarter": 2,
            "eps": -0.69,
            "eps_growth_year": null,
            "eps_4q": -1.64,
            "eps_4q_growth_year": null,
            "roe": -3.72,
            "roe_4q": -8.73,
            "gross_profit": 2407,
            "gross_margin": 100,
            "gross_margin_4q_avg": 100,
            "net_income": -172149,
            "net_income_4q": null,
            "revenue": 2407,
            "revenue_4q": null,
            "common_shares": 2501958,
            "book_valuer_per_share": 18.26,
            "book_valuer_per_share_4q_avg": 18.77,
            "equity": 4568546,
            "current_ratio": 2261.4,
            "debt_ratio": 6.28,
            "inventory_turnover_ratio": null,
            "account_receivable_turnover_ratio": null,
            "reinvestment_rate": null,
            "research_to_sale_ratio": 7648.9,
            "price_fair": 0,
            "eps_avg_yearly": 0,
            "eps_latest_yearly": 0,
            "eps_growth_yearly": 0
        },
        "20173": {
            "year_quarter": 20173,
            "year": 2017,
            "quarter": 3,
            "eps": -0.42,
            "eps_growth_year": null,
            "eps_4q": -1.86,
            "eps_4q_growth_year": null,
            "roe": -2.32,
            "roe_4q": -10.04,
            "gross_profit": 2406,
            "gross_margin": 100,
            "gross_margin_4q_avg": 100,
            "net_income": -104565,
            "net_income_4q": null,
            "revenue": 2406,
            "revenue_4q": null,
            "common_shares": 2503008,
            "book_valuer_per_share": 17.82,
            "book_valuer_per_share_4q_avg": 18.41,
            "equity": 4460784,
            "current_ratio": 5305.16,
            "debt_ratio": 4.09,
            "inventory_turnover_ratio": null,
            "account_receivable_turnover_ratio": null,
            "reinvestment_rate": null,
            "research_to_sale_ratio": 4028.39,
            "price_fair": 0,
            "eps_avg_yearly": 0,
            "eps_latest_yearly": 0,
            "eps_growth_yearly": 0
        },
        "20174": {
            "year_quarter": 20174,
            "year": 2017,
            "quarter": 4,
            "eps": -0.67,
            "eps_growth_year": null,
            "eps_4q": -2.1,
            "eps_4q_growth_year": null,
            "roe": -3.81,
            "roe_4q": -11.58,
            "gross_profit": 2406,
            "gross_margin": 100,
            "gross_margin_4q_avg": 100,
            "net_income": -166627,
            "net_income_4q": null,
            "revenue": 2406,
            "revenue_4q": null,
            "common_shares": 2503388,
            "book_valuer_per_share": 17.15,
            "book_valuer_per_share_4q_avg": 17.98,
            "equity": 4292250,
            "current_ratio": 3711.29,
            "debt_ratio": 4.68,
            "inventory_turnover_ratio": null,
            "account_receivable_turnover_ratio": null,
            "reinvestment_rate": null,
            "research_to_sale_ratio": 6979.38,
            "price_fair": 0,
            "eps_avg_yearly": 0,
            "eps_latest_yearly": 0,
            "eps_growth_yearly": 0
        },
        "20181": {
            "year_quarter": 20181,
            "year": 2018,
            "quarter": 1,
            "eps": 0.51,
            "eps_growth_year": null,
            "eps_4q": -1.26,
            "eps_4q_growth_year": null,
            "roe": 2.92,
            "roe_4q": -6.93,
            "gross_profit": -6934,
            "gross_margin": null,
            "gross_margin_4q_avg": 75,
            "net_income": 127261,
            "net_income_4q": null,
            "revenue": 0,
            "revenue_4q": null,
            "common_shares": 2503833,
            "book_valuer_per_share": 17.64,
            "book_valuer_per_share_4q_avg": 17.72,
            "equity": 4416891,
            "current_ratio": 977.99,
            "debt_ratio": 10.21,
            "inventory_turnover_ratio": 0.04,
            "account_receivable_turnover_ratio": null,
            "reinvestment_rate": null,
            "research_to_sale_ratio": null,
            "price_fair": 0,
            "eps_avg_yearly": 0,
            "eps_latest_yearly": 0,
            "eps_growth_yearly": 0
        },
        "20182": {
            "year_quarter": 20182,
            "year": 2018,
            "quarter": 2,
            "eps": 0.24,
            "eps_growth_year": null,
            "eps_4q": -0.33,
            "eps_4q_growth_year": null,
            "roe": 1.36,
            "roe_4q": -1.8499999999999996,
            "gross_profit": -7315,
            "gross_margin": -19.04,
            "gross_margin_4q_avg": 45.24,
            "net_income": 61022,
            "net_income_4q": null,
            "revenue": 38415,
            "revenue_4q": null,
            "common_shares": 2508153,
            "book_valuer_per_share": 18.1,
            "book_valuer_per_share_4q_avg": 17.68,
            "equity": 4539844,
            "current_ratio": 1250,
            "debt_ratio": 12.93,
            "inventory_turnover_ratio": 0.23,
            "account_receivable_turnover_ratio": 8.5,
            "reinvestment_rate": null,
            "research_to_sale_ratio": 308.31,
            "price_fair": 2.88,
            "eps_avg_yearly": 0.96,
            "eps_latest_yearly": 0.96,
            "eps_growth_yearly": -211.76
        },
        "20183": {
            "year_quarter": 20183,
            "year": 2018,
            "quarter": 3,
            "eps": -1.42,
            "eps_growth_year": null,
            "eps_4q": -1.34,
            "eps_4q_growth_year": null,
            "roe": -8.16,
            "roe_4q": -7.6899999999999995,
            "gross_profit": -28018,
            "gross_margin": -31.97,
            "gross_margin_4q_avg": 12.25,
            "net_income": -356836,
            "net_income_4q": null,
            "revenue": 87625,
            "revenue_4q": null,
            "common_shares": 2510470,
            "book_valuer_per_share": 16.76,
            "book_valuer_per_share_4q_avg": 17.41,
            "equity": 4208302,
            "current_ratio": 1488.98,
            "debt_ratio": 13.15,
            "inventory_turnover_ratio": 0.53,
            "account_receivable_turnover_ratio": 1.77,
            "reinvestment_rate": null,
            "research_to_sale_ratio": 123.4,
            "price_fair": 2.88,
            "eps_avg_yearly": 0.96,
            "eps_latest_yearly": 0.96,
            "eps_growth_yearly": -211.76
        },
        "20184": {
            "year_quarter": 20184,
            "year": 2018,
            "quarter": 4,
            "eps": -0.61,
            "eps_growth_year": null,
            "eps_4q": -1.28,
            "eps_4q_growth_year": null,
            "roe": -3.7,
            "roe_4q": -7.58,
            "gross_profit": 22410,
            "gross_margin": 19.49,
            "gross_margin_4q_avg": -7.88,
            "net_income": -153157,
            "net_income_4q": null,
            "revenue": 115001,
            "revenue_4q": null,
            "common_shares": 2513800,
            "book_valuer_per_share": 16.23,
            "book_valuer_per_share_4q_avg": 17.18,
            "equity": 4080486,
            "current_ratio": 1067.56,
            "debt_ratio": 14.83,
            "inventory_turnover_ratio": 0.31,
            "account_receivable_turnover_ratio": 1.16,
            "reinvestment_rate": null,
            "research_to_sale_ratio": 119.27,
            "price_fair": 2.88,
            "eps_avg_yearly": 0.96,
            "eps_latest_yearly": 0.96,
            "eps_growth_yearly": -211.76
        },
        "20191": {
            "year_quarter": 20191,
            "year": 2019,
            "quarter": 1,
            "eps": -0.36,
            "eps_growth_year": -170.59,
            "eps_4q": -2.14,
            "eps_4q_growth_year": null,
            "roe": -2.22,
            "roe_4q": -12.72,
            "gross_profit": 21546,
            "gross_margin": 16.79,
            "gross_margin_4q_avg": -3.68,
            "net_income": -90411,
            "net_income_4q": null,
            "revenue": 128337,
            "revenue_4q": null,
            "common_shares": 2521770,
            "book_valuer_per_share": 16.09,
            "book_valuer_per_share_4q_avg": 16.8,
            "equity": 4057176,
            "current_ratio": 1856.6,
            "debt_ratio": 13.61,
            "inventory_turnover_ratio": 0.3,
            "account_receivable_turnover_ratio": 1.2,
            "reinvestment_rate": null,
            "research_to_sale_ratio": 59.91,
            "price_fair": 2.88,
            "eps_avg_yearly": 0.96,
            "eps_latest_yearly": 0.96,
            "eps_growth_yearly": -211.76
        },
        "20192": {
            "year_quarter": 20192,
            "year": 2019,
            "quarter": 2,
            "eps": -0.33,
            "eps_growth_year": -237.5,
            "eps_4q": -2.71,
            "eps_4q_growth_year": null,
            "roe": -2.08,
            "roe_4q": -16.16,
            "gross_profit": 26888,
            "gross_margin": 17.31,
            "gross_margin_4q_avg": 5.41,
            "net_income": -83577,
            "net_income_4q": null,
            "revenue": 155339,
            "revenue_4q": null,
            "common_shares": 2521770,
            "book_valuer_per_share": 15.79,
            "book_valuer_per_share_4q_avg": 16.22,
            "equity": 3982052,
            "current_ratio": 603.76,
            "debt_ratio": 20.17,
            "inventory_turnover_ratio": 0.26,
            "account_receivable_turnover_ratio": 1.43,
            "reinvestment_rate": null,
            "research_to_sale_ratio": 57.65,
            "price_fair": 2.88,
            "eps_avg_yearly": 0.96,
            "eps_latest_yearly": 0.96,
            "eps_growth_yearly": -211.76
        },
        "20193": {
            "year_quarter": 20193,
            "year": 2019,
            "quarter": 3,
            "eps": -1.28,
            "eps_growth_year": null,
            "eps_4q": -2.58,
            "eps_4q_growth_year": null,
            "roe": -8.45,
            "roe_4q": -16.45,
            "gross_profit": 100626,
            "gross_margin": 47.48,
            "gross_margin_4q_avg": 25.27,
            "net_income": -322954,
            "net_income_4q": null,
            "revenue": 211922,
            "revenue_4q": null,
            "common_shares": 2521830,
            "book_valuer_per_share": 14.53,
            "book_valuer_per_share_4q_avg": 15.66,
            "equity": 3664014,
            "current_ratio": 448.2,
            "debt_ratio": 25.74,
            "inventory_turnover_ratio": 0.17,
            "account_receivable_turnover_ratio": 1.45,
            "reinvestment_rate": null,
            "research_to_sale_ratio": 158.91,
            "price_fair": 2.88,
            "eps_avg_yearly": 0.96,
            "eps_latest_yearly": 0.96,
            "eps_growth_yearly": -211.76
        },
        "20194": {
            "year_quarter": 20194,
            "year": 2019,
            "quarter": 4,
            "eps": -0.32,
            "eps_growth_year": null,
            "eps_4q": -2.29,
            "eps_4q_growth_year": null,
            "roe": -2.25,
            "roe_4q": -15,
            "gross_profit": 80951,
            "gross_margin": 38.75,
            "gross_margin_4q_avg": 30.08,
            "net_income": -81712,
            "net_income_4q": null,
            "revenue": 208906,
            "revenue_4q": null,
            "common_shares": 2521900,
            "book_valuer_per_share": 14.22,
            "book_valuer_per_share_4q_avg": 15.16,
            "equity": 3586396,
            "current_ratio": 573.96,
            "debt_ratio": 24.19,
            "inventory_turnover_ratio": 0.17,
            "account_receivable_turnover_ratio": 1.07,
            "reinvestment_rate": null,
            "research_to_sale_ratio": 34.77,
            "price_fair": 2.88,
            "eps_avg_yearly": 0.96,
            "eps_latest_yearly": 0.96,
            "eps_growth_yearly": -211.76
        },
        "20201": {
            "year_quarter": 20201,
            "year": 2020,
            "quarter": 1,
            "eps": -0.3,
            "eps_growth_year": null,
            "eps_4q": -2.23,
            "eps_4q_growth_year": null,
            "roe": -2.12,
            "roe_4q": -14.9,
            "gross_profit": 128825,
            "gross_margin": 53.86,
            "gross_margin_4q_avg": 39.35,
            "net_income": -75385,
            "net_income_4q": null,
            "revenue": 239194,
            "revenue_4q": null,
            "common_shares": 2521980,
            "book_valuer_per_share": 13.95,
            "book_valuer_per_share_4q_avg": 14.62,
            "equity": 3517790,
            "current_ratio": 335.68,
            "debt_ratio": 29.65,
            "inventory_turnover_ratio": 0.12,
            "account_receivable_turnover_ratio": 1.07,
            "reinvestment_rate": null,
            "research_to_sale_ratio": 27.91,
            "price_fair": 2.88,
            "eps_avg_yearly": 0.96,
            "eps_latest_yearly": 0.96,
            "eps_growth_yearly": -211.76
        },
        "20202": {
            "year_quarter": 20202,
            "year": 2020,
            "quarter": 2,
            "eps": 0.12,
            "eps_growth_year": null,
            "eps_4q": -1.78,
            "eps_4q_growth_year": null,
            "roe": 0.86,
            "roe_4q": -11.959999999999999,
            "gross_profit": 74432,
            "gross_margin": 41.57,
            "gross_margin_4q_avg": 45.42,
            "net_income": 30427,
            "net_income_4q": null,
            "revenue": 179054,
            "revenue_4q": null,
            "common_shares": 2522190,
            "book_valuer_per_share": 14.09,
            "book_valuer_per_share_4q_avg": 14.2,
            "equity": 3553154,
            "current_ratio": 633.38,
            "debt_ratio": 33.7,
            "inventory_turnover_ratio": 0.1,
            "account_receivable_turnover_ratio": 0.68,
            "reinvestment_rate": null,
            "research_to_sale_ratio": 36.17,
            "price_fair": 2.88,
            "eps_avg_yearly": 0.96,
            "eps_latest_yearly": 0.96,
            "eps_growth_yearly": -211.76
        },
        "20203": {
            "year_quarter": 20203,
            "year": 2020,
            "quarter": 3,
            "eps": -0.18,
            "eps_growth_year": null,
            "eps_4q": -0.69,
            "eps_4q_growth_year": null,
            "roe": -1.32,
            "roe_4q": -4.83,
            "gross_profit": 55098,
            "gross_margin": 36.27,
            "gross_margin_4q_avg": 42.61,
            "net_income": -46543,
            "net_income_4q": null,
            "revenue": 151924,
            "revenue_4q": null,
            "common_shares": 2522200,
            "book_valuer_per_share": 13.92,
            "book_valuer_per_share_4q_avg": 14.05,
            "equity": 3510186,
            "current_ratio": 746.75,
            "debt_ratio": 32.73,
            "inventory_turnover_ratio": 0.09,
            "account_receivable_turnover_ratio": 0.6,
            "reinvestment_rate": null,
            "research_to_sale_ratio": 67.5,
            "price_fair": 2.88,
            "eps_avg_yearly": 0.96,
            "eps_latest_yearly": 0.96,
            "eps_growth_yearly": -211.76
        },
        "20204": {
            "year_quarter": 20204,
            "year": 2020,
            "quarter": 4,
            "eps": -0.36,
            "eps_growth_year": null,
            "eps_4q": -0.73,
            "eps_4q_growth_year": null,
            "roe": -2.65,
            "roe_4q": -5.23,
            "gross_profit": 62886,
            "gross_margin": 41.29,
            "gross_margin_4q_avg": 43.25,
            "net_income": -91803,
            "net_income_4q": null,
            "revenue": 152313,
            "revenue_4q": null,
            "common_shares": 2522230,
            "book_valuer_per_share": 13.54,
            "book_valuer_per_share_4q_avg": 13.88,
            "equity": 3415878,
            "current_ratio": 601.91,
            "debt_ratio": 34.26,
            "inventory_turnover_ratio": 0.07,
            "account_receivable_turnover_ratio": 0.63,
            "reinvestment_rate": null,
            "research_to_sale_ratio": 105.29,
            "price_fair": 2.88,
            "eps_avg_yearly": 0.96,
            "eps_latest_yearly": 0.96,
            "eps_growth_yearly": -211.76
        },
        "20211": {
            "year_quarter": 20211,
            "year": 2021,
            "quarter": 1,
            "eps": 0.02,
            "eps_growth_year": null,
            "eps_4q": -0.41,
            "eps_4q_growth_year": null,
            "roe": 0.14,
            "roe_4q": -2.97,
            "gross_profit": 30208,
            "gross_margin": 33.1,
            "gross_margin_4q_avg": 38.06,
            "net_income": 4915,
            "net_income_4q": null,
            "revenue": 91260,
            "revenue_4q": null,
            "common_shares": 2522430,
            "book_valuer_per_share": 13.58,
            "book_valuer_per_share_4q_avg": 13.78,
            "equity": 3426175,
            "current_ratio": 954.27,
            "debt_ratio": 31.68,
            "inventory_turnover_ratio": 0.05,
            "account_receivable_turnover_ratio": 0.39,
            "reinvestment_rate": null,
            "research_to_sale_ratio": 92.82,
            "price_fair": 2.88,
            "eps_avg_yearly": 0.96,
            "eps_latest_yearly": 0.96,
            "eps_growth_yearly": -211.76
        },
        "20212": {
            "year_quarter": 20212,
            "year": 2021,
            "quarter": 2,
            "eps": -0.39,
            "eps_growth_year": -425,
            "eps_4q": -0.92,
            "eps_4q_growth_year": null,
            "roe": -2.94,
            "roe_4q": -6.77,
            "gross_profit": 61984,
            "gross_margin": 39.94,
            "gross_margin_4q_avg": 37.65,
            "net_income": -99260,
            "net_income_4q": null,
            "revenue": 155198,
            "revenue_4q": null,
            "common_shares": 2523040,
            "book_valuer_per_share": 13.2,
            "book_valuer_per_share_4q_avg": 13.56,
            "equity": 3331144,
            "current_ratio": 1064.08,
            "debt_ratio": 31.58,
            "inventory_turnover_ratio": 0.08,
            "account_receivable_turnover_ratio": 0.76,
            "reinvestment_rate": null,
            "research_to_sale_ratio": 90.53,
            "price_fair": 2.88,
            "eps_avg_yearly": 0.96,
            "eps_latest_yearly": 0.96,
            "eps_growth_yearly": -211.76
        },
        "20213": {
            "year_quarter": 20213,
            "year": 2021,
            "quarter": 3,
            "eps": -0.31,
            "eps_growth_year": null,
            "eps_4q": -1.05,
            "eps_4q_growth_year": null,
            "roe": -2.36,
            "roe_4q": -7.8100000000000005,
            "gross_profit": 42656,
            "gross_margin": 46.81,
            "gross_margin_4q_avg": 40.29,
            "net_income": -77876,
            "net_income_4q": null,
            "revenue": 91125,
            "revenue_4q": null,
            "common_shares": 2523110,
            "book_valuer_per_share": 12.91,
            "book_valuer_per_share_4q_avg": 13.31,
            "equity": 3257799,
            "current_ratio": 2314.58,
            "debt_ratio": 32.23,
            "inventory_turnover_ratio": 0.04,
            "account_receivable_turnover_ratio": 0.36,
            "reinvestment_rate": null,
            "research_to_sale_ratio": 92.12,
            "price_fair": 2.88,
            "eps_avg_yearly": 0.96,
            "eps_latest_yearly": 0.96,
            "eps_growth_yearly": -211.76
        },
        "20214": {
            "year_quarter": 20214,
            "year": 2021,
            "quarter": 4,
            "eps": -1.18,
            "eps_growth_year": null,
            "eps_4q": -1.87,
            "eps_4q_growth_year": null,
            "roe": -9.64,
            "roe_4q": -14.799999999999999,
            "gross_profit": -50893,
            "gross_margin": -67.09,
            "gross_margin_4q_avg": 13.19,
            "net_income": -298712,
            "net_income_4q": null,
            "revenue": 75859,
            "revenue_4q": null,
            "common_shares": 2523270,
            "book_valuer_per_share": 11.66,
            "book_valuer_per_share_4q_avg": 12.84,
            "equity": 2941504,
            "current_ratio": 1037.4,
            "debt_ratio": 36.2,
            "inventory_turnover_ratio": 0.11,
            "account_receivable_turnover_ratio": 0.33,
            "reinvestment_rate": null,
            "research_to_sale_ratio": 199.64,
            "price_fair": 2.88,
            "eps_avg_yearly": 0.96,
            "eps_latest_yearly": 0.96,
            "eps_growth_yearly": -211.76
        },
        "20221": {
            "year_quarter": 20221,
            "year": 2022,
            "quarter": 1,
            "eps": -0.47,
            "eps_growth_year": -2450,
            "eps_4q": -2.36,
            "eps_4q_growth_year": null,
            "roe": -4.15,
            "roe_4q": -19.090000000000003,
            "gross_profit": 599,
            "gross_margin": 1.47,
            "gross_margin_4q_avg": 5.28,
            "net_income": -119764,
            "net_income_4q": null,
            "revenue": 40671,
            "revenue_4q": null,
            "common_shares": 2523560,
            "book_valuer_per_share": 11.24,
            "book_valuer_per_share_4q_avg": 12.25,
            "equity": 2835373,
            "current_ratio": 540.08,
            "debt_ratio": 40.12,
            "inventory_turnover_ratio": 0.03,
            "account_receivable_turnover_ratio": 0.27,
            "reinvestment_rate": null,
            "research_to_sale_ratio": 224.2,
            "price_fair": 2.88,
            "eps_avg_yearly": 0.96,
            "eps_latest_yearly": 0.96,
            "eps_growth_yearly": -211.76
        },
        "20222": {
            "year_quarter": 20222,
            "year": 2022,
            "quarter": 2,
            "eps": -0.3,
            "eps_growth_year": null,
            "eps_4q": -2.27,
            "eps_4q_growth_year": null,
            "roe": -2.7,
            "roe_4q": -18.85,
            "gross_profit": 50475,
            "gross_margin": 50.84,
            "gross_margin_4q_avg": 8.01,
            "net_income": -75766,
            "net_income_4q": null,
            "revenue": 99285,
            "revenue_4q": null,
            "common_shares": 2523630,
            "book_valuer_per_share": 10.97,
            "book_valuer_per_share_4q_avg": 11.7,
            "equity": 2768437,
            "current_ratio": 860.35,
            "debt_ratio": 38.13,
            "inventory_turnover_ratio": 0.03,
            "account_receivable_turnover_ratio": 0.57,
            "reinvestment_rate": null,
            "research_to_sale_ratio": 80.3,
            "price_fair": 0,
            "eps_avg_yearly": 0,
            "eps_latest_yearly": 0,
            "eps_growth_yearly": 0
        },
        "20223": {
            "year_quarter": 20223,
            "year": 2022,
            "quarter": 3,
            "eps": -0.14,
            "eps_growth_year": null,
            "eps_4q": -2.1,
            "eps_4q_growth_year": null,
            "roe": -1.3,
            "roe_4q": -17.79,
            "gross_profit": 33911,
            "gross_margin": 35.11,
            "gross_margin_4q_avg": 5.08,
            "net_income": -35976,
            "net_income_4q": null,
            "revenue": 96579,
            "revenue_4q": null,
            "common_shares": 2523740,
            "book_valuer_per_share": 10.88,
            "book_valuer_per_share_4q_avg": 11.19,
            "equity": 2746252,
            "current_ratio": 793,
            "debt_ratio": 38.29,
            "inventory_turnover_ratio": 0.04,
            "account_receivable_turnover_ratio": 0.48,
            "reinvestment_rate": null,
            "research_to_sale_ratio": 76.92,
            "price_fair": 0,
            "eps_avg_yearly": 0,
            "eps_latest_yearly": 0,
            "eps_growth_yearly": 0
        },
        "20224": {
            "year_quarter": 20224,
            "year": 2022,
            "quarter": 4,
            "eps": -0.15,
            "eps_growth_year": null,
            "eps_4q": -1.07,
            "eps_4q_growth_year": null,
            "roe": -1.38,
            "roe_4q": -9.530000000000001,
            "gross_profit": 130726,
            "gross_margin": 40.04,
            "gross_margin_4q_avg": 31.87,
            "net_income": -37783,
            "net_income_4q": null,
            "revenue": 326473,
            "revenue_4q": null,
            "common_shares": 2525530,
            "book_valuer_per_share": 10.75,
            "book_valuer_per_share_4q_avg": 10.96,
            "equity": 2714924,
            "current_ratio": 656.33,
            "debt_ratio": 33.8,
            "inventory_turnover_ratio": 0.14,
            "account_receivable_turnover_ratio": 2.25,
            "reinvestment_rate": null,
            "research_to_sale_ratio": 26.93,
            "price_fair": 0,
            "eps_avg_yearly": 0,
            "eps_latest_yearly": 0,
            "eps_growth_yearly": 0
        },
        "20231": {
            "year_quarter": 20231,
            "year": 2023,
            "quarter": 1,
            "eps": -0.32,
            "eps_growth_year": null,
            "eps_4q": -0.91,
            "eps_4q_growth_year": null,
            "roe": -3.02,
            "roe_4q": -8.4,
            "gross_profit": 44909,
            "gross_margin": 62.58,
            "gross_margin_4q_avg": 47.14,
            "net_income": -80805,
            "net_income_4q": null,
            "revenue": 71767,
            "revenue_4q": null,
            "common_shares": 2526680,
            "book_valuer_per_share": 10.47,
            "book_valuer_per_share_4q_avg": 10.77,
            "equity": 2644657,
            "current_ratio": 683.92,
            "debt_ratio": 34.54,
            "inventory_turnover_ratio": 0.02,
            "account_receivable_turnover_ratio": 0.54,
            "reinvestment_rate": null,
            "research_to_sale_ratio": 107.28,
            "price_fair": 0,
            "eps_avg_yearly": 0,
            "eps_latest_yearly": 0,
            "eps_growth_yearly": 0
        },
        "20232": {
            "year_quarter": 20232,
            "year": 2023,
            "quarter": 2,
            "eps": -0.19,
            "eps_growth_year": null,
            "eps_4q": -0.8,
            "eps_4q_growth_year": null,
            "roe": -1.81,
            "roe_4q": -7.51,
            "gross_profit": 33882,
            "gross_margin": 32.5,
            "gross_margin_4q_avg": 42.56,
            "net_income": -47841,
            "net_income_4q": null,
            "revenue": 104243,
            "revenue_4q": null,
            "common_shares": 2529350,
            "book_valuer_per_share": 10.46,
            "book_valuer_per_share_4q_avg": 10.64,
            "equity": 2646828,
            "current_ratio": 633.69,
            "debt_ratio": 34.09,
            "inventory_turnover_ratio": 0.05,
            "account_receivable_turnover_ratio": 0.72,
            "reinvestment_rate": null,
            "research_to_sale_ratio": 77.86,
            "price_fair": 0,
            "eps_avg_yearly": 0,
            "eps_latest_yearly": 0,
            "eps_growth_yearly": 0
        },
        "20233": {
            "year_quarter": 20233,
            "year": 2023,
            "quarter": 3,
            "eps": -0.02,
            "eps_growth_year": null,
            "eps_4q": -0.68,
            "eps_4q_growth_year": null,
            "roe": -0.22,
            "roe_4q": -6.430000000000001,
            "gross_profit": 77333,
            "gross_margin": 49.08,
            "gross_margin_4q_avg": 46.05,
            "net_income": -5878,
            "net_income_4q": null,
            "revenue": 157552,
            "revenue_4q": null,
            "common_shares": 2529987,
            "book_valuer_per_share": 10.45,
            "book_valuer_per_share_4q_avg": 10.53,
            "equity": 2643932,
            "current_ratio": 604.93,
            "debt_ratio": 33.93,
            "inventory_turnover_ratio": 0.06,
            "account_receivable_turnover_ratio": 1.08,
            "reinvestment_rate": null,
            "research_to_sale_ratio": 37.94,
            "price_fair": 0,
            "eps_avg_yearly": 0,
            "eps_latest_yearly": 0,
            "eps_growth_yearly": 0
        },
        "20234": {
            "year_quarter": 20234,
            "year": 2023,
            "quarter": 4,
            "eps": -0.24,
            "eps_growth_year": null,
            "eps_4q": -0.77,
            "eps_4q_growth_year": null,
            "roe": -2.31,
            "roe_4q": -7.359999999999999,
            "gross_profit": 69109,
            "gross_margin": 43.68,
            "gross_margin_4q_avg": 46.96,
            "net_income": -60286,
            "net_income_4q": null,
            "revenue": 158215,
            "revenue_4q": null,
            "common_shares": 2530097,
            "book_valuer_per_share": 10.14,
            "book_valuer_per_share_4q_avg": 10.38,
            "equity": 2566086,
            "current_ratio": 595.67,
            "debt_ratio": 34.1,
            "inventory_turnover_ratio": 0.07,
            "account_receivable_turnover_ratio": 1,
            "reinvestment_rate": null,
            "research_to_sale_ratio": 48.26,
            "price_fair": 0,
            "eps_avg_yearly": 0,
            "eps_latest_yearly": 0,
            "eps_growth_yearly": 0
        }
    },
    "months": {
        "2010-06": {
            "month": "2010-06",
            "price": "19.85",
            "revenue": 0
        },
        "2010-07": {
            "month": "2010-07",
            "price": "25.07",
            "revenue": 0
        },
        "2010-08": {
            "month": "2010-08",
            "price": "23.84",
            "revenue": 0
        },
        "2010-09": {
            "month": "2010-09",
            "price": "24.20",
            "revenue": 0
        },
        "2010-10": {
            "month": "2010-10",
            "price": "24.15",
            "revenue": 45
        },
        "2010-11": {
            "month": "2010-11",
            "price": "24.00",
            "revenue": 45
        },
        "2010-12": {
            "month": "2010-12",
            "price": "31.16",
            "revenue": 229
        },
        "2011-01": {
            "month": "2011-01",
            "price": "31.14",
            "revenue": 45
        },
        "2011-02": {
            "month": "2011-02",
            "price": "33.26",
            "revenue": 45
        },
        "2011-03": {
            "month": "2011-03",
            "price": "32.27",
            "revenue": 45
        },
        "2011-04": {
            "month": "2011-04",
            "price": "27.92",
            "revenue": 0
        },
        "2011-05": {
            "month": "2011-05",
            "price": "27.37",
            "revenue": 0
        },
        "2011-06": {
            "month": "2011-06",
            "price": "29.47",
            "revenue": 0
        },
        "2011-07": {
            "month": "2011-07",
            "price": "31.12",
            "revenue": 0
        },
        "2011-08": {
            "month": "2011-08",
            "price": "37.51",
            "revenue": 0
        },
        "2011-09": {
            "month": "2011-09",
            "price": "41.77",
            "revenue": 0
        },
        "2011-10": {
            "month": "2011-10",
            "price": "38.25",
            "revenue": 0
        },
        "2011-11": {
            "month": "2011-11",
            "price": "37.17",
            "revenue": 0
        },
        "2011-12": {
            "month": "2011-12",
            "price": "33.51",
            "revenue": 0
        },
        "2012-01": {
            "month": "2012-01",
            "price": "38.63",
            "revenue": 0
        },
        "2012-02": {
            "month": "2012-02",
            "price": "48.12",
            "revenue": 0
        },
        "2012-03": {
            "month": "2012-03",
            "price": "62.55",
            "revenue": 0
        },
        "2012-04": {
            "month": "2012-04",
            "price": "59.24",
            "revenue": 0
        },
        "2012-05": {
            "month": "2012-05",
            "price": "52.37",
            "revenue": 0
        },
        "2012-06": {
            "month": "2012-06",
            "price": "44.95",
            "revenue": 0
        },
        "2012-07": {
            "month": "2012-07",
            "price": "45.21",
            "revenue": 0
        },
        "2012-08": {
            "month": "2012-08",
            "price": "42.53",
            "revenue": 0
        },
        "2012-09": {
            "month": "2012-09",
            "price": "45.62",
            "revenue": 0
        },
        "2012-10": {
            "month": "2012-10",
            "price": "48.35",
            "revenue": 0
        },
        "2012-11": {
            "month": "2012-11",
            "price": "41.93",
            "revenue": 0
        },
        "2012-12": {
            "month": "2012-12",
            "price": "45.87",
            "revenue": 0
        },
        "2013-01": {
            "month": "2013-01",
            "price": "55.19",
            "revenue": 0
        },
        "2013-02": {
            "month": "2013-02",
            "price": "72.27",
            "revenue": 0
        },
        "2013-03": {
            "month": "2013-03",
            "price": "71.88",
            "revenue": 0
        },
        "2013-04": {
            "month": "2013-04",
            "price": "68.42",
            "revenue": 0
        },
        "2013-05": {
            "month": "2013-05",
            "price": "71.49",
            "revenue": 0
        },
        "2013-06": {
            "month": "2013-06",
            "price": "74.24",
            "revenue": 0
        },
        "2013-07": {
            "month": "2013-07",
            "price": "76.97",
            "revenue": 0
        },
        "2013-08": {
            "month": "2013-08",
            "price": "79.75",
            "revenue": 0
        },
        "2013-09": {
            "month": "2013-09",
            "price": "81.76",
            "revenue": 0
        },
        "2013-10": {
            "month": "2013-10",
            "price": "82.87",
            "revenue": 0
        },
        "2013-11": {
            "month": "2013-11",
            "price": "78.80",
            "revenue": 0
        },
        "2013-12": {
            "month": "2013-12",
            "price": "76.88",
            "revenue": 0
        },
        "2014-01": {
            "month": "2014-01",
            "price": "72.03",
            "revenue": 0
        },
        "2014-02": {
            "month": "2014-02",
            "price": "79.53",
            "revenue": 0
        },
        "2014-03": {
            "month": "2014-03",
            "price": "85.95",
            "revenue": 0
        },
        "2014-04": {
            "month": "2014-04",
            "price": "99.23",
            "revenue": 0
        },
        "2014-05": {
            "month": "2014-05",
            "price": "159.50",
            "revenue": 0
        },
        "2014-06": {
            "month": "2014-06",
            "price": "182.15",
            "revenue": 0
        },
        "2014-07": {
            "month": "2014-07",
            "price": "163.56",
            "revenue": 0
        },
        "2014-08": {
            "month": "2014-08",
            "price": "134.20",
            "revenue": 0
        },
        "2014-09": {
            "month": "2014-09",
            "price": "145.60",
            "revenue": 0
        },
        "2014-10": {
            "month": "2014-10",
            "price": "149.52",
            "revenue": 0
        },
        "2014-11": {
            "month": "2014-11",
            "price": "138.06",
            "revenue": 0
        },
        "2014-12": {
            "month": "2014-12",
            "price": "143.05",
            "revenue": 0
        },
        "2015-01": {
            "month": "2015-01",
            "price": "146.21",
            "revenue": 0
        },
        "2015-02": {
            "month": "2015-02",
            "price": "139.40",
            "revenue": 0
        },
        "2015-03": {
            "month": "2015-03",
            "price": "141.25",
            "revenue": 0
        },
        "2015-04": {
            "month": "2015-04",
            "price": "129.98",
            "revenue": 0
        },
        "2015-05": {
            "month": "2015-05",
            "price": "111.67",
            "revenue": 0
        },
        "2015-06": {
            "month": "2015-06",
            "price": "107.15",
            "revenue": 0
        },
        "2015-07": {
            "month": "2015-07",
            "price": "107.99",
            "revenue": 0
        },
        "2015-08": {
            "month": "2015-08",
            "price": "108.57",
            "revenue": 0
        },
        "2015-09": {
            "month": "2015-09",
            "price": "126.87",
            "revenue": 0
        },
        "2015-10": {
            "month": "2015-10",
            "price": "148.79",
            "revenue": 0
        },
        "2015-11": {
            "month": "2015-11",
            "price": "195.75",
            "revenue": 0
        },
        "2015-12": {
            "month": "2015-12",
            "price": "263.02",
            "revenue": 0
        },
        "2016-01": {
            "month": "2016-01",
            "price": "231.79",
            "revenue": 0
        },
        "2016-02": {
            "month": "2016-02",
            "price": "216.88",
            "revenue": 0
        },
        "2016-03": {
            "month": "2016-03",
            "price": "209.35",
            "revenue": 208
        },
        "2016-04": {
            "month": "2016-04",
            "price": "196.92",
            "revenue": 208
        },
        "2016-05": {
            "month": "2016-05",
            "price": "223.60",
            "revenue": 208
        },
        "2016-06": {
            "month": "2016-06",
            "price": "224.93",
            "revenue": 208
        },
        "2016-07": {
            "month": "2016-07",
            "price": "219.32",
            "revenue": 208
        },
        "2016-08": {
            "month": "2016-08",
            "price": "209.24",
            "revenue": 208
        },
        "2016-09": {
            "month": "2016-09",
            "price": "210.87",
            "revenue": 208
        },
        "2016-10": {
            "month": "2016-10",
            "price": "207.02",
            "revenue": 208
        },
        "2016-11": {
            "month": "2016-11",
            "price": "180.43",
            "revenue": 208
        },
        "2016-12": {
            "month": "2016-12",
            "price": "170.41",
            "revenue": 208
        },
        "2017-01": {
            "month": "2017-01",
            "price": "162.72",
            "revenue": 208
        },
        "2017-02": {
            "month": "2017-02",
            "price": "171.83",
            "revenue": 208
        },
        "2017-03": {
            "month": "2017-03",
            "price": "187.95",
            "revenue": 802
        },
        "2017-04": {
            "month": "2017-04",
            "price": "172.92",
            "revenue": 802
        },
        "2017-05": {
            "month": "2017-05",
            "price": "177.82",
            "revenue": 802
        },
        "2017-06": {
            "month": "2017-06",
            "price": "183.09",
            "revenue": 802
        },
        "2017-07": {
            "month": "2017-07",
            "price": "194.60",
            "revenue": 802
        },
        "2017-08": {
            "month": "2017-08",
            "price": "211.22",
            "revenue": 802
        },
        "2017-09": {
            "month": "2017-09",
            "price": "207.93",
            "revenue": 802
        },
        "2017-10": {
            "month": "2017-10",
            "price": "205.08",
            "revenue": 802
        },
        "2017-11": {
            "month": "2017-11",
            "price": "200.27",
            "revenue": 802
        },
        "2017-12": {
            "month": "2017-12",
            "price": "179.88",
            "revenue": 802
        },
        "2018-01": {
            "month": "2018-01",
            "price": "196.75",
            "revenue": 802
        },
        "2018-02": {
            "month": "2018-02",
            "price": "192.85",
            "revenue": 802
        },
        "2018-03": {
            "month": "2018-03",
            "price": "235.33",
            "revenue": 0
        },
        "2018-04": {
            "month": "2018-04",
            "price": "264.42",
            "revenue": 31105
        },
        "2018-05": {
            "month": "2018-05",
            "price": "321.80",
            "revenue": 0
        },
        "2018-06": {
            "month": "2018-06",
            "price": "306.65",
            "revenue": 7311
        },
        "2018-07": {
            "month": "2018-07",
            "price": "270.75",
            "revenue": 13013
        },
        "2018-08": {
            "month": "2018-08",
            "price": "242.83",
            "revenue": 23305
        },
        "2018-09": {
            "month": "2018-09",
            "price": "194.37",
            "revenue": 37011
        },
        "2018-10": {
            "month": "2018-10",
            "price": "195.39",
            "revenue": 53402
        },
        "2018-11": {
            "month": "2018-11",
            "price": "156.36",
            "revenue": 39007
        },
        "2018-12": {
            "month": "2018-12",
            "price": "159.33",
            "revenue": 36886
        },
        "2019-01": {
            "month": "2019-01",
            "price": "171.05",
            "revenue": 38939
        },
        "2019-02": {
            "month": "2019-02",
            "price": "174.46",
            "revenue": 23066
        },
        "2019-03": {
            "month": "2019-03",
            "price": "174.85",
            "revenue": 66332
        },
        "2019-04": {
            "month": "2019-04",
            "price": "166.30",
            "revenue": 41701
        },
        "2019-05": {
            "month": "2019-05",
            "price": "142.23",
            "revenue": 63139
        },
        "2019-06": {
            "month": "2019-06",
            "price": "150.87",
            "revenue": 50499
        },
        "2019-07": {
            "month": "2019-07",
            "price": "164.20",
            "revenue": 56415
        },
        "2019-08": {
            "month": "2019-08",
            "price": "146.14",
            "revenue": 85440
        },
        "2019-09": {
            "month": "2019-09",
            "price": "149.58",
            "revenue": 70067
        },
        "2019-10": {
            "month": "2019-10",
            "price": "139.83",
            "revenue": 109671
        },
        "2019-11": {
            "month": "2019-11",
            "price": "134.10",
            "revenue": 98852
        },
        "2019-12": {
            "month": "2019-12",
            "price": "112.52",
            "revenue": 0
        },
        "2020-01": {
            "month": "2020-01",
            "price": "94.11",
            "revenue": 90420
        },
        "2020-02": {
            "month": "2020-02",
            "price": "95.28",
            "revenue": 29759
        },
        "2020-03": {
            "month": "2020-03",
            "price": "71.30",
            "revenue": 119016
        },
        "2020-04": {
            "month": "2020-04",
            "price": "88.46",
            "revenue": 69121
        },
        "2020-05": {
            "month": "2020-05",
            "price": "93.36",
            "revenue": 63864
        },
        "2020-06": {
            "month": "2020-06",
            "price": "91.97",
            "revenue": 47196
        },
        "2020-07": {
            "month": "2020-07",
            "price": "90.37",
            "revenue": 95830
        },
        "2020-08": {
            "month": "2020-08",
            "price": "96.98",
            "revenue": 54585
        },
        "2020-09": {
            "month": "2020-09",
            "price": "102.53",
            "revenue": 403
        },
        "2020-10": {
            "month": "2020-10",
            "price": "88.86",
            "revenue": 57083
        },
        "2020-11": {
            "month": "2020-11",
            "price": "87.33",
            "revenue": 55986
        },
        "2020-12": {
            "month": "2020-12",
            "price": "84.72",
            "revenue": 40351
        },
        "2021-01": {
            "month": "2021-01",
            "price": "77.75",
            "revenue": 41314
        },
        "2021-02": {
            "month": "2021-02",
            "price": "74.89",
            "revenue": 41164
        },
        "2021-03": {
            "month": "2021-03",
            "price": "77.63",
            "revenue": 8782
        },
        "2021-04": {
            "month": "2021-04",
            "price": "75.04",
            "revenue": 56912
        },
        "2021-05": {
            "month": "2021-05",
            "price": "68.37",
            "revenue": 51791
        },
        "2021-06": {
            "month": "2021-06",
            "price": "69.30",
            "revenue": 46496
        },
        "2021-07": {
            "month": "2021-07",
            "price": "63.81",
            "revenue": 32228
        },
        "2021-08": {
            "month": "2021-08",
            "price": "64.19",
            "revenue": 30865
        },
        "2021-09": {
            "month": "2021-09",
            "price": "66.58",
            "revenue": 28032
        },
        "2021-10": {
            "month": "2021-10",
            "price": "70.56",
            "revenue": 36128
        },
        "2021-11": {
            "month": "2021-11",
            "price": "67.74",
            "revenue": 21101
        },
        "2021-12": {
            "month": "2021-12",
            "price": "71.73",
            "revenue": 18630
        },
        "2022-01": {
            "month": "2022-01",
            "price": "67.79",
            "revenue": 13425
        },
        "2022-02": {
            "month": "2022-02",
            "price": "71.21",
            "revenue": 14359
        },
        "2022-03": {
            "month": "2022-03",
            "price": "63.83",
            "revenue": 12886
        },
        "2022-04": {
            "month": "2022-04",
            "price": "64.16",
            "revenue": 40578
        },
        "2022-05": {
            "month": "2022-05",
            "price": "61.07",
            "revenue": 31306
        },
        "2022-06": {
            "month": "2022-06",
            "price": "62.16",
            "revenue": 27400
        },
        "2022-07": {
            "month": "2022-07",
            "price": "56.94",
            "revenue": 28093
        },
        "2022-08": {
            "month": "2022-08",
            "price": "57.17",
            "revenue": 29926
        },
        "2022-09": {
            "month": "2022-09",
            "price": "66.95",
            "revenue": 38560
        },
        "2022-10": {
            "month": "2022-10",
            "price": "58.07",
            "revenue": 100407
        },
        "2022-11": {
            "month": "2022-11",
            "price": "61.23",
            "revenue": 132192
        },
        "2022-12": {
            "month": "2022-12",
            "price": "69.11",
            "revenue": 96794
        },
        "2023-01": {
            "month": "2023-01",
            "price": "67.07",
            "revenue": 24948
        },
        "2023-02": {
            "month": "2023-02",
            "price": "70.81",
            "revenue": 24153
        },
        "2023-03": {
            "month": "2023-03",
            "price": "81.07",
            "revenue": 22666
        },
        "2023-04": {
            "month": "2023-04",
            "price": "106.22",
            "revenue": 41593
        },
        "2023-05": {
            "month": "2023-05",
            "price": "115.50",
            "revenue": 30241
        },
        "2023-06": {
            "month": "2023-06",
            "price": "103.60",
            "revenue": 32408
        },
        "2023-07": {
            "month": "2023-07",
            "price": "97.88",
            "revenue": 45985
        },
        "2023-08": {
            "month": "2023-08",
            "price": "102.22",
            "revenue": 49537
        },
        "2023-09": {
            "month": "2023-09",
            "price": "94.16",
            "revenue": 62030
        },
        "2023-10": {
            "month": "2023-10",
            "price": "85.59",
            "revenue": 42922
        },
        "2023-11": {
            "month": "2023-11",
            "price": "83.79",
            "revenue": 56465
        },
        "2023-12": {
            "month": "2023-12",
            "price": "82.51",
            "revenue": 58827
        },
        "2024-01": {
            "month": "2024-01",
            "price": "86.74",
            "revenue": 43844
        },
        "2024-02": {
            "month": "2024-02",
            "price": "97.55",
            "revenue": 59756
        }
    }
}
