{
    "summary": {
        "stock_name": "台微體",
        "stock_id": "4152",
        "category": "生技醫療",
        "main_business": "授權合作開發收入<br>權利金收入",
        "website_url": "http://www.tlcbio.com",
        "ceo": "葉志鴻",
        "pe_ratio": -11,
        "report_year_from": 2010,
        "report_year_to": 2021,
        "age": 14,
        "eps_negative_percentage": 100,
        "eps_growth_avg": {
            "last_all": null,
            "last_2y": null,
            "last_4y": null,
            "last_8y": null,
            "last_12y": null,
            "last_16y": null,
            "last_20y": null,
            "at_2006_last_3y": null,
            "at_2007_last_3y": null,
            "at_2008_last_3y": null,
            "at_2009_last_3y": null,
            "at_2010_last_3y": null,
            "at_2011_last_3y": null,
            "at_2012_last_3y": null,
            "at_2013_last_3y": null,
            "at_2014_last_3y": null,
            "at_2015_last_3y": null,
            "at_2016_last_3y": null,
            "at_2017_last_3y": null,
            "at_2018_last_3y": null,
            "at_2019_last_3y": null,
            "at_2020_last_3y": null,
            "at_2021_last_3y": null,
            "at_2022_last_3y": null,
            "at_2023_last_3y": null,
            "at_2024_last_3y": null,
            "at_2006_last_all": null,
            "at_2007_last_all": null,
            "at_2008_last_all": null,
            "at_2009_last_all": null,
            "at_2010_last_all": null,
            "at_2011_last_all": null,
            "at_2012_last_all": null,
            "at_2013_last_all": null,
            "at_2014_last_all": null,
            "at_2015_last_all": null,
            "at_2016_last_all": null,
            "at_2017_last_all": null,
            "at_2018_last_all": null,
            "at_2019_last_all": null,
            "at_2020_last_all": null,
            "at_2021_last_all": null,
            "at_2022_last_all": null,
            "at_2023_last_all": null,
            "at_2024_last_all": null
        },
        "latest_eps": -9.28,
        "latest_price": 99.6,
        "latest_roe": -108.77,
        "latest_gross_margin": 100,
        "latest_equity": 555778,
        "latest_revenue": 160176,
        "latest_gross_profit": 160176,
        "latest_net_income": -75507,
        "latest_debt_ratio": 58.24,
        "latest_current_ratio": 301.01,
        "latest_account_receivable_turnover_ratio": 1.67,
        "latest_inventory_turnover_ratio": null,
        "latest_reinvestment_rate": null,
        "latest_research_to_sale_ratio": 137.4
    },
    "eps_dividends": {
        "2001": {
            "cash": 0,
            "stock": 0,
            "eps": 0
        },
        "2002": {
            "cash": 0,
            "stock": 0,
            "eps": 0
        },
        "2003": {
            "cash": 0,
            "stock": 0,
            "eps": 0
        },
        "2004": {
            "cash": 0,
            "stock": 0,
            "eps": 0
        },
        "2005": {
            "cash": 0,
            "stock": 0,
            "eps": 0
        },
        "2006": {
            "cash": 0,
            "stock": 0,
            "eps": 0
        },
        "2007": {
            "cash": 0,
            "stock": 0,
            "eps": 0
        },
        "2008": {
            "cash": 0,
            "stock": 0,
            "eps": 0
        },
        "2009": {
            "cash": 0,
            "stock": 0,
            "eps": 0
        },
        "2010": {
            "cash": 0,
            "stock": 0,
            "eps": 0
        },
        "2011": {
            "cash": 0,
            "stock": 0,
            "eps": 0
        },
        "2012": {
            "cash": 0,
            "stock": 0,
            "eps": -3.24
        },
        "2013": {
            "cash": 0,
            "stock": 0,
            "eps": -8.18
        },
        "2014": {
            "cash": 0,
            "stock": 0,
            "eps": -11.51
        },
        "2015": {
            "cash": 0,
            "stock": 0,
            "eps": -12.25
        },
        "2016": {
            "cash": 0,
            "stock": 0,
            "eps": -14.83
        },
        "2017": {
            "cash": 0,
            "stock": 0,
            "eps": -15.66
        },
        "2018": {
            "cash": 0,
            "stock": 0,
            "eps": -15.48
        },
        "2019": {
            "cash": 0,
            "stock": 0,
            "eps": -12.07
        },
        "2020": {
            "cash": 0,
            "stock": 0,
            "eps": -12.42
        },
        "2021": {
            "cash": 0,
            "stock": 0,
            "eps": -3.05
        }
    },
    "dividends": [],
    "prices": {
        "200101": "無",
        "200102": "無",
        "200103": "無",
        "200104": "無",
        "200105": "無",
        "200106": "無",
        "200107": "無",
        "200108": "無",
        "200109": "無",
        "200110": "無",
        "200111": "無",
        "200112": "無",
        "200201": "無",
        "200202": "無",
        "200203": "無",
        "200204": "無",
        "200205": "無",
        "200206": "無",
        "200207": "無",
        "200208": "無",
        "200209": "無",
        "200210": "無",
        "200211": "無",
        "200212": "無",
        "200301": "無",
        "200302": "無",
        "200303": "無",
        "200304": "無",
        "200305": "無",
        "200306": "無",
        "200307": "無",
        "200308": "無",
        "200309": "無",
        "200310": "無",
        "200311": "無",
        "200312": "無",
        "200401": "無",
        "200402": "無",
        "200403": "無",
        "200404": "無",
        "200405": "無",
        "200406": "無",
        "200407": "無",
        "200408": "無",
        "200409": "無",
        "200410": "無",
        "200411": "無",
        "200412": "無",
        "200501": "無",
        "200502": "無",
        "200503": "無",
        "200504": "無",
        "200505": "無",
        "200506": "無",
        "200507": "無",
        "200508": "無",
        "200509": "無",
        "200510": "無",
        "200511": "無",
        "200512": "無",
        "200601": "無",
        "200602": "無",
        "200603": "無",
        "200604": "無",
        "200605": "無",
        "200606": "無",
        "200607": "無",
        "200608": "無",
        "200609": "無",
        "200610": "無",
        "200611": "無",
        "200612": "無",
        "200701": "無",
        "200702": "無",
        "200703": "無",
        "200704": "無",
        "200705": "無",
        "200706": "無",
        "200707": "無",
        "200708": "無",
        "200709": "無",
        "200710": "無",
        "200711": "無",
        "200712": "無",
        "200801": "無",
        "200802": "無",
        "200803": "無",
        "200804": "無",
        "200805": "無",
        "200806": "無",
        "200807": "無",
        "200808": "無",
        "200809": "無",
        "200810": "無",
        "200811": "無",
        "200812": "無",
        "200901": "無",
        "200902": "無",
        "200903": "無",
        "200904": "無",
        "200905": "無",
        "200906": "無",
        "200907": "無",
        "200908": "無",
        "200909": "無",
        "200910": "無",
        "200911": "無",
        "200912": "無",
        "201001": "無",
        "201002": "無",
        "201003": "無",
        "201004": "無",
        "201005": "無",
        "201006": "無",
        "201007": "無",
        "201008": "無",
        "201009": "無",
        "201010": "無",
        "201011": "無",
        "201012": "無",
        "201101": "無",
        "201102": "無",
        "201103": "無",
        "201104": "無",
        "201105": "無",
        "201106": "無",
        "201107": "無",
        "201108": "無",
        "201109": "無",
        "201110": "67.19",
        "201111": "70.97",
        "201112": "67.94",
        "201201": "69.09",
        "201202": "86.39",
        "201203": "109.47",
        "201204": "110.92",
        "201205": "101.66",
        "201206": "106.63",
        "201207": "105.50",
        "201208": "105.13",
        "201209": "118.06",
        "201210": "158.95",
        "201211": "205.90",
        "201212": "319.29",
        "201301": "343.30",
        "201302": "368.50",
        "201303": "329.79",
        "201304": "269.32",
        "201305": "258.41",
        "201306": "311.26",
        "201307": "344.11",
        "201308": "319.76",
        "201309": "351.08",
        "201310": "406.55",
        "201311": "374.52",
        "201312": "343.27",
        "201401": "310.28",
        "201402": "312.82",
        "201403": "285.24",
        "201404": "263.14",
        "201405": "292.86",
        "201406": "318.72",
        "201407": "277.36",
        "201408": "219.93",
        "201409": "225.19",
        "201410": "207.61",
        "201411": "187.38",
        "201412": "250.75",
        "201501": "257.60",
        "201502": "239.42",
        "201503": "234.82",
        "201504": "207.18",
        "201505": "207.30",
        "201506": "188.14",
        "201507": "179.57",
        "201508": "116.46",
        "201509": "135.80",
        "201510": "139.95",
        "201511": "146.98",
        "201512": "152.37",
        "201601": "138.86",
        "201602": "145.73",
        "201603": "160.57",
        "201604": "139.87",
        "201605": "133.02",
        "201606": "133.98",
        "201607": "137.65",
        "201608": "130.32",
        "201609": "129.05",
        "201610": "131.78",
        "201611": "121.07",
        "201612": "114.82",
        "201701": "117.38",
        "201702": "119.31",
        "201703": "117.13",
        "201704": "114.44",
        "201705": "113.38",
        "201706": "95.24",
        "201707": "96.00",
        "201708": "95.16",
        "201709": "92.95",
        "201710": "83.87",
        "201711": "74.62",
        "201712": "76.46",
        "201801": "98.55",
        "201802": "98.85",
        "201803": "110.37",
        "201804": "113.50",
        "201805": "101.68",
        "201806": "101.15",
        "201807": "106.07",
        "201808": "104.76",
        "201809": "102.58",
        "201810": "94.87",
        "201811": "97.72",
        "201812": "96.39",
        "201901": "94.08",
        "201902": "95.22",
        "201903": "94.60",
        "201904": "92.77",
        "201905": "86.17",
        "201906": "80.95",
        "201907": "86.29",
        "201908": "83.11",
        "201909": "85.66",
        "201910": "82.68",
        "201911": "76.60",
        "201912": "84.20",
        "202001": "84.28",
        "202002": "81.17",
        "202003": "66.54",
        "202004": "67.48",
        "202005": "71.13",
        "202006": "80.63",
        "202007": "90.98",
        "202008": "72.68",
        "202009": "67.15",
        "202010": "64.80",
        "202011": "60.06",
        "202012": "60.82",
        "202101": "66.32",
        "202102": "81.27",
        "202103": "85.00",
        "202104": "87.02",
        "202105": "70.83",
        "202106": "82.62",
        "202107": "96.48",
        "202108": "100.42",
        "202109": "100.71",
        "202110": "無",
        "202111": "無",
        "202112": "無",
        "202201": "無",
        "202202": "無",
        "202203": "無",
        "202204": "無",
        "202205": "無",
        "202206": "無",
        "202207": "無",
        "202208": "無",
        "202209": "無",
        "202210": "無",
        "202211": "無",
        "202212": "無",
        "202301": "無",
        "202302": "無",
        "202303": "無",
        "202304": "無",
        "202305": "無",
        "202306": "無",
        "202307": "無",
        "202308": "無",
        "202309": "無",
        "202310": "無",
        "202311": "無",
        "202312": "無"
    },
    "quarters": {
        "20011": {
            "year_quarter": 20011,
            "year": 2001,
            "quarter": 1,
            "eps": null,
            "eps_growth_year": null,
            "eps_4q": null,
            "eps_4q_growth_year": null,
            "roe": null,
            "roe_4q": 0,
            "gross_profit": null,
            "gross_margin": null,
            "gross_margin_4q_avg": 0,
            "net_income": null,
            "net_income_4q": null,
            "revenue": null,
            "revenue_4q": null,
            "common_shares": null,
            "book_valuer_per_share": null,
            "book_valuer_per_share_4q_avg": 0,
            "equity": null,
            "current_ratio": null,
            "debt_ratio": null,
            "inventory_turnover_ratio": null,
            "account_receivable_turnover_ratio": null,
            "reinvestment_rate": null,
            "research_to_sale_ratio": null,
            "price_fair": 0,
            "eps_avg_yearly": 0,
            "eps_latest_yearly": 0,
            "eps_growth_yearly": 0
        },
        "20012": {
            "year_quarter": 20012,
            "year": 2001,
            "quarter": 2,
            "eps": null,
            "eps_growth_year": null,
            "eps_4q": null,
            "eps_4q_growth_year": null,
            "roe": null,
            "roe_4q": 0,
            "gross_profit": null,
            "gross_margin": null,
            "gross_margin_4q_avg": 0,
            "net_income": null,
            "net_income_4q": null,
            "revenue": null,
            "revenue_4q": null,
            "common_shares": null,
            "book_valuer_per_share": null,
            "book_valuer_per_share_4q_avg": 0,
            "equity": null,
            "current_ratio": null,
            "debt_ratio": null,
            "inventory_turnover_ratio": null,
            "account_receivable_turnover_ratio": null,
            "reinvestment_rate": null,
            "research_to_sale_ratio": null,
            "price_fair": 0,
            "eps_avg_yearly": 0,
            "eps_latest_yearly": 0,
            "eps_growth_yearly": 0
        },
        "20013": {
            "year_quarter": 20013,
            "year": 2001,
            "quarter": 3,
            "eps": null,
            "eps_growth_year": null,
            "eps_4q": null,
            "eps_4q_growth_year": null,
            "roe": null,
            "roe_4q": 0,
            "gross_profit": null,
            "gross_margin": null,
            "gross_margin_4q_avg": 0,
            "net_income": null,
            "net_income_4q": null,
            "revenue": null,
            "revenue_4q": null,
            "common_shares": null,
            "book_valuer_per_share": null,
            "book_valuer_per_share_4q_avg": 0,
            "equity": null,
            "current_ratio": null,
            "debt_ratio": null,
            "inventory_turnover_ratio": null,
            "account_receivable_turnover_ratio": null,
            "reinvestment_rate": null,
            "research_to_sale_ratio": null,
            "price_fair": 0,
            "eps_avg_yearly": 0,
            "eps_latest_yearly": 0,
            "eps_growth_yearly": 0
        },
        "20014": {
            "year_quarter": 20014,
            "year": 2001,
            "quarter": 4,
            "eps": null,
            "eps_growth_year": null,
            "eps_4q": null,
            "eps_4q_growth_year": null,
            "roe": null,
            "roe_4q": 0,
            "gross_profit": null,
            "gross_margin": null,
            "gross_margin_4q_avg": 0,
            "net_income": null,
            "net_income_4q": null,
            "revenue": null,
            "revenue_4q": null,
            "common_shares": null,
            "book_valuer_per_share": null,
            "book_valuer_per_share_4q_avg": 0,
            "equity": null,
            "current_ratio": null,
            "debt_ratio": null,
            "inventory_turnover_ratio": null,
            "account_receivable_turnover_ratio": null,
            "reinvestment_rate": null,
            "research_to_sale_ratio": null,
            "price_fair": 0,
            "eps_avg_yearly": 0,
            "eps_latest_yearly": 0,
            "eps_growth_yearly": 0
        },
        "20021": {
            "year_quarter": 20021,
            "year": 2002,
            "quarter": 1,
            "eps": null,
            "eps_growth_year": null,
            "eps_4q": null,
            "eps_4q_growth_year": null,
            "roe": null,
            "roe_4q": 0,
            "gross_profit": null,
            "gross_margin": null,
            "gross_margin_4q_avg": 0,
            "net_income": null,
            "net_income_4q": null,
            "revenue": null,
            "revenue_4q": null,
            "common_shares": null,
            "book_valuer_per_share": null,
            "book_valuer_per_share_4q_avg": 0,
            "equity": null,
            "current_ratio": null,
            "debt_ratio": null,
            "inventory_turnover_ratio": null,
            "account_receivable_turnover_ratio": null,
            "reinvestment_rate": null,
            "research_to_sale_ratio": null,
            "price_fair": 0,
            "eps_avg_yearly": 0,
            "eps_latest_yearly": 0,
            "eps_growth_yearly": 0
        },
        "20022": {
            "year_quarter": 20022,
            "year": 2002,
            "quarter": 2,
            "eps": null,
            "eps_growth_year": null,
            "eps_4q": null,
            "eps_4q_growth_year": null,
            "roe": null,
            "roe_4q": 0,
            "gross_profit": null,
            "gross_margin": null,
            "gross_margin_4q_avg": 0,
            "net_income": null,
            "net_income_4q": null,
            "revenue": null,
            "revenue_4q": null,
            "common_shares": null,
            "book_valuer_per_share": null,
            "book_valuer_per_share_4q_avg": 0,
            "equity": null,
            "current_ratio": null,
            "debt_ratio": null,
            "inventory_turnover_ratio": null,
            "account_receivable_turnover_ratio": null,
            "reinvestment_rate": null,
            "research_to_sale_ratio": null,
            "price_fair": 0,
            "eps_avg_yearly": 0,
            "eps_latest_yearly": 0,
            "eps_growth_yearly": 0
        },
        "20023": {
            "year_quarter": 20023,
            "year": 2002,
            "quarter": 3,
            "eps": null,
            "eps_growth_year": null,
            "eps_4q": null,
            "eps_4q_growth_year": null,
            "roe": null,
            "roe_4q": 0,
            "gross_profit": null,
            "gross_margin": null,
            "gross_margin_4q_avg": 0,
            "net_income": null,
            "net_income_4q": null,
            "revenue": null,
            "revenue_4q": null,
            "common_shares": null,
            "book_valuer_per_share": null,
            "book_valuer_per_share_4q_avg": 0,
            "equity": null,
            "current_ratio": null,
            "debt_ratio": null,
            "inventory_turnover_ratio": null,
            "account_receivable_turnover_ratio": null,
            "reinvestment_rate": null,
            "research_to_sale_ratio": null,
            "price_fair": 0,
            "eps_avg_yearly": 0,
            "eps_latest_yearly": 0,
            "eps_growth_yearly": 0
        },
        "20024": {
            "year_quarter": 20024,
            "year": 2002,
            "quarter": 4,
            "eps": null,
            "eps_growth_year": null,
            "eps_4q": null,
            "eps_4q_growth_year": null,
            "roe": null,
            "roe_4q": 0,
            "gross_profit": null,
            "gross_margin": null,
            "gross_margin_4q_avg": 0,
            "net_income": null,
            "net_income_4q": null,
            "revenue": null,
            "revenue_4q": null,
            "common_shares": null,
            "book_valuer_per_share": null,
            "book_valuer_per_share_4q_avg": 0,
            "equity": null,
            "current_ratio": null,
            "debt_ratio": null,
            "inventory_turnover_ratio": null,
            "account_receivable_turnover_ratio": null,
            "reinvestment_rate": null,
            "research_to_sale_ratio": null,
            "price_fair": 0,
            "eps_avg_yearly": 0,
            "eps_latest_yearly": 0,
            "eps_growth_yearly": 0
        },
        "20031": {
            "year_quarter": 20031,
            "year": 2003,
            "quarter": 1,
            "eps": null,
            "eps_growth_year": null,
            "eps_4q": null,
            "eps_4q_growth_year": null,
            "roe": null,
            "roe_4q": 0,
            "gross_profit": null,
            "gross_margin": null,
            "gross_margin_4q_avg": 0,
            "net_income": null,
            "net_income_4q": null,
            "revenue": null,
            "revenue_4q": null,
            "common_shares": null,
            "book_valuer_per_share": null,
            "book_valuer_per_share_4q_avg": 0,
            "equity": null,
            "current_ratio": null,
            "debt_ratio": null,
            "inventory_turnover_ratio": null,
            "account_receivable_turnover_ratio": null,
            "reinvestment_rate": null,
            "research_to_sale_ratio": null,
            "price_fair": 0,
            "eps_avg_yearly": 0,
            "eps_latest_yearly": 0,
            "eps_growth_yearly": 0
        },
        "20032": {
            "year_quarter": 20032,
            "year": 2003,
            "quarter": 2,
            "eps": null,
            "eps_growth_year": null,
            "eps_4q": null,
            "eps_4q_growth_year": null,
            "roe": null,
            "roe_4q": 0,
            "gross_profit": null,
            "gross_margin": null,
            "gross_margin_4q_avg": 0,
            "net_income": null,
            "net_income_4q": null,
            "revenue": null,
            "revenue_4q": null,
            "common_shares": null,
            "book_valuer_per_share": null,
            "book_valuer_per_share_4q_avg": 0,
            "equity": null,
            "current_ratio": null,
            "debt_ratio": null,
            "inventory_turnover_ratio": null,
            "account_receivable_turnover_ratio": null,
            "reinvestment_rate": null,
            "research_to_sale_ratio": null,
            "price_fair": 0,
            "eps_avg_yearly": 0,
            "eps_latest_yearly": 0,
            "eps_growth_yearly": 0
        },
        "20033": {
            "year_quarter": 20033,
            "year": 2003,
            "quarter": 3,
            "eps": null,
            "eps_growth_year": null,
            "eps_4q": null,
            "eps_4q_growth_year": null,
            "roe": null,
            "roe_4q": 0,
            "gross_profit": null,
            "gross_margin": null,
            "gross_margin_4q_avg": 0,
            "net_income": null,
            "net_income_4q": null,
            "revenue": null,
            "revenue_4q": null,
            "common_shares": null,
            "book_valuer_per_share": null,
            "book_valuer_per_share_4q_avg": 0,
            "equity": null,
            "current_ratio": null,
            "debt_ratio": null,
            "inventory_turnover_ratio": null,
            "account_receivable_turnover_ratio": null,
            "reinvestment_rate": null,
            "research_to_sale_ratio": null,
            "price_fair": 0,
            "eps_avg_yearly": 0,
            "eps_latest_yearly": 0,
            "eps_growth_yearly": 0
        },
        "20034": {
            "year_quarter": 20034,
            "year": 2003,
            "quarter": 4,
            "eps": null,
            "eps_growth_year": null,
            "eps_4q": null,
            "eps_4q_growth_year": null,
            "roe": null,
            "roe_4q": 0,
            "gross_profit": null,
            "gross_margin": null,
            "gross_margin_4q_avg": 0,
            "net_income": null,
            "net_income_4q": null,
            "revenue": null,
            "revenue_4q": null,
            "common_shares": null,
            "book_valuer_per_share": null,
            "book_valuer_per_share_4q_avg": 0,
            "equity": null,
            "current_ratio": null,
            "debt_ratio": null,
            "inventory_turnover_ratio": null,
            "account_receivable_turnover_ratio": null,
            "reinvestment_rate": null,
            "research_to_sale_ratio": null,
            "price_fair": 0,
            "eps_avg_yearly": 0,
            "eps_latest_yearly": 0,
            "eps_growth_yearly": 0
        },
        "20041": {
            "year_quarter": 20041,
            "year": 2004,
            "quarter": 1,
            "eps": null,
            "eps_growth_year": null,
            "eps_4q": null,
            "eps_4q_growth_year": null,
            "roe": null,
            "roe_4q": 0,
            "gross_profit": null,
            "gross_margin": null,
            "gross_margin_4q_avg": 0,
            "net_income": null,
            "net_income_4q": null,
            "revenue": null,
            "revenue_4q": null,
            "common_shares": null,
            "book_valuer_per_share": null,
            "book_valuer_per_share_4q_avg": 0,
            "equity": null,
            "current_ratio": null,
            "debt_ratio": null,
            "inventory_turnover_ratio": null,
            "account_receivable_turnover_ratio": null,
            "reinvestment_rate": null,
            "research_to_sale_ratio": null,
            "price_fair": 0,
            "eps_avg_yearly": 0,
            "eps_latest_yearly": 0,
            "eps_growth_yearly": 0
        },
        "20042": {
            "year_quarter": 20042,
            "year": 2004,
            "quarter": 2,
            "eps": null,
            "eps_growth_year": null,
            "eps_4q": null,
            "eps_4q_growth_year": null,
            "roe": null,
            "roe_4q": 0,
            "gross_profit": null,
            "gross_margin": null,
            "gross_margin_4q_avg": 0,
            "net_income": null,
            "net_income_4q": null,
            "revenue": null,
            "revenue_4q": null,
            "common_shares": null,
            "book_valuer_per_share": null,
            "book_valuer_per_share_4q_avg": 0,
            "equity": null,
            "current_ratio": null,
            "debt_ratio": null,
            "inventory_turnover_ratio": null,
            "account_receivable_turnover_ratio": null,
            "reinvestment_rate": null,
            "research_to_sale_ratio": null,
            "price_fair": 0,
            "eps_avg_yearly": 0,
            "eps_latest_yearly": 0,
            "eps_growth_yearly": 0
        },
        "20043": {
            "year_quarter": 20043,
            "year": 2004,
            "quarter": 3,
            "eps": null,
            "eps_growth_year": null,
            "eps_4q": null,
            "eps_4q_growth_year": null,
            "roe": null,
            "roe_4q": 0,
            "gross_profit": null,
            "gross_margin": null,
            "gross_margin_4q_avg": 0,
            "net_income": null,
            "net_income_4q": null,
            "revenue": null,
            "revenue_4q": null,
            "common_shares": null,
            "book_valuer_per_share": null,
            "book_valuer_per_share_4q_avg": 0,
            "equity": null,
            "current_ratio": null,
            "debt_ratio": null,
            "inventory_turnover_ratio": null,
            "account_receivable_turnover_ratio": null,
            "reinvestment_rate": null,
            "research_to_sale_ratio": null,
            "price_fair": 0,
            "eps_avg_yearly": 0,
            "eps_latest_yearly": 0,
            "eps_growth_yearly": 0
        },
        "20044": {
            "year_quarter": 20044,
            "year": 2004,
            "quarter": 4,
            "eps": null,
            "eps_growth_year": null,
            "eps_4q": null,
            "eps_4q_growth_year": null,
            "roe": null,
            "roe_4q": 0,
            "gross_profit": null,
            "gross_margin": null,
            "gross_margin_4q_avg": 0,
            "net_income": null,
            "net_income_4q": null,
            "revenue": null,
            "revenue_4q": null,
            "common_shares": null,
            "book_valuer_per_share": null,
            "book_valuer_per_share_4q_avg": 0,
            "equity": null,
            "current_ratio": null,
            "debt_ratio": null,
            "inventory_turnover_ratio": null,
            "account_receivable_turnover_ratio": null,
            "reinvestment_rate": null,
            "research_to_sale_ratio": null,
            "price_fair": 0,
            "eps_avg_yearly": 0,
            "eps_latest_yearly": 0,
            "eps_growth_yearly": 0
        },
        "20051": {
            "year_quarter": 20051,
            "year": 2005,
            "quarter": 1,
            "eps": null,
            "eps_growth_year": null,
            "eps_4q": null,
            "eps_4q_growth_year": null,
            "roe": null,
            "roe_4q": 0,
            "gross_profit": null,
            "gross_margin": null,
            "gross_margin_4q_avg": 0,
            "net_income": null,
            "net_income_4q": null,
            "revenue": null,
            "revenue_4q": null,
            "common_shares": null,
            "book_valuer_per_share": null,
            "book_valuer_per_share_4q_avg": 0,
            "equity": null,
            "current_ratio": null,
            "debt_ratio": null,
            "inventory_turnover_ratio": null,
            "account_receivable_turnover_ratio": null,
            "reinvestment_rate": null,
            "research_to_sale_ratio": null,
            "price_fair": 0,
            "eps_avg_yearly": 0,
            "eps_latest_yearly": 0,
            "eps_growth_yearly": 0
        },
        "20052": {
            "year_quarter": 20052,
            "year": 2005,
            "quarter": 2,
            "eps": null,
            "eps_growth_year": null,
            "eps_4q": null,
            "eps_4q_growth_year": null,
            "roe": null,
            "roe_4q": 0,
            "gross_profit": null,
            "gross_margin": null,
            "gross_margin_4q_avg": 0,
            "net_income": null,
            "net_income_4q": null,
            "revenue": null,
            "revenue_4q": null,
            "common_shares": null,
            "book_valuer_per_share": null,
            "book_valuer_per_share_4q_avg": 0,
            "equity": null,
            "current_ratio": null,
            "debt_ratio": null,
            "inventory_turnover_ratio": null,
            "account_receivable_turnover_ratio": null,
            "reinvestment_rate": null,
            "research_to_sale_ratio": null,
            "price_fair": 0,
            "eps_avg_yearly": 0,
            "eps_latest_yearly": 0,
            "eps_growth_yearly": 0
        },
        "20053": {
            "year_quarter": 20053,
            "year": 2005,
            "quarter": 3,
            "eps": null,
            "eps_growth_year": null,
            "eps_4q": null,
            "eps_4q_growth_year": null,
            "roe": null,
            "roe_4q": 0,
            "gross_profit": null,
            "gross_margin": null,
            "gross_margin_4q_avg": 0,
            "net_income": null,
            "net_income_4q": null,
            "revenue": null,
            "revenue_4q": null,
            "common_shares": null,
            "book_valuer_per_share": null,
            "book_valuer_per_share_4q_avg": 0,
            "equity": null,
            "current_ratio": null,
            "debt_ratio": null,
            "inventory_turnover_ratio": null,
            "account_receivable_turnover_ratio": null,
            "reinvestment_rate": null,
            "research_to_sale_ratio": null,
            "price_fair": 0,
            "eps_avg_yearly": 0,
            "eps_latest_yearly": 0,
            "eps_growth_yearly": 0
        },
        "20054": {
            "year_quarter": 20054,
            "year": 2005,
            "quarter": 4,
            "eps": null,
            "eps_growth_year": null,
            "eps_4q": null,
            "eps_4q_growth_year": null,
            "roe": null,
            "roe_4q": 0,
            "gross_profit": null,
            "gross_margin": null,
            "gross_margin_4q_avg": 0,
            "net_income": null,
            "net_income_4q": null,
            "revenue": null,
            "revenue_4q": null,
            "common_shares": 125668,
            "book_valuer_per_share": 12.95,
            "book_valuer_per_share_4q_avg": 3.24,
            "equity": 162791,
            "current_ratio": 1542.09,
            "debt_ratio": 22.63,
            "inventory_turnover_ratio": null,
            "account_receivable_turnover_ratio": null,
            "reinvestment_rate": null,
            "research_to_sale_ratio": null,
            "price_fair": 0,
            "eps_avg_yearly": 0,
            "eps_latest_yearly": 0,
            "eps_growth_yearly": 0
        },
        "20061": {
            "year_quarter": 20061,
            "year": 2006,
            "quarter": 1,
            "eps": null,
            "eps_growth_year": null,
            "eps_4q": null,
            "eps_4q_growth_year": null,
            "roe": null,
            "roe_4q": 0,
            "gross_profit": null,
            "gross_margin": null,
            "gross_margin_4q_avg": 0,
            "net_income": null,
            "net_income_4q": null,
            "revenue": null,
            "revenue_4q": null,
            "common_shares": null,
            "book_valuer_per_share": null,
            "book_valuer_per_share_4q_avg": 3.24,
            "equity": null,
            "current_ratio": null,
            "debt_ratio": null,
            "inventory_turnover_ratio": null,
            "account_receivable_turnover_ratio": null,
            "reinvestment_rate": null,
            "research_to_sale_ratio": null,
            "price_fair": 0,
            "eps_avg_yearly": 0,
            "eps_latest_yearly": 0,
            "eps_growth_yearly": 0
        },
        "20062": {
            "year_quarter": 20062,
            "year": 2006,
            "quarter": 2,
            "eps": null,
            "eps_growth_year": null,
            "eps_4q": null,
            "eps_4q_growth_year": null,
            "roe": null,
            "roe_4q": 0,
            "gross_profit": null,
            "gross_margin": null,
            "gross_margin_4q_avg": 0,
            "net_income": null,
            "net_income_4q": null,
            "revenue": null,
            "revenue_4q": null,
            "common_shares": null,
            "book_valuer_per_share": null,
            "book_valuer_per_share_4q_avg": 3.24,
            "equity": null,
            "current_ratio": null,
            "debt_ratio": null,
            "inventory_turnover_ratio": null,
            "account_receivable_turnover_ratio": null,
            "reinvestment_rate": null,
            "research_to_sale_ratio": null,
            "price_fair": 0,
            "eps_avg_yearly": 0,
            "eps_latest_yearly": 0,
            "eps_growth_yearly": 0
        },
        "20063": {
            "year_quarter": 20063,
            "year": 2006,
            "quarter": 3,
            "eps": null,
            "eps_growth_year": null,
            "eps_4q": null,
            "eps_4q_growth_year": null,
            "roe": null,
            "roe_4q": 0,
            "gross_profit": null,
            "gross_margin": null,
            "gross_margin_4q_avg": 0,
            "net_income": null,
            "net_income_4q": null,
            "revenue": null,
            "revenue_4q": null,
            "common_shares": null,
            "book_valuer_per_share": null,
            "book_valuer_per_share_4q_avg": 3.24,
            "equity": null,
            "current_ratio": null,
            "debt_ratio": null,
            "inventory_turnover_ratio": null,
            "account_receivable_turnover_ratio": null,
            "reinvestment_rate": null,
            "research_to_sale_ratio": null,
            "price_fair": 0,
            "eps_avg_yearly": 0,
            "eps_latest_yearly": 0,
            "eps_growth_yearly": 0
        },
        "20064": {
            "year_quarter": 20064,
            "year": 2006,
            "quarter": 4,
            "eps": null,
            "eps_growth_year": null,
            "eps_4q": null,
            "eps_4q_growth_year": null,
            "roe": null,
            "roe_4q": 0,
            "gross_profit": null,
            "gross_margin": null,
            "gross_margin_4q_avg": 0,
            "net_income": null,
            "net_income_4q": null,
            "revenue": null,
            "revenue_4q": null,
            "common_shares": 194000,
            "book_valuer_per_share": 17.87,
            "book_valuer_per_share_4q_avg": 4.47,
            "equity": 346611,
            "current_ratio": 1937.4,
            "debt_ratio": 13.96,
            "inventory_turnover_ratio": null,
            "account_receivable_turnover_ratio": null,
            "reinvestment_rate": null,
            "research_to_sale_ratio": null,
            "price_fair": 0,
            "eps_avg_yearly": 0,
            "eps_latest_yearly": 0,
            "eps_growth_yearly": 0
        },
        "20071": {
            "year_quarter": 20071,
            "year": 2007,
            "quarter": 1,
            "eps": null,
            "eps_growth_year": null,
            "eps_4q": null,
            "eps_4q_growth_year": null,
            "roe": null,
            "roe_4q": 0,
            "gross_profit": null,
            "gross_margin": null,
            "gross_margin_4q_avg": 0,
            "net_income": null,
            "net_income_4q": null,
            "revenue": null,
            "revenue_4q": null,
            "common_shares": null,
            "book_valuer_per_share": null,
            "book_valuer_per_share_4q_avg": 4.47,
            "equity": null,
            "current_ratio": null,
            "debt_ratio": null,
            "inventory_turnover_ratio": null,
            "account_receivable_turnover_ratio": null,
            "reinvestment_rate": null,
            "research_to_sale_ratio": null,
            "price_fair": 0,
            "eps_avg_yearly": 0,
            "eps_latest_yearly": 0,
            "eps_growth_yearly": 0
        },
        "20072": {
            "year_quarter": 20072,
            "year": 2007,
            "quarter": 2,
            "eps": null,
            "eps_growth_year": null,
            "eps_4q": null,
            "eps_4q_growth_year": null,
            "roe": null,
            "roe_4q": 0,
            "gross_profit": null,
            "gross_margin": null,
            "gross_margin_4q_avg": 0,
            "net_income": null,
            "net_income_4q": null,
            "revenue": null,
            "revenue_4q": null,
            "common_shares": null,
            "book_valuer_per_share": null,
            "book_valuer_per_share_4q_avg": 4.47,
            "equity": null,
            "current_ratio": null,
            "debt_ratio": null,
            "inventory_turnover_ratio": null,
            "account_receivable_turnover_ratio": null,
            "reinvestment_rate": null,
            "research_to_sale_ratio": null,
            "price_fair": 0,
            "eps_avg_yearly": 0,
            "eps_latest_yearly": 0,
            "eps_growth_yearly": 0
        },
        "20073": {
            "year_quarter": 20073,
            "year": 2007,
            "quarter": 3,
            "eps": null,
            "eps_growth_year": null,
            "eps_4q": null,
            "eps_4q_growth_year": null,
            "roe": null,
            "roe_4q": 0,
            "gross_profit": null,
            "gross_margin": null,
            "gross_margin_4q_avg": 0,
            "net_income": null,
            "net_income_4q": null,
            "revenue": null,
            "revenue_4q": null,
            "common_shares": null,
            "book_valuer_per_share": null,
            "book_valuer_per_share_4q_avg": 4.47,
            "equity": null,
            "current_ratio": null,
            "debt_ratio": null,
            "inventory_turnover_ratio": null,
            "account_receivable_turnover_ratio": null,
            "reinvestment_rate": null,
            "research_to_sale_ratio": null,
            "price_fair": 0,
            "eps_avg_yearly": 0,
            "eps_latest_yearly": 0,
            "eps_growth_yearly": 0
        },
        "20074": {
            "year_quarter": 20074,
            "year": 2007,
            "quarter": 4,
            "eps": null,
            "eps_growth_year": null,
            "eps_4q": null,
            "eps_4q_growth_year": null,
            "roe": null,
            "roe_4q": 0,
            "gross_profit": null,
            "gross_margin": null,
            "gross_margin_4q_avg": 0,
            "net_income": null,
            "net_income_4q": null,
            "revenue": null,
            "revenue_4q": null,
            "common_shares": 194632,
            "book_valuer_per_share": 11.3,
            "book_valuer_per_share_4q_avg": 2.83,
            "equity": 219969,
            "current_ratio": 460.19,
            "debt_ratio": 37.05,
            "inventory_turnover_ratio": null,
            "account_receivable_turnover_ratio": null,
            "reinvestment_rate": null,
            "research_to_sale_ratio": null,
            "price_fair": 0,
            "eps_avg_yearly": 0,
            "eps_latest_yearly": 0,
            "eps_growth_yearly": 0
        },
        "20081": {
            "year_quarter": 20081,
            "year": 2008,
            "quarter": 1,
            "eps": null,
            "eps_growth_year": null,
            "eps_4q": null,
            "eps_4q_growth_year": null,
            "roe": null,
            "roe_4q": 0,
            "gross_profit": null,
            "gross_margin": null,
            "gross_margin_4q_avg": 0,
            "net_income": null,
            "net_income_4q": null,
            "revenue": null,
            "revenue_4q": null,
            "common_shares": null,
            "book_valuer_per_share": null,
            "book_valuer_per_share_4q_avg": 2.83,
            "equity": null,
            "current_ratio": null,
            "debt_ratio": null,
            "inventory_turnover_ratio": null,
            "account_receivable_turnover_ratio": null,
            "reinvestment_rate": null,
            "research_to_sale_ratio": null,
            "price_fair": 0,
            "eps_avg_yearly": 0,
            "eps_latest_yearly": 0,
            "eps_growth_yearly": 0
        },
        "20082": {
            "year_quarter": 20082,
            "year": 2008,
            "quarter": 2,
            "eps": null,
            "eps_growth_year": null,
            "eps_4q": null,
            "eps_4q_growth_year": null,
            "roe": null,
            "roe_4q": 0,
            "gross_profit": null,
            "gross_margin": null,
            "gross_margin_4q_avg": 0,
            "net_income": null,
            "net_income_4q": null,
            "revenue": null,
            "revenue_4q": null,
            "common_shares": null,
            "book_valuer_per_share": null,
            "book_valuer_per_share_4q_avg": 2.83,
            "equity": null,
            "current_ratio": null,
            "debt_ratio": null,
            "inventory_turnover_ratio": null,
            "account_receivable_turnover_ratio": null,
            "reinvestment_rate": null,
            "research_to_sale_ratio": null,
            "price_fair": 0,
            "eps_avg_yearly": 0,
            "eps_latest_yearly": 0,
            "eps_growth_yearly": 0
        },
        "20083": {
            "year_quarter": 20083,
            "year": 2008,
            "quarter": 3,
            "eps": null,
            "eps_growth_year": null,
            "eps_4q": null,
            "eps_4q_growth_year": null,
            "roe": null,
            "roe_4q": 0,
            "gross_profit": null,
            "gross_margin": null,
            "gross_margin_4q_avg": 0,
            "net_income": null,
            "net_income_4q": null,
            "revenue": null,
            "revenue_4q": null,
            "common_shares": null,
            "book_valuer_per_share": null,
            "book_valuer_per_share_4q_avg": 2.83,
            "equity": null,
            "current_ratio": null,
            "debt_ratio": null,
            "inventory_turnover_ratio": null,
            "account_receivable_turnover_ratio": null,
            "reinvestment_rate": null,
            "research_to_sale_ratio": null,
            "price_fair": 0,
            "eps_avg_yearly": 0,
            "eps_latest_yearly": 0,
            "eps_growth_yearly": 0
        },
        "20084": {
            "year_quarter": 20084,
            "year": 2008,
            "quarter": 4,
            "eps": null,
            "eps_growth_year": null,
            "eps_4q": null,
            "eps_4q_growth_year": null,
            "roe": null,
            "roe_4q": 0,
            "gross_profit": null,
            "gross_margin": null,
            "gross_margin_4q_avg": 0,
            "net_income": null,
            "net_income_4q": null,
            "revenue": null,
            "revenue_4q": null,
            "common_shares": 204354,
            "book_valuer_per_share": 3.31,
            "book_valuer_per_share_4q_avg": 0.83,
            "equity": 67622,
            "current_ratio": 119.71,
            "debt_ratio": 63.32,
            "inventory_turnover_ratio": null,
            "account_receivable_turnover_ratio": null,
            "reinvestment_rate": null,
            "research_to_sale_ratio": null,
            "price_fair": 0,
            "eps_avg_yearly": 0,
            "eps_latest_yearly": 0,
            "eps_growth_yearly": 0
        },
        "20091": {
            "year_quarter": 20091,
            "year": 2009,
            "quarter": 1,
            "eps": null,
            "eps_growth_year": null,
            "eps_4q": null,
            "eps_4q_growth_year": null,
            "roe": null,
            "roe_4q": 0,
            "gross_profit": null,
            "gross_margin": null,
            "gross_margin_4q_avg": 0,
            "net_income": null,
            "net_income_4q": null,
            "revenue": null,
            "revenue_4q": null,
            "common_shares": null,
            "book_valuer_per_share": null,
            "book_valuer_per_share_4q_avg": 0.83,
            "equity": null,
            "current_ratio": null,
            "debt_ratio": null,
            "inventory_turnover_ratio": null,
            "account_receivable_turnover_ratio": null,
            "reinvestment_rate": null,
            "research_to_sale_ratio": null,
            "price_fair": 0,
            "eps_avg_yearly": 0,
            "eps_latest_yearly": 0,
            "eps_growth_yearly": 0
        },
        "20092": {
            "year_quarter": 20092,
            "year": 2009,
            "quarter": 2,
            "eps": null,
            "eps_growth_year": null,
            "eps_4q": null,
            "eps_4q_growth_year": null,
            "roe": null,
            "roe_4q": 0,
            "gross_profit": null,
            "gross_margin": null,
            "gross_margin_4q_avg": 0,
            "net_income": null,
            "net_income_4q": null,
            "revenue": null,
            "revenue_4q": null,
            "common_shares": null,
            "book_valuer_per_share": null,
            "book_valuer_per_share_4q_avg": 0.83,
            "equity": null,
            "current_ratio": null,
            "debt_ratio": null,
            "inventory_turnover_ratio": null,
            "account_receivable_turnover_ratio": null,
            "reinvestment_rate": null,
            "research_to_sale_ratio": null,
            "price_fair": 0,
            "eps_avg_yearly": 0,
            "eps_latest_yearly": 0,
            "eps_growth_yearly": 0
        },
        "20093": {
            "year_quarter": 20093,
            "year": 2009,
            "quarter": 3,
            "eps": null,
            "eps_growth_year": null,
            "eps_4q": null,
            "eps_4q_growth_year": null,
            "roe": null,
            "roe_4q": 0,
            "gross_profit": null,
            "gross_margin": null,
            "gross_margin_4q_avg": 0,
            "net_income": null,
            "net_income_4q": null,
            "revenue": null,
            "revenue_4q": null,
            "common_shares": null,
            "book_valuer_per_share": null,
            "book_valuer_per_share_4q_avg": 0.83,
            "equity": null,
            "current_ratio": null,
            "debt_ratio": null,
            "inventory_turnover_ratio": null,
            "account_receivable_turnover_ratio": null,
            "reinvestment_rate": null,
            "research_to_sale_ratio": null,
            "price_fair": 0,
            "eps_avg_yearly": 0,
            "eps_latest_yearly": 0,
            "eps_growth_yearly": 0
        },
        "20094": {
            "year_quarter": 20094,
            "year": 2009,
            "quarter": 4,
            "eps": null,
            "eps_growth_year": null,
            "eps_4q": null,
            "eps_4q_growth_year": null,
            "roe": null,
            "roe_4q": 0,
            "gross_profit": null,
            "gross_margin": null,
            "gross_margin_4q_avg": 0,
            "net_income": null,
            "net_income_4q": null,
            "revenue": null,
            "revenue_4q": null,
            "common_shares": 206273,
            "book_valuer_per_share": 11.15,
            "book_valuer_per_share_4q_avg": 2.79,
            "equity": 230086,
            "current_ratio": 506.17,
            "debt_ratio": 43.09,
            "inventory_turnover_ratio": null,
            "account_receivable_turnover_ratio": null,
            "reinvestment_rate": null,
            "research_to_sale_ratio": null,
            "price_fair": 0,
            "eps_avg_yearly": 0,
            "eps_latest_yearly": 0,
            "eps_growth_yearly": 0
        },
        "20101": {
            "year_quarter": 20101,
            "year": 2010,
            "quarter": 1,
            "eps": null,
            "eps_growth_year": null,
            "eps_4q": null,
            "eps_4q_growth_year": null,
            "roe": null,
            "roe_4q": 0,
            "gross_profit": null,
            "gross_margin": null,
            "gross_margin_4q_avg": 0,
            "net_income": null,
            "net_income_4q": null,
            "revenue": null,
            "revenue_4q": null,
            "common_shares": null,
            "book_valuer_per_share": null,
            "book_valuer_per_share_4q_avg": 2.79,
            "equity": null,
            "current_ratio": null,
            "debt_ratio": null,
            "inventory_turnover_ratio": null,
            "account_receivable_turnover_ratio": null,
            "reinvestment_rate": null,
            "research_to_sale_ratio": null,
            "price_fair": 0,
            "eps_avg_yearly": 0,
            "eps_latest_yearly": 0,
            "eps_growth_yearly": 0
        },
        "20102": {
            "year_quarter": 20102,
            "year": 2010,
            "quarter": 2,
            "eps": null,
            "eps_growth_year": null,
            "eps_4q": null,
            "eps_4q_growth_year": null,
            "roe": null,
            "roe_4q": 0,
            "gross_profit": null,
            "gross_margin": null,
            "gross_margin_4q_avg": 0,
            "net_income": null,
            "net_income_4q": null,
            "revenue": null,
            "revenue_4q": null,
            "common_shares": 208525,
            "book_valuer_per_share": null,
            "book_valuer_per_share_4q_avg": 2.79,
            "equity": 151860,
            "current_ratio": null,
            "debt_ratio": null,
            "inventory_turnover_ratio": null,
            "account_receivable_turnover_ratio": null,
            "reinvestment_rate": null,
            "research_to_sale_ratio": null,
            "price_fair": 0,
            "eps_avg_yearly": 0,
            "eps_latest_yearly": 0,
            "eps_growth_yearly": 0
        },
        "20103": {
            "year_quarter": 20103,
            "year": 2010,
            "quarter": 3,
            "eps": null,
            "eps_growth_year": null,
            "eps_4q": null,
            "eps_4q_growth_year": null,
            "roe": null,
            "roe_4q": 0,
            "gross_profit": null,
            "gross_margin": null,
            "gross_margin_4q_avg": 0,
            "net_income": null,
            "net_income_4q": null,
            "revenue": null,
            "revenue_4q": null,
            "common_shares": null,
            "book_valuer_per_share": null,
            "book_valuer_per_share_4q_avg": 2.79,
            "equity": null,
            "current_ratio": null,
            "debt_ratio": null,
            "inventory_turnover_ratio": null,
            "account_receivable_turnover_ratio": null,
            "reinvestment_rate": null,
            "research_to_sale_ratio": null,
            "price_fair": 0,
            "eps_avg_yearly": 0,
            "eps_latest_yearly": 0,
            "eps_growth_yearly": 0
        },
        "20104": {
            "year_quarter": 20104,
            "year": 2010,
            "quarter": 4,
            "eps": null,
            "eps_growth_year": null,
            "eps_4q": null,
            "eps_4q_growth_year": null,
            "roe": null,
            "roe_4q": 0,
            "gross_profit": null,
            "gross_margin": null,
            "gross_margin_4q_avg": 0,
            "net_income": null,
            "net_income_4q": null,
            "revenue": null,
            "revenue_4q": null,
            "common_shares": 211265,
            "book_valuer_per_share": 1.65,
            "book_valuer_per_share_4q_avg": 0.41,
            "equity": 48264,
            "current_ratio": 123.81,
            "debt_ratio": 79.1,
            "inventory_turnover_ratio": null,
            "account_receivable_turnover_ratio": null,
            "reinvestment_rate": null,
            "research_to_sale_ratio": null,
            "price_fair": 0,
            "eps_avg_yearly": 0,
            "eps_latest_yearly": 0,
            "eps_growth_yearly": 0
        },
        "20111": {
            "year_quarter": 20111,
            "year": 2011,
            "quarter": 1,
            "eps": null,
            "eps_growth_year": null,
            "eps_4q": null,
            "eps_4q_growth_year": null,
            "roe": null,
            "roe_4q": 0,
            "gross_profit": null,
            "gross_margin": null,
            "gross_margin_4q_avg": 0,
            "net_income": null,
            "net_income_4q": null,
            "revenue": null,
            "revenue_4q": null,
            "common_shares": null,
            "book_valuer_per_share": null,
            "book_valuer_per_share_4q_avg": 0.41,
            "equity": null,
            "current_ratio": null,
            "debt_ratio": null,
            "inventory_turnover_ratio": null,
            "account_receivable_turnover_ratio": null,
            "reinvestment_rate": null,
            "research_to_sale_ratio": null,
            "price_fair": 0,
            "eps_avg_yearly": 0,
            "eps_latest_yearly": 0,
            "eps_growth_yearly": 0
        },
        "20112": {
            "year_quarter": 20112,
            "year": 2011,
            "quarter": 2,
            "eps": null,
            "eps_growth_year": null,
            "eps_4q": null,
            "eps_4q_growth_year": null,
            "roe": null,
            "roe_4q": 0,
            "gross_profit": null,
            "gross_margin": null,
            "gross_margin_4q_avg": 0,
            "net_income": null,
            "net_income_4q": null,
            "revenue": null,
            "revenue_4q": null,
            "common_shares": 258379,
            "book_valuer_per_share": 5.53,
            "book_valuer_per_share_4q_avg": 1.8,
            "equity": 190722,
            "current_ratio": 280.42,
            "debt_ratio": 48.97,
            "inventory_turnover_ratio": null,
            "account_receivable_turnover_ratio": null,
            "reinvestment_rate": null,
            "research_to_sale_ratio": null,
            "price_fair": 0,
            "eps_avg_yearly": 0,
            "eps_latest_yearly": 0,
            "eps_growth_yearly": 0
        },
        "20113": {
            "year_quarter": 20113,
            "year": 2011,
            "quarter": 3,
            "eps": null,
            "eps_growth_year": null,
            "eps_4q": null,
            "eps_4q_growth_year": null,
            "roe": null,
            "roe_4q": 0,
            "gross_profit": 7970,
            "gross_margin": null,
            "gross_margin_4q_avg": 0,
            "net_income": -66879,
            "net_income_4q": null,
            "revenue": 7970,
            "revenue_4q": null,
            "common_shares": 344745,
            "book_valuer_per_share": 3.6,
            "book_valuer_per_share_4q_avg": 2.7,
            "equity": 123948,
            "current_ratio": 205.56,
            "debt_ratio": 57.42,
            "inventory_turnover_ratio": null,
            "account_receivable_turnover_ratio": null,
            "reinvestment_rate": null,
            "research_to_sale_ratio": null,
            "price_fair": 0,
            "eps_avg_yearly": 0,
            "eps_latest_yearly": 0,
            "eps_growth_yearly": 0
        },
        "20114": {
            "year_quarter": 20114,
            "year": 2011,
            "quarter": 4,
            "eps": null,
            "eps_growth_year": null,
            "eps_4q": null,
            "eps_4q_growth_year": null,
            "roe": null,
            "roe_4q": 0,
            "gross_profit": 9275,
            "gross_margin": null,
            "gross_margin_4q_avg": 0,
            "net_income": -79558,
            "net_income_4q": null,
            "revenue": 9275,
            "revenue_4q": null,
            "common_shares": 391006,
            "book_valuer_per_share": 8.97,
            "book_valuer_per_share_4q_avg": 4.53,
            "equity": 350850,
            "current_ratio": 604.79,
            "debt_ratio": 30.63,
            "inventory_turnover_ratio": null,
            "account_receivable_turnover_ratio": null,
            "reinvestment_rate": null,
            "research_to_sale_ratio": null,
            "price_fair": 0,
            "eps_avg_yearly": 0,
            "eps_latest_yearly": 0,
            "eps_growth_yearly": 0
        },
        "20121": {
            "year_quarter": 20121,
            "year": 2012,
            "quarter": 1,
            "eps": null,
            "eps_growth_year": null,
            "eps_4q": null,
            "eps_4q_growth_year": null,
            "roe": null,
            "roe_4q": 0,
            "gross_profit": 71620,
            "gross_margin": null,
            "gross_margin_4q_avg": 0,
            "net_income": -5915,
            "net_income_4q": null,
            "revenue": 71620,
            "revenue_4q": null,
            "common_shares": 391006,
            "book_valuer_per_share": null,
            "book_valuer_per_share_4q_avg": 4.53,
            "equity": 341832,
            "current_ratio": null,
            "debt_ratio": null,
            "inventory_turnover_ratio": null,
            "account_receivable_turnover_ratio": null,
            "reinvestment_rate": null,
            "research_to_sale_ratio": null,
            "price_fair": 0,
            "eps_avg_yearly": 0,
            "eps_latest_yearly": 0,
            "eps_growth_yearly": 0
        },
        "20122": {
            "year_quarter": 20122,
            "year": 2012,
            "quarter": 2,
            "eps": null,
            "eps_growth_year": null,
            "eps_4q": null,
            "eps_4q_growth_year": null,
            "roe": null,
            "roe_4q": 0,
            "gross_profit": 53893,
            "gross_margin": null,
            "gross_margin_4q_avg": 0,
            "net_income": -34777,
            "net_income_4q": null,
            "revenue": 53893,
            "revenue_4q": null,
            "common_shares": 392920,
            "book_valuer_per_share": 8.02,
            "book_valuer_per_share_4q_avg": 5.15,
            "equity": 315057,
            "current_ratio": 482.49,
            "debt_ratio": 31.71,
            "inventory_turnover_ratio": null,
            "account_receivable_turnover_ratio": null,
            "reinvestment_rate": null,
            "research_to_sale_ratio": null,
            "price_fair": 0,
            "eps_avg_yearly": 0,
            "eps_latest_yearly": 0,
            "eps_growth_yearly": 0
        },
        "20123": {
            "year_quarter": 20123,
            "year": 2012,
            "quarter": 3,
            "eps": 0.62,
            "eps_growth_year": null,
            "eps_4q": 0.62,
            "eps_4q_growth_year": null,
            "roe": 7.42,
            "roe_4q": 7.42,
            "gross_profit": 95479,
            "gross_margin": 100,
            "gross_margin_4q_avg": 25,
            "net_income": 24354,
            "net_income_4q": null,
            "revenue": 95479,
            "revenue_4q": null,
            "common_shares": 393710,
            "book_valuer_per_share": 8.67,
            "book_valuer_per_share_4q_avg": 6.42,
            "equity": 341250,
            "current_ratio": 552.7,
            "debt_ratio": 28.21,
            "inventory_turnover_ratio": null,
            "account_receivable_turnover_ratio": 2.06,
            "reinvestment_rate": null,
            "research_to_sale_ratio": 59.6,
            "price_fair": 0,
            "eps_avg_yearly": 0,
            "eps_latest_yearly": 0,
            "eps_growth_yearly": 0
        },
        "20124": {
            "year_quarter": 20124,
            "year": 2012,
            "quarter": 4,
            "eps": -3.86,
            "eps_growth_year": null,
            "eps_4q": -3.31,
            "eps_4q_growth_year": null,
            "roe": -27.51,
            "roe_4q": -20.090000000000003,
            "gross_profit": 19664,
            "gross_margin": 100,
            "gross_margin_4q_avg": 50,
            "net_income": -170790,
            "net_income_4q": null,
            "revenue": 19664,
            "revenue_4q": null,
            "common_shares": 439930,
            "book_valuer_per_share": 20.43,
            "book_valuer_per_share_4q_avg": 9.28,
            "equity": 900283,
            "current_ratio": 636.85,
            "debt_ratio": 19.89,
            "inventory_turnover_ratio": null,
            "account_receivable_turnover_ratio": 0.35,
            "reinvestment_rate": null,
            "research_to_sale_ratio": 875.11,
            "price_fair": 0,
            "eps_avg_yearly": 0,
            "eps_latest_yearly": 0,
            "eps_growth_yearly": 0
        },
        "20131": {
            "year_quarter": 20131,
            "year": 2013,
            "quarter": 1,
            "eps": -0.14,
            "eps_growth_year": null,
            "eps_4q": -3.46,
            "eps_4q_growth_year": null,
            "roe": -0.68,
            "roe_4q": -20.770000000000003,
            "gross_profit": 77208,
            "gross_margin": 100,
            "gross_margin_4q_avg": 75,
            "net_income": -6094,
            "net_income_4q": null,
            "revenue": 77208,
            "revenue_4q": null,
            "common_shares": 440696,
            "book_valuer_per_share": 20.21,
            "book_valuer_per_share_4q_avg": 14.33,
            "equity": 890805,
            "current_ratio": 1142.39,
            "debt_ratio": 13.84,
            "inventory_turnover_ratio": null,
            "account_receivable_turnover_ratio": 1.6,
            "reinvestment_rate": null,
            "research_to_sale_ratio": 88.45,
            "price_fair": 0,
            "eps_avg_yearly": 0,
            "eps_latest_yearly": 0,
            "eps_growth_yearly": 0
        },
        "20132": {
            "year_quarter": 20132,
            "year": 2013,
            "quarter": 2,
            "eps": -0.84,
            "eps_growth_year": null,
            "eps_4q": -4.3,
            "eps_4q_growth_year": null,
            "roe": -4.26,
            "roe_4q": -25.03,
            "gross_profit": 48844,
            "gross_margin": 100,
            "gross_margin_4q_avg": 100,
            "net_income": -37139,
            "net_income_4q": null,
            "revenue": 48844,
            "revenue_4q": null,
            "common_shares": 440696,
            "book_valuer_per_share": 19.39,
            "book_valuer_per_share_4q_avg": 17.18,
            "equity": 854614,
            "current_ratio": 1234.5,
            "debt_ratio": 13.58,
            "inventory_turnover_ratio": null,
            "account_receivable_turnover_ratio": 0.83,
            "reinvestment_rate": null,
            "research_to_sale_ratio": 153.81,
            "price_fair": 0,
            "eps_avg_yearly": 0,
            "eps_latest_yearly": 0,
            "eps_growth_yearly": 0
        },
        "20133": {
            "year_quarter": 20133,
            "year": 2013,
            "quarter": 3,
            "eps": -4.35,
            "eps_growth_year": -803.23,
            "eps_4q": -7.68,
            "eps_4q_growth_year": -1342.04,
            "roe": -8.84,
            "roe_4q": -41.29,
            "gross_profit": 23567,
            "gross_margin": 100,
            "gross_margin_4q_avg": 100,
            "net_income": -202072,
            "net_income_4q": null,
            "revenue": 23567,
            "revenue_4q": null,
            "common_shares": 541581,
            "book_valuer_per_share": 68.64,
            "book_valuer_per_share_4q_avg": 32.17,
            "equity": 3717260,
            "current_ratio": 3491.08,
            "debt_ratio": 4.44,
            "inventory_turnover_ratio": null,
            "account_receivable_turnover_ratio": 0.7,
            "reinvestment_rate": null,
            "research_to_sale_ratio": 755.56,
            "price_fair": 0,
            "eps_avg_yearly": 0,
            "eps_latest_yearly": 0,
            "eps_growth_yearly": 0
        },
        "20134": {
            "year_quarter": 20134,
            "year": 2013,
            "quarter": 4,
            "eps": -2.85,
            "eps_growth_year": null,
            "eps_4q": -7.34,
            "eps_4q_growth_year": null,
            "roe": -4.26,
            "roe_4q": -18.04,
            "gross_profit": 9025,
            "gross_margin": 100,
            "gross_margin_4q_avg": 100,
            "net_income": -155665,
            "net_income_4q": null,
            "revenue": 9025,
            "revenue_4q": null,
            "common_shares": 546288,
            "book_valuer_per_share": 65.68,
            "book_valuer_per_share_4q_avg": 43.48,
            "equity": 3588272,
            "current_ratio": 3808.84,
            "debt_ratio": 4.08,
            "inventory_turnover_ratio": null,
            "account_receivable_turnover_ratio": 1.01,
            "reinvestment_rate": null,
            "research_to_sale_ratio": 1648.3,
            "price_fair": 0,
            "eps_avg_yearly": 0,
            "eps_latest_yearly": 0,
            "eps_growth_yearly": 0
        },
        "20141": {
            "year_quarter": 20141,
            "year": 2014,
            "quarter": 1,
            "eps": -2.37,
            "eps_growth_year": null,
            "eps_4q": -9.58,
            "eps_4q_growth_year": null,
            "roe": -3.67,
            "roe_4q": -21.03,
            "gross_profit": 35987,
            "gross_margin": 100,
            "gross_margin_4q_avg": 100,
            "net_income": -129716,
            "net_income_4q": null,
            "revenue": 35987,
            "revenue_4q": null,
            "common_shares": 547552,
            "book_valuer_per_share": 63.61,
            "book_valuer_per_share_4q_avg": 54.33,
            "equity": 3482764,
            "current_ratio": 4820.58,
            "debt_ratio": 3.62,
            "inventory_turnover_ratio": null,
            "account_receivable_turnover_ratio": 1.77,
            "reinvestment_rate": null,
            "research_to_sale_ratio": 422.11,
            "price_fair": 0,
            "eps_avg_yearly": 0,
            "eps_latest_yearly": 0,
            "eps_growth_yearly": 0
        },
        "20142": {
            "year_quarter": 20142,
            "year": 2014,
            "quarter": 2,
            "eps": -2.4,
            "eps_growth_year": null,
            "eps_4q": -11.26,
            "eps_4q_growth_year": null,
            "roe": -3.83,
            "roe_4q": -20.6,
            "gross_profit": 39227,
            "gross_margin": 100,
            "gross_margin_4q_avg": 100,
            "net_income": -131512,
            "net_income_4q": null,
            "revenue": 39227,
            "revenue_4q": null,
            "common_shares": 548662,
            "book_valuer_per_share": 61.55,
            "book_valuer_per_share_4q_avg": 64.87,
            "equity": 3377819,
            "current_ratio": 3969.12,
            "debt_ratio": 3.92,
            "inventory_turnover_ratio": null,
            "account_receivable_turnover_ratio": 1.83,
            "reinvestment_rate": null,
            "research_to_sale_ratio": 385.68,
            "price_fair": 0,
            "eps_avg_yearly": 0,
            "eps_latest_yearly": 0,
            "eps_growth_yearly": 0
        },
        "20143": {
            "year_quarter": 20143,
            "year": 2014,
            "quarter": 3,
            "eps": -3,
            "eps_growth_year": null,
            "eps_4q": -10.51,
            "eps_4q_growth_year": null,
            "roe": -4.96,
            "roe_4q": -16.72,
            "gross_profit": 9973,
            "gross_margin": 100,
            "gross_margin_4q_avg": 100,
            "net_income": -164187,
            "net_income_4q": null,
            "revenue": 9973,
            "revenue_4q": null,
            "common_shares": 553099,
            "book_valuer_per_share": 58.7,
            "book_valuer_per_share_4q_avg": 62.39,
            "equity": 3246883,
            "current_ratio": 3457.77,
            "debt_ratio": 4.23,
            "inventory_turnover_ratio": null,
            "account_receivable_turnover_ratio": 1.43,
            "reinvestment_rate": null,
            "research_to_sale_ratio": 1540.23,
            "price_fair": 0,
            "eps_avg_yearly": 0,
            "eps_latest_yearly": 0,
            "eps_growth_yearly": 0
        },
        "20144": {
            "year_quarter": 20144,
            "year": 2014,
            "quarter": 4,
            "eps": -3.74,
            "eps_growth_year": null,
            "eps_4q": -11.42,
            "eps_4q_growth_year": null,
            "roe": -6.57,
            "roe_4q": -19.03,
            "gross_profit": 10735,
            "gross_margin": 100,
            "gross_margin_4q_avg": 100,
            "net_income": -207445,
            "net_income_4q": null,
            "revenue": 10735,
            "revenue_4q": null,
            "common_shares": 554033,
            "book_valuer_per_share": 55.43,
            "book_valuer_per_share_4q_avg": 59.82,
            "equity": 3071204,
            "current_ratio": 2443.59,
            "debt_ratio": 6.17,
            "inventory_turnover_ratio": null,
            "account_receivable_turnover_ratio": 1.84,
            "reinvestment_rate": null,
            "research_to_sale_ratio": 1934.29,
            "price_fair": 0,
            "eps_avg_yearly": 0,
            "eps_latest_yearly": 0,
            "eps_growth_yearly": 0
        },
        "20151": {
            "year_quarter": 20151,
            "year": 2015,
            "quarter": 1,
            "eps": -2.74,
            "eps_growth_year": null,
            "eps_4q": -11.79,
            "eps_4q_growth_year": null,
            "roe": -5,
            "roe_4q": -20.36,
            "gross_profit": 27763,
            "gross_margin": 100,
            "gross_margin_4q_avg": 100,
            "net_income": -150752,
            "net_income_4q": null,
            "revenue": 27763,
            "revenue_4q": null,
            "common_shares": 554736,
            "book_valuer_per_share": 53.32,
            "book_valuer_per_share_4q_avg": 57.25,
            "equity": 2957681,
            "current_ratio": 2293.35,
            "debt_ratio": 6.89,
            "inventory_turnover_ratio": null,
            "account_receivable_turnover_ratio": 1.87,
            "reinvestment_rate": null,
            "research_to_sale_ratio": 556.71,
            "price_fair": 0,
            "eps_avg_yearly": 0,
            "eps_latest_yearly": 0,
            "eps_growth_yearly": 0
        },
        "20152": {
            "year_quarter": 20152,
            "year": 2015,
            "quarter": 2,
            "eps": -3.48,
            "eps_growth_year": null,
            "eps_4q": -12.86,
            "eps_4q_growth_year": null,
            "roe": -6.65,
            "roe_4q": -23.18,
            "gross_profit": 10607,
            "gross_margin": 100,
            "gross_margin_4q_avg": 100,
            "net_income": -191836,
            "net_income_4q": null,
            "revenue": 10607,
            "revenue_4q": null,
            "common_shares": 555295,
            "book_valuer_per_share": 50.59,
            "book_valuer_per_share_4q_avg": 54.51,
            "equity": 2809161,
            "current_ratio": 1833.32,
            "debt_ratio": 7.53,
            "inventory_turnover_ratio": null,
            "account_receivable_turnover_ratio": 0.44,
            "reinvestment_rate": null,
            "research_to_sale_ratio": 1652.91,
            "price_fair": 0,
            "eps_avg_yearly": 0,
            "eps_latest_yearly": 0,
            "eps_growth_yearly": 0
        },
        "20153": {
            "year_quarter": 20153,
            "year": 2015,
            "quarter": 3,
            "eps": -3.37,
            "eps_growth_year": null,
            "eps_4q": -13.27,
            "eps_4q_growth_year": null,
            "roe": -6.82,
            "roe_4q": -25.04,
            "gross_profit": 9992,
            "gross_margin": 100,
            "gross_margin_4q_avg": 100,
            "net_income": -185936,
            "net_income_4q": null,
            "revenue": 9992,
            "revenue_4q": null,
            "common_shares": 555866,
            "book_valuer_per_share": 47.72,
            "book_valuer_per_share_4q_avg": 51.77,
            "equity": 2646343,
            "current_ratio": 1980.46,
            "debt_ratio": 8.2,
            "inventory_turnover_ratio": null,
            "account_receivable_turnover_ratio": 0.41,
            "reinvestment_rate": null,
            "research_to_sale_ratio": 1715.98,
            "price_fair": 0,
            "eps_avg_yearly": 0,
            "eps_latest_yearly": 0,
            "eps_growth_yearly": 0
        },
        "20154": {
            "year_quarter": 20154,
            "year": 2015,
            "quarter": 4,
            "eps": -2.66,
            "eps_growth_year": null,
            "eps_4q": -12.21,
            "eps_4q_growth_year": null,
            "roe": -5.74,
            "roe_4q": -24.21,
            "gross_profit": 11409,
            "gross_margin": 100,
            "gross_margin_4q_avg": 100,
            "net_income": -147161,
            "net_income_4q": null,
            "revenue": 11409,
            "revenue_4q": null,
            "common_shares": 556203,
            "book_valuer_per_share": 44.91,
            "book_valuer_per_share_4q_avg": 49.14,
            "equity": 2485470,
            "current_ratio": 1417.37,
            "debt_ratio": 9.45,
            "inventory_turnover_ratio": null,
            "account_receivable_turnover_ratio": 0.46,
            "reinvestment_rate": null,
            "research_to_sale_ratio": 1170.14,
            "price_fair": 0,
            "eps_avg_yearly": 0,
            "eps_latest_yearly": 0,
            "eps_growth_yearly": 0
        },
        "20161": {
            "year_quarter": 20161,
            "year": 2016,
            "quarter": 1,
            "eps": -3,
            "eps_growth_year": null,
            "eps_4q": -12.4,
            "eps_4q_growth_year": null,
            "roe": -6.82,
            "roe_4q": -26.03,
            "gross_profit": 9503,
            "gross_margin": 100,
            "gross_margin_4q_avg": 100,
            "net_income": -166049,
            "net_income_4q": null,
            "revenue": 9503,
            "revenue_4q": null,
            "common_shares": 557088,
            "book_valuer_per_share": 42.85,
            "book_valuer_per_share_4q_avg": 46.52,
            "equity": 2387166,
            "current_ratio": 1669.18,
            "debt_ratio": 8.56,
            "inventory_turnover_ratio": null,
            "account_receivable_turnover_ratio": 0.39,
            "reinvestment_rate": null,
            "research_to_sale_ratio": 1503.48,
            "price_fair": 0,
            "eps_avg_yearly": 0,
            "eps_latest_yearly": 0,
            "eps_growth_yearly": 0
        },
        "20162": {
            "year_quarter": 20162,
            "year": 2016,
            "quarter": 2,
            "eps": -2.75,
            "eps_growth_year": null,
            "eps_4q": -11.69,
            "eps_4q_growth_year": null,
            "roe": -6.54,
            "roe_4q": -25.92,
            "gross_profit": 9711,
            "gross_margin": 100,
            "gross_margin_4q_avg": 100,
            "net_income": -152031,
            "net_income_4q": null,
            "revenue": 9711,
            "revenue_4q": null,
            "common_shares": 557214,
            "book_valuer_per_share": 40.6,
            "book_valuer_per_share_4q_avg": 44.02,
            "equity": 2262249,
            "current_ratio": 1737.81,
            "debt_ratio": 8.51,
            "inventory_turnover_ratio": null,
            "account_receivable_turnover_ratio": 0.4,
            "reinvestment_rate": null,
            "research_to_sale_ratio": 1405.39,
            "price_fair": 0,
            "eps_avg_yearly": 0,
            "eps_latest_yearly": 0,
            "eps_growth_yearly": 0
        },
        "20163": {
            "year_quarter": 20163,
            "year": 2016,
            "quarter": 3,
            "eps": -4.24,
            "eps_growth_year": null,
            "eps_4q": -12.59,
            "eps_4q_growth_year": null,
            "roe": -10.96,
            "roe_4q": -30.060000000000002,
            "gross_profit": 9819,
            "gross_margin": 100,
            "gross_margin_4q_avg": 100,
            "net_income": -236466,
            "net_income_4q": null,
            "revenue": 9819,
            "revenue_4q": null,
            "common_shares": 557256,
            "book_valuer_per_share": 36.81,
            "book_valuer_per_share_4q_avg": 41.29,
            "equity": 2051324,
            "current_ratio": 1549.99,
            "debt_ratio": 9.43,
            "inventory_turnover_ratio": null,
            "account_receivable_turnover_ratio": 0.48,
            "reinvestment_rate": null,
            "research_to_sale_ratio": 2113.1,
            "price_fair": 0,
            "eps_avg_yearly": 0,
            "eps_latest_yearly": 0,
            "eps_growth_yearly": 0
        },
        "20164": {
            "year_quarter": 20164,
            "year": 2016,
            "quarter": 4,
            "eps": -4.84,
            "eps_growth_year": null,
            "eps_4q": -14.79,
            "eps_4q_growth_year": null,
            "roe": -14,
            "roe_4q": -38.32,
            "gross_profit": 12641,
            "gross_margin": 100,
            "gross_margin_4q_avg": 100,
            "net_income": -269770,
            "net_income_4q": null,
            "revenue": 12641,
            "revenue_4q": null,
            "common_shares": 557306,
            "book_valuer_per_share": 32.36,
            "book_valuer_per_share_4q_avg": 38.16,
            "equity": 1803542,
            "current_ratio": 984.77,
            "debt_ratio": 14.07,
            "inventory_turnover_ratio": null,
            "account_receivable_turnover_ratio": 0.77,
            "reinvestment_rate": null,
            "research_to_sale_ratio": 1978.01,
            "price_fair": 0,
            "eps_avg_yearly": 0,
            "eps_latest_yearly": 0,
            "eps_growth_yearly": 0
        },
        "20171": {
            "year_quarter": 20171,
            "year": 2017,
            "quarter": 1,
            "eps": -2.87,
            "eps_growth_year": null,
            "eps_4q": -14.68,
            "eps_4q_growth_year": null,
            "roe": -9.24,
            "roe_4q": -40.74,
            "gross_profit": 11862,
            "gross_margin": 100,
            "gross_margin_4q_avg": 100,
            "net_income": -159868,
            "net_income_4q": null,
            "revenue": 11862,
            "revenue_4q": null,
            "common_shares": 557306,
            "book_valuer_per_share": 29.72,
            "book_valuer_per_share_4q_avg": 34.87,
            "equity": 1656318,
            "current_ratio": 1008.31,
            "debt_ratio": 14.92,
            "inventory_turnover_ratio": null,
            "account_receivable_turnover_ratio": 0.72,
            "reinvestment_rate": null,
            "research_to_sale_ratio": 1239.19,
            "price_fair": 0,
            "eps_avg_yearly": 0,
            "eps_latest_yearly": 0,
            "eps_growth_yearly": 0
        },
        "20172": {
            "year_quarter": 20172,
            "year": 2017,
            "quarter": 2,
            "eps": -4.09,
            "eps_growth_year": null,
            "eps_4q": -16.04,
            "eps_4q_growth_year": null,
            "roe": -14.71,
            "roe_4q": -48.910000000000004,
            "gross_profit": 12005,
            "gross_margin": 100,
            "gross_margin_4q_avg": 100,
            "net_income": -227969,
            "net_income_4q": null,
            "revenue": 12005,
            "revenue_4q": null,
            "common_shares": 557284,
            "book_valuer_per_share": 25.91,
            "book_valuer_per_share_4q_avg": 31.2,
            "equity": 1444094,
            "current_ratio": 872.03,
            "debt_ratio": 16.23,
            "inventory_turnover_ratio": null,
            "account_receivable_turnover_ratio": 0.74,
            "reinvestment_rate": null,
            "research_to_sale_ratio": 1779.18,
            "price_fair": 0,
            "eps_avg_yearly": 0,
            "eps_latest_yearly": 0,
            "eps_growth_yearly": 0
        },
        "20173": {
            "year_quarter": 20173,
            "year": 2017,
            "quarter": 3,
            "eps": -4.03,
            "eps_growth_year": null,
            "eps_4q": -15.82,
            "eps_4q_growth_year": null,
            "roe": -16.68,
            "roe_4q": -54.63,
            "gross_profit": 13371,
            "gross_margin": 100,
            "gross_margin_4q_avg": 100,
            "net_income": -223512,
            "net_income_4q": null,
            "revenue": 13371,
            "revenue_4q": null,
            "common_shares": 557131,
            "book_valuer_per_share": 22.18,
            "book_valuer_per_share_4q_avg": 27.54,
            "equity": 1235730,
            "current_ratio": 610.94,
            "debt_ratio": 20.12,
            "inventory_turnover_ratio": null,
            "account_receivable_turnover_ratio": 1.05,
            "reinvestment_rate": null,
            "research_to_sale_ratio": 1526.14,
            "price_fair": 0,
            "eps_avg_yearly": 0,
            "eps_latest_yearly": 0,
            "eps_growth_yearly": 0
        },
        "20174": {
            "year_quarter": 20174,
            "year": 2017,
            "quarter": 4,
            "eps": -4.67,
            "eps_growth_year": null,
            "eps_4q": -15.55,
            "eps_4q_growth_year": null,
            "roe": -23.63,
            "roe_4q": -64.26,
            "gross_profit": 12397,
            "gross_margin": 100,
            "gross_margin_4q_avg": 100,
            "net_income": -262613,
            "net_income_4q": null,
            "revenue": 12397,
            "revenue_4q": null,
            "common_shares": 561990,
            "book_valuer_per_share": 17.57,
            "book_valuer_per_share_4q_avg": 23.85,
            "equity": 987284,
            "current_ratio": 544.86,
            "debt_ratio": 21.8,
            "inventory_turnover_ratio": null,
            "account_receivable_turnover_ratio": 1.45,
            "reinvestment_rate": null,
            "research_to_sale_ratio": 2005.39,
            "price_fair": 0,
            "eps_avg_yearly": 0,
            "eps_latest_yearly": 0,
            "eps_growth_yearly": 0
        },
        "20181": {
            "year_quarter": 20181,
            "year": 2018,
            "quarter": 1,
            "eps": -2.99,
            "eps_growth_year": null,
            "eps_4q": -15.67,
            "eps_4q_growth_year": null,
            "roe": -18.41,
            "roe_4q": -73.43,
            "gross_profit": 14091,
            "gross_margin": 100,
            "gross_margin_4q_avg": 100,
            "net_income": -166303,
            "net_income_4q": null,
            "revenue": 14091,
            "revenue_4q": null,
            "common_shares": 561990,
            "book_valuer_per_share": 14.58,
            "book_valuer_per_share_4q_avg": 20.06,
            "equity": 819256,
            "current_ratio": 449.51,
            "debt_ratio": 24.88,
            "inventory_turnover_ratio": null,
            "account_receivable_turnover_ratio": 1.83,
            "reinvestment_rate": null,
            "research_to_sale_ratio": 1072.35,
            "price_fair": 0,
            "eps_avg_yearly": 0,
            "eps_latest_yearly": 0,
            "eps_growth_yearly": 0
        },
        "20182": {
            "year_quarter": 20182,
            "year": 2018,
            "quarter": 2,
            "eps": -4.18,
            "eps_growth_year": null,
            "eps_4q": -15.75,
            "eps_4q_growth_year": null,
            "roe": -32.86,
            "roe_4q": -91.57999999999998,
            "gross_profit": 15572,
            "gross_margin": 100,
            "gross_margin_4q_avg": 100,
            "net_income": -232569,
            "net_income_4q": null,
            "revenue": 15572,
            "revenue_4q": null,
            "common_shares": 561990,
            "book_valuer_per_share": 10.61,
            "book_valuer_per_share_4q_avg": 16.24,
            "equity": 596334,
            "current_ratio": 396.81,
            "debt_ratio": 51.7,
            "inventory_turnover_ratio": null,
            "account_receivable_turnover_ratio": 2.09,
            "reinvestment_rate": null,
            "research_to_sale_ratio": 1385.42,
            "price_fair": 0,
            "eps_avg_yearly": 0,
            "eps_latest_yearly": 0,
            "eps_growth_yearly": 0
        },
        "20183": {
            "year_quarter": 20183,
            "year": 2018,
            "quarter": 3,
            "eps": -3.52,
            "eps_growth_year": null,
            "eps_4q": -15.25,
            "eps_4q_growth_year": null,
            "roe": -38.9,
            "roe_4q": -113.79999999999998,
            "gross_profit": 15279,
            "gross_margin": 100,
            "gross_margin_4q_avg": 100,
            "net_income": -196000,
            "net_income_4q": null,
            "revenue": 15279,
            "revenue_4q": null,
            "common_shares": 562240,
            "book_valuer_per_share": 7.32,
            "book_valuer_per_share_4q_avg": 12.52,
            "equity": 411370,
            "current_ratio": 318.96,
            "debt_ratio": 59.33,
            "inventory_turnover_ratio": null,
            "account_receivable_turnover_ratio": 1.88,
            "reinvestment_rate": null,
            "research_to_sale_ratio": 1207.91,
            "price_fair": 0,
            "eps_avg_yearly": 0,
            "eps_latest_yearly": 0,
            "eps_growth_yearly": 0
        },
        "20184": {
            "year_quarter": 20184,
            "year": 2018,
            "quarter": 4,
            "eps": -4.79,
            "eps_growth_year": null,
            "eps_4q": -14.08,
            "eps_4q_growth_year": null,
            "roe": -56.77,
            "roe_4q": -146.94,
            "gross_profit": 17382,
            "gross_margin": 100,
            "gross_margin_4q_avg": 100,
            "net_income": -306702,
            "net_income_4q": null,
            "revenue": 17382,
            "revenue_4q": null,
            "common_shares": 640451,
            "book_valuer_per_share": 10.45,
            "book_valuer_per_share_4q_avg": 10.74,
            "equity": 669196,
            "current_ratio": 345.26,
            "debt_ratio": 52.8,
            "inventory_turnover_ratio": null,
            "account_receivable_turnover_ratio": 1.99,
            "reinvestment_rate": null,
            "research_to_sale_ratio": 1617.63,
            "price_fair": 0,
            "eps_avg_yearly": 0,
            "eps_latest_yearly": 0,
            "eps_growth_yearly": 0
        },
        "20191": {
            "year_quarter": 20191,
            "year": 2019,
            "quarter": 1,
            "eps": -1.76,
            "eps_growth_year": null,
            "eps_4q": -13.22,
            "eps_4q_growth_year": null,
            "roe": -18.09,
            "roe_4q": -146.62,
            "gross_profit": 157765,
            "gross_margin": 100,
            "gross_margin_4q_avg": 100,
            "net_income": -111685,
            "net_income_4q": null,
            "revenue": 157765,
            "revenue_4q": null,
            "common_shares": 640451,
            "book_valuer_per_share": 8.83,
            "book_valuer_per_share_4q_avg": 9.3,
            "equity": 565294,
            "current_ratio": 268.55,
            "debt_ratio": 59.69,
            "inventory_turnover_ratio": null,
            "account_receivable_turnover_ratio": 17.26,
            "reinvestment_rate": null,
            "research_to_sale_ratio": 145.25,
            "price_fair": 0,
            "eps_avg_yearly": 0,
            "eps_latest_yearly": 0,
            "eps_growth_yearly": 0
        },
        "20192": {
            "year_quarter": 20192,
            "year": 2019,
            "quarter": 2,
            "eps": -3.79,
            "eps_growth_year": null,
            "eps_4q": -13.37,
            "eps_4q_growth_year": null,
            "roe": -53.82,
            "roe_4q": -167.58,
            "gross_profit": 20592,
            "gross_margin": 100,
            "gross_margin_4q_avg": 100,
            "net_income": -241476,
            "net_income_4q": null,
            "revenue": 20592,
            "revenue_4q": null,
            "common_shares": 640275,
            "book_valuer_per_share": 5.19,
            "book_valuer_per_share_4q_avg": 7.95,
            "equity": 332070,
            "current_ratio": 126.46,
            "debt_ratio": 69.23,
            "inventory_turnover_ratio": null,
            "account_receivable_turnover_ratio": 1.74,
            "reinvestment_rate": null,
            "research_to_sale_ratio": 1088.85,
            "price_fair": 0,
            "eps_avg_yearly": 0,
            "eps_latest_yearly": 0,
            "eps_growth_yearly": 0
        },
        "20193": {
            "year_quarter": 20193,
            "year": 2019,
            "quarter": 3,
            "eps": -2.8,
            "eps_growth_year": null,
            "eps_4q": -7.02,
            "eps_4q_growth_year": null,
            "roe": -34.14,
            "roe_4q": -162.82000000000002,
            "gross_profit": 18837,
            "gross_margin": 100,
            "gross_margin_4q_avg": 100,
            "net_income": -178425,
            "net_income_4q": null,
            "revenue": 18837,
            "revenue_4q": null,
            "common_shares": 640275,
            "book_valuer_per_share": 10.08,
            "book_valuer_per_share_4q_avg": 8.64,
            "equity": 713152,
            "current_ratio": 201.14,
            "debt_ratio": 48.03,
            "inventory_turnover_ratio": null,
            "account_receivable_turnover_ratio": 1.56,
            "reinvestment_rate": null,
            "research_to_sale_ratio": 838.25,
            "price_fair": 0,
            "eps_avg_yearly": 0,
            "eps_latest_yearly": 0,
            "eps_growth_yearly": 0
        },
        "20194": {
            "year_quarter": 20194,
            "year": 2019,
            "quarter": 4,
            "eps": -3.72,
            "eps_growth_year": null,
            "eps_4q": -10.88,
            "eps_4q_growth_year": null,
            "roe": -38.46,
            "roe_4q": -144.51,
            "gross_profit": 11946,
            "gross_margin": 100,
            "gross_margin_4q_avg": 100,
            "net_income": -275936,
            "net_income_4q": null,
            "revenue": 11946,
            "revenue_4q": null,
            "common_shares": 741939,
            "book_valuer_per_share": 9.73,
            "book_valuer_per_share_4q_avg": 8.46,
            "equity": 721910,
            "current_ratio": 196.81,
            "debt_ratio": 47.91,
            "inventory_turnover_ratio": null,
            "account_receivable_turnover_ratio": 0.97,
            "reinvestment_rate": null,
            "research_to_sale_ratio": 2085.6,
            "price_fair": 0,
            "eps_avg_yearly": 0,
            "eps_latest_yearly": 0,
            "eps_growth_yearly": 0
        },
        "20201": {
            "year_quarter": 20201,
            "year": 2020,
            "quarter": 1,
            "eps": -2.9,
            "eps_growth_year": null,
            "eps_4q": -12.27,
            "eps_4q_growth_year": null,
            "roe": -34.89,
            "roe_4q": -161.31,
            "gross_profit": 11974,
            "gross_margin": 100,
            "gross_margin_4q_avg": 100,
            "net_income": -214585,
            "net_income_4q": null,
            "revenue": 11974,
            "revenue_4q": null,
            "common_shares": 741889,
            "book_valuer_per_share": 6.85,
            "book_valuer_per_share_4q_avg": 7.96,
            "equity": 508191,
            "current_ratio": 162.89,
            "debt_ratio": 54.73,
            "inventory_turnover_ratio": null,
            "account_receivable_turnover_ratio": 1.06,
            "reinvestment_rate": null,
            "research_to_sale_ratio": 1601.62,
            "price_fair": 0,
            "eps_avg_yearly": 0,
            "eps_latest_yearly": 0,
            "eps_growth_yearly": 0
        },
        "20202": {
            "year_quarter": 20202,
            "year": 2020,
            "quarter": 2,
            "eps": -3.28,
            "eps_growth_year": null,
            "eps_4q": -10.83,
            "eps_4q_growth_year": null,
            "roe": -33.21,
            "roe_4q": -140.7,
            "gross_profit": 11776,
            "gross_margin": 100,
            "gross_margin_4q_avg": 100,
            "net_income": -242437,
            "net_income_4q": null,
            "revenue": 11776,
            "revenue_4q": null,
            "common_shares": 841889,
            "book_valuer_per_share": 11.31,
            "book_valuer_per_share_4q_avg": 9.49,
            "equity": 951994,
            "current_ratio": 582.79,
            "debt_ratio": 44.9,
            "inventory_turnover_ratio": null,
            "account_receivable_turnover_ratio": 1.51,
            "reinvestment_rate": null,
            "research_to_sale_ratio": 1943.62,
            "price_fair": 0,
            "eps_avg_yearly": 0,
            "eps_latest_yearly": 0,
            "eps_growth_yearly": 0
        },
        "20203": {
            "year_quarter": 20203,
            "year": 2020,
            "quarter": 3,
            "eps": -2.78,
            "eps_growth_year": null,
            "eps_4q": -11.49,
            "eps_4q_growth_year": null,
            "roe": -27.91,
            "roe_4q": -134.47,
            "gross_profit": 66095,
            "gross_margin": 100,
            "gross_margin_4q_avg": 100,
            "net_income": -233693,
            "net_income_4q": null,
            "revenue": 66095,
            "revenue_4q": null,
            "common_shares": 841549,
            "book_valuer_per_share": 8.58,
            "book_valuer_per_share_4q_avg": 9.12,
            "equity": 722441,
            "current_ratio": 405.91,
            "debt_ratio": 51.39,
            "inventory_turnover_ratio": null,
            "account_receivable_turnover_ratio": 1.81,
            "reinvestment_rate": null,
            "research_to_sale_ratio": 410.83,
            "price_fair": 0,
            "eps_avg_yearly": 0,
            "eps_latest_yearly": 0,
            "eps_growth_yearly": 0
        },
        "20204": {
            "year_quarter": 20204,
            "year": 2020,
            "quarter": 4,
            "eps": -3.46,
            "eps_growth_year": null,
            "eps_4q": -11.66,
            "eps_4q_growth_year": null,
            "roe": -36.9,
            "roe_4q": -132.91000000000003,
            "gross_profit": 12083,
            "gross_margin": 100,
            "gross_margin_4q_avg": 100,
            "net_income": -292594,
            "net_income_4q": null,
            "revenue": 12083,
            "revenue_4q": null,
            "common_shares": 841549,
            "book_valuer_per_share": 5.2,
            "book_valuer_per_share_4q_avg": 7.99,
            "equity": 863327,
            "current_ratio": 411.34,
            "debt_ratio": 50.65,
            "inventory_turnover_ratio": null,
            "account_receivable_turnover_ratio": 0.33,
            "reinvestment_rate": null,
            "research_to_sale_ratio": 2278.43,
            "price_fair": 0,
            "eps_avg_yearly": 0,
            "eps_latest_yearly": 0,
            "eps_growth_yearly": 0
        },
        "20211": {
            "year_quarter": 20211,
            "year": 2021,
            "quarter": 1,
            "eps": -2.39,
            "eps_growth_year": null,
            "eps_4q": -11.51,
            "eps_4q_growth_year": null,
            "roe": -29.02,
            "roe_4q": -127.03999999999999,
            "gross_profit": 37618,
            "gross_margin": 100,
            "gross_margin_4q_avg": 100,
            "net_income": -218237,
            "net_income_4q": null,
            "revenue": 37618,
            "revenue_4q": null,
            "common_shares": 841549,
            "book_valuer_per_share": 2.8,
            "book_valuer_per_share_4q_avg": 6.97,
            "equity": 640634,
            "current_ratio": 310.1,
            "debt_ratio": 57.56,
            "inventory_turnover_ratio": null,
            "account_receivable_turnover_ratio": 1.71,
            "reinvestment_rate": null,
            "research_to_sale_ratio": 592.2,
            "price_fair": 0,
            "eps_avg_yearly": 0,
            "eps_latest_yearly": 0,
            "eps_growth_yearly": 0
        },
        "20212": {
            "year_quarter": 20212,
            "year": 2021,
            "quarter": 2,
            "eps": -0.66,
            "eps_growth_year": null,
            "eps_4q": -9.28,
            "eps_4q_growth_year": null,
            "roe": -12.62,
            "roe_4q": -106.44999999999999,
            "gross_profit": 160176,
            "gross_margin": 100,
            "gross_margin_4q_avg": 100,
            "net_income": -75507,
            "net_income_4q": null,
            "revenue": 160176,
            "revenue_4q": null,
            "common_shares": 841549,
            "book_valuer_per_share": 2.09,
            "book_valuer_per_share_4q_avg": 4.67,
            "equity": 555778,
            "current_ratio": 301.01,
            "debt_ratio": 58.24,
            "inventory_turnover_ratio": null,
            "account_receivable_turnover_ratio": 1.67,
            "reinvestment_rate": null,
            "research_to_sale_ratio": 137.4,
            "price_fair": 0,
            "eps_avg_yearly": 0,
            "eps_latest_yearly": 0,
            "eps_growth_yearly": 0
        }
    },
    "months": {
        "2011-10": {
            "month": "2011-10",
            "price": "67.19",
            "revenue": 3204
        },
        "2011-11": {
            "month": "2011-11",
            "price": "70.97",
            "revenue": 2889
        },
        "2011-12": {
            "month": "2011-12",
            "price": "67.94",
            "revenue": 3182
        },
        "2012-01": {
            "month": "2012-01",
            "price": "69.09",
            "revenue": 3346
        },
        "2012-02": {
            "month": "2012-02",
            "price": "86.39",
            "revenue": 3588
        },
        "2012-03": {
            "month": "2012-03",
            "price": "109.47",
            "revenue": 64686
        },
        "2012-04": {
            "month": "2012-04",
            "price": "110.92",
            "revenue": 38968
        },
        "2012-05": {
            "month": "2012-05",
            "price": "101.66",
            "revenue": 7357
        },
        "2012-06": {
            "month": "2012-06",
            "price": "106.63",
            "revenue": 7568
        },
        "2012-07": {
            "month": "2012-07",
            "price": "105.50",
            "revenue": 5154
        },
        "2012-08": {
            "month": "2012-08",
            "price": "105.13",
            "revenue": 19741
        },
        "2012-09": {
            "month": "2012-09",
            "price": "118.06",
            "revenue": 70584
        },
        "2012-10": {
            "month": "2012-10",
            "price": "158.95",
            "revenue": 4552
        },
        "2012-11": {
            "month": "2012-11",
            "price": "205.90",
            "revenue": 7651
        },
        "2012-12": {
            "month": "2012-12",
            "price": "319.29",
            "revenue": 7461
        },
        "2013-01": {
            "month": "2013-01",
            "price": "343.30",
            "revenue": 57073
        },
        "2013-02": {
            "month": "2013-02",
            "price": "368.50",
            "revenue": 17845
        },
        "2013-03": {
            "month": "2013-03",
            "price": "329.79",
            "revenue": 2290
        },
        "2013-04": {
            "month": "2013-04",
            "price": "269.32",
            "revenue": 7577
        },
        "2013-05": {
            "month": "2013-05",
            "price": "258.41",
            "revenue": 2657
        },
        "2013-06": {
            "month": "2013-06",
            "price": "311.26",
            "revenue": 38610
        },
        "2013-07": {
            "month": "2013-07",
            "price": "344.11",
            "revenue": 7925
        },
        "2013-08": {
            "month": "2013-08",
            "price": "319.76",
            "revenue": 4832
        },
        "2013-09": {
            "month": "2013-09",
            "price": "351.08",
            "revenue": 10810
        },
        "2013-10": {
            "month": "2013-10",
            "price": "406.55",
            "revenue": 2545
        },
        "2013-11": {
            "month": "2013-11",
            "price": "374.52",
            "revenue": 3368
        },
        "2013-12": {
            "month": "2013-12",
            "price": "343.27",
            "revenue": 3112
        },
        "2014-01": {
            "month": "2014-01",
            "price": "310.28",
            "revenue": 4534
        },
        "2014-02": {
            "month": "2014-02",
            "price": "312.82",
            "revenue": 2405
        },
        "2014-03": {
            "month": "2014-03",
            "price": "285.24",
            "revenue": 29048
        },
        "2014-04": {
            "month": "2014-04",
            "price": "263.14",
            "revenue": 33223
        },
        "2014-05": {
            "month": "2014-05",
            "price": "292.86",
            "revenue": 2809
        },
        "2014-06": {
            "month": "2014-06",
            "price": "318.72",
            "revenue": 3195
        },
        "2014-07": {
            "month": "2014-07",
            "price": "277.36",
            "revenue": 3190
        },
        "2014-08": {
            "month": "2014-08",
            "price": "219.93",
            "revenue": 2831
        },
        "2014-09": {
            "month": "2014-09",
            "price": "225.19",
            "revenue": 3952
        },
        "2014-10": {
            "month": "2014-10",
            "price": "207.61",
            "revenue": 4084
        },
        "2014-11": {
            "month": "2014-11",
            "price": "187.38",
            "revenue": 3248
        },
        "2014-12": {
            "month": "2014-12",
            "price": "250.75",
            "revenue": 3403
        },
        "2015-01": {
            "month": "2015-01",
            "price": "257.60",
            "revenue": 21153
        },
        "2015-02": {
            "month": "2015-02",
            "price": "239.42",
            "revenue": 3147
        },
        "2015-03": {
            "month": "2015-03",
            "price": "234.82",
            "revenue": 3463
        },
        "2015-04": {
            "month": "2015-04",
            "price": "207.18",
            "revenue": 3442
        },
        "2015-05": {
            "month": "2015-05",
            "price": "207.30",
            "revenue": 3418
        },
        "2015-06": {
            "month": "2015-06",
            "price": "188.14",
            "revenue": 3747
        },
        "2015-07": {
            "month": "2015-07",
            "price": "179.57",
            "revenue": 3355
        },
        "2015-08": {
            "month": "2015-08",
            "price": "116.46",
            "revenue": 2929
        },
        "2015-09": {
            "month": "2015-09",
            "price": "135.80",
            "revenue": 3708
        },
        "2015-10": {
            "month": "2015-10",
            "price": "139.95",
            "revenue": 3696
        },
        "2015-11": {
            "month": "2015-11",
            "price": "146.98",
            "revenue": 3847
        },
        "2015-12": {
            "month": "2015-12",
            "price": "152.37",
            "revenue": 3866
        },
        "2016-01": {
            "month": "2016-01",
            "price": "138.86",
            "revenue": 3867
        },
        "2016-02": {
            "month": "2016-02",
            "price": "145.73",
            "revenue": 2428
        },
        "2016-03": {
            "month": "2016-03",
            "price": "160.57",
            "revenue": 3208
        },
        "2016-04": {
            "month": "2016-04",
            "price": "139.87",
            "revenue": 2926
        },
        "2016-05": {
            "month": "2016-05",
            "price": "133.02",
            "revenue": 3417
        },
        "2016-06": {
            "month": "2016-06",
            "price": "133.98",
            "revenue": 3368
        },
        "2016-07": {
            "month": "2016-07",
            "price": "137.65",
            "revenue": 2913
        },
        "2016-08": {
            "month": "2016-08",
            "price": "130.32",
            "revenue": 3344
        },
        "2016-09": {
            "month": "2016-09",
            "price": "129.05",
            "revenue": 3562
        },
        "2016-10": {
            "month": "2016-10",
            "price": "131.78",
            "revenue": 3343
        },
        "2016-11": {
            "month": "2016-11",
            "price": "121.07",
            "revenue": 4709
        },
        "2016-12": {
            "month": "2016-12",
            "price": "114.82",
            "revenue": 4589
        },
        "2017-01": {
            "month": "2017-01",
            "price": "117.38",
            "revenue": 4541
        },
        "2017-02": {
            "month": "2017-02",
            "price": "119.31",
            "revenue": 3154
        },
        "2017-03": {
            "month": "2017-03",
            "price": "117.13",
            "revenue": 4167
        },
        "2017-04": {
            "month": "2017-04",
            "price": "114.44",
            "revenue": 3531
        },
        "2017-05": {
            "month": "2017-05",
            "price": "113.38",
            "revenue": 4377
        },
        "2017-06": {
            "month": "2017-06",
            "price": "95.24",
            "revenue": 4097
        },
        "2017-07": {
            "month": "2017-07",
            "price": "96.00",
            "revenue": 3787
        },
        "2017-08": {
            "month": "2017-08",
            "price": "95.16",
            "revenue": 5500
        },
        "2017-09": {
            "month": "2017-09",
            "price": "92.95",
            "revenue": 4084
        },
        "2017-10": {
            "month": "2017-10",
            "price": "83.87",
            "revenue": 3578
        },
        "2017-11": {
            "month": "2017-11",
            "price": "74.62",
            "revenue": 4098
        },
        "2017-12": {
            "month": "2017-12",
            "price": "76.46",
            "revenue": 4721
        },
        "2018-01": {
            "month": "2018-01",
            "price": "98.55",
            "revenue": 4982
        },
        "2018-02": {
            "month": "2018-02",
            "price": "98.85",
            "revenue": 2916
        },
        "2018-03": {
            "month": "2018-03",
            "price": "110.37",
            "revenue": 6193
        },
        "2018-04": {
            "month": "2018-04",
            "price": "113.50",
            "revenue": 5184
        },
        "2018-05": {
            "month": "2018-05",
            "price": "101.68",
            "revenue": 6388
        },
        "2018-06": {
            "month": "2018-06",
            "price": "101.15",
            "revenue": 4000
        },
        "2018-07": {
            "month": "2018-07",
            "price": "106.07",
            "revenue": 4852
        },
        "2018-08": {
            "month": "2018-08",
            "price": "104.76",
            "revenue": 5044
        },
        "2018-09": {
            "month": "2018-09",
            "price": "102.58",
            "revenue": 5383
        },
        "2018-10": {
            "month": "2018-10",
            "price": "94.87",
            "revenue": 5275
        },
        "2018-11": {
            "month": "2018-11",
            "price": "97.72",
            "revenue": 5030
        },
        "2018-12": {
            "month": "2018-12",
            "price": "96.39",
            "revenue": 7077
        },
        "2019-01": {
            "month": "2019-01",
            "price": "94.08",
            "revenue": 6080
        },
        "2019-02": {
            "month": "2019-02",
            "price": "95.22",
            "revenue": 2750
        },
        "2019-03": {
            "month": "2019-03",
            "price": "94.60",
            "revenue": 148935
        },
        "2019-04": {
            "month": "2019-04",
            "price": "92.77",
            "revenue": 4923
        },
        "2019-05": {
            "month": "2019-05",
            "price": "86.17",
            "revenue": 4439
        },
        "2019-06": {
            "month": "2019-06",
            "price": "80.95",
            "revenue": 11230
        },
        "2019-07": {
            "month": "2019-07",
            "price": "86.29",
            "revenue": 6695
        },
        "2019-08": {
            "month": "2019-08",
            "price": "83.11",
            "revenue": 6840
        },
        "2019-09": {
            "month": "2019-09",
            "price": "85.66",
            "revenue": 5302
        },
        "2019-10": {
            "month": "2019-10",
            "price": "82.68",
            "revenue": 4556
        },
        "2019-11": {
            "month": "2019-11",
            "price": "76.60",
            "revenue": 5753
        },
        "2019-12": {
            "month": "2019-12",
            "price": "84.20",
            "revenue": 7207
        },
        "2020-01": {
            "month": "2020-01",
            "price": "84.28",
            "revenue": 6230
        },
        "2020-02": {
            "month": "2020-02",
            "price": "81.17",
            "revenue": 5331
        },
        "2020-03": {
            "month": "2020-03",
            "price": "66.54",
            "revenue": 413
        },
        "2020-04": {
            "month": "2020-04",
            "price": "67.48",
            "revenue": 4383
        },
        "2020-05": {
            "month": "2020-05",
            "price": "71.13",
            "revenue": 6357
        },
        "2020-06": {
            "month": "2020-06",
            "price": "80.63",
            "revenue": 1036
        },
        "2020-07": {
            "month": "2020-07",
            "price": "90.98",
            "revenue": 3156
        },
        "2020-08": {
            "month": "2020-08",
            "price": "72.68",
            "revenue": 3204
        },
        "2020-09": {
            "month": "2020-09",
            "price": "67.15",
            "revenue": 59735
        },
        "2020-10": {
            "month": "2020-10",
            "price": "64.80",
            "revenue": 3772
        },
        "2020-11": {
            "month": "2020-11",
            "price": "60.06",
            "revenue": 2666
        },
        "2020-12": {
            "month": "2020-12",
            "price": "60.82",
            "revenue": 5645
        },
        "2021-01": {
            "month": "2021-01",
            "price": "66.32",
            "revenue": 4852
        },
        "2021-02": {
            "month": "2021-02",
            "price": "81.27",
            "revenue": 3569
        },
        "2021-03": {
            "month": "2021-03",
            "price": "85.00",
            "revenue": 29197
        },
        "2021-04": {
            "month": "2021-04",
            "price": "87.02",
            "revenue": 4895
        },
        "2021-05": {
            "month": "2021-05",
            "price": "70.83",
            "revenue": 32194
        },
        "2021-06": {
            "month": "2021-06",
            "price": "82.62",
            "revenue": 123087
        },
        "2021-07": {
            "month": "2021-07",
            "price": "96.48",
            "revenue": 11038
        },
        "2021-08": {
            "month": "2021-08",
            "price": "100.42",
            "revenue": 23999
        }
    }
}
