{
    "summary": {
        "stock_name": "鈺緯",
        "stock_id": "4153",
        "category": "生技醫療",
        "main_business": "醫療器材製造業,醫療器材批發業,醫療器材零售業及國際貿易業<br>電腦及其週邊設備製造業,資訊軟體批發業及資訊軟體零售業<br>資訊軟體服務業,除許可業務外,得經營法令非禁止或限制之業務",
        "website_url": "http://www.diva.com.tw/",
        "ceo": "趙知恒",
        "pe_ratio": 31,
        "report_year_from": 2009,
        "report_year_to": 2023,
        "age": 15,
        "eps_negative_percentage": 17,
        "eps_growth_avg": {
            "last_all": 21.46,
            "last_2y": 69.7,
            "last_4y": 29.59,
            "last_8y": 5.01,
            "last_12y": null,
            "last_16y": null,
            "last_20y": null,
            "at_2006_last_3y": null,
            "at_2007_last_3y": null,
            "at_2008_last_3y": null,
            "at_2009_last_3y": null,
            "at_2010_last_3y": null,
            "at_2011_last_3y": null,
            "at_2012_last_3y": null,
            "at_2013_last_3y": null,
            "at_2014_last_3y": null,
            "at_2015_last_3y": null,
            "at_2016_last_3y": 11.31,
            "at_2017_last_3y": -18.25,
            "at_2018_last_3y": -56.43,
            "at_2019_last_3y": -45.14,
            "at_2020_last_3y": -30.58,
            "at_2021_last_3y": -0.1,
            "at_2022_last_3y": 24.93,
            "at_2023_last_3y": 34.55,
            "at_2024_last_3y": 34.55,
            "at_2006_last_all": null,
            "at_2007_last_all": null,
            "at_2008_last_all": null,
            "at_2009_last_all": null,
            "at_2010_last_all": null,
            "at_2011_last_all": null,
            "at_2012_last_all": null,
            "at_2013_last_all": null,
            "at_2014_last_all": 79.05,
            "at_2015_last_all": 48.41,
            "at_2016_last_all": 11.31,
            "at_2017_last_all": 11.31,
            "at_2018_last_all": 11.31,
            "at_2019_last_all": 10.99,
            "at_2020_last_all": -2.65,
            "at_2021_last_all": 6.42,
            "at_2022_last_all": 18.12,
            "at_2023_last_all": 21.46,
            "at_2024_last_all": 21.46
        },
        "latest_eps": 1.25,
        "latest_price": 39.25,
        "latest_roe": 7.19,
        "latest_gross_margin": 23.1,
        "latest_equity": 1032802,
        "latest_revenue": 204862,
        "latest_gross_profit": 47331,
        "latest_net_income": 21035,
        "latest_debt_ratio": 16.96,
        "latest_current_ratio": 470.42,
        "latest_account_receivable_turnover_ratio": 0.92,
        "latest_inventory_turnover_ratio": 0.75,
        "latest_reinvestment_rate": -25.35,
        "latest_research_to_sale_ratio": 8
    },
    "eps_dividends": {
        "2001": {
            "cash": 0,
            "stock": 0,
            "eps": 0
        },
        "2002": {
            "cash": 0,
            "stock": 0,
            "eps": 0
        },
        "2003": {
            "cash": 0,
            "stock": 0,
            "eps": 0
        },
        "2004": {
            "cash": 0,
            "stock": 0,
            "eps": 0
        },
        "2005": {
            "cash": 0,
            "stock": 0,
            "eps": 0
        },
        "2006": {
            "cash": 0,
            "stock": 0,
            "eps": 0
        },
        "2007": {
            "cash": 0,
            "stock": 0,
            "eps": 0
        },
        "2008": {
            "cash": 0,
            "stock": 0,
            "eps": 0
        },
        "2009": {
            "cash": 0,
            "stock": 0,
            "eps": 0
        },
        "2010": {
            "cash": 0,
            "stock": 0,
            "eps": 0
        },
        "2011": {
            "cash": 0.2,
            "stock": 0.66,
            "eps": 0
        },
        "2012": {
            "cash": 0.5,
            "stock": 0.5,
            "eps": 1.11
        },
        "2013": {
            "cash": 0.55,
            "stock": 0.55,
            "eps": 3.15
        },
        "2014": {
            "cash": 2,
            "stock": 1.6,
            "eps": 4.98
        },
        "2015": {
            "cash": 2.63,
            "stock": 2,
            "eps": 4.34
        },
        "2016": {
            "cash": 3,
            "stock": 1.5,
            "eps": -1.69
        },
        "2017": {
            "cash": 0,
            "stock": 0,
            "eps": -5.32
        },
        "2018": {
            "cash": 0,
            "stock": 0,
            "eps": 0.72
        },
        "2019": {
            "cash": 1.48,
            "stock": 0,
            "eps": 0.79
        },
        "2020": {
            "cash": 0,
            "stock": 0,
            "eps": 0.23
        },
        "2021": {
            "cash": 0.26,
            "stock": 0,
            "eps": 0.37
        },
        "2022": {
            "cash": 0.37,
            "stock": 0,
            "eps": 0.85
        },
        "2023": {
            "cash": 1,
            "stock": 0,
            "eps": 1.26
        },
        "2024": {
            "cash": 1.25,
            "stock": 0,
            "eps": 0
        }
    },
    "dividends": {
        "2011-04-14": {
            "cash": 0.2,
            "stock": 0.66
        },
        "2012-06-07": {
            "cash": 0.5,
            "stock": 0.5
        },
        "2013-06-24": {
            "cash": 0.55,
            "stock": 0.55
        },
        "2014-10-24": {
            "cash": 2,
            "stock": 1.6
        },
        "2015-09-17": {
            "cash": 2.63,
            "stock": 2
        },
        "2016-09-14": {
            "cash": 3,
            "stock": 1.5
        },
        "2019-07-26": {
            "cash": 1.48,
            "stock": 0
        },
        "2021-12-15": {
            "cash": 0.26,
            "stock": 0
        },
        "2022-08-03": {
            "cash": 0.37,
            "stock": 0
        },
        "2023-08-04": {
            "cash": 1,
            "stock": 0
        },
        "2024-02-29": {
            "cash": 1.25,
            "stock": 0
        }
    },
    "prices": {
        "200101": "無",
        "200102": "無",
        "200103": "無",
        "200104": "無",
        "200105": "無",
        "200106": "無",
        "200107": "無",
        "200108": "無",
        "200109": "無",
        "200110": "無",
        "200111": "無",
        "200112": "無",
        "200201": "無",
        "200202": "無",
        "200203": "無",
        "200204": "無",
        "200205": "無",
        "200206": "無",
        "200207": "無",
        "200208": "無",
        "200209": "無",
        "200210": "無",
        "200211": "無",
        "200212": "無",
        "200301": "無",
        "200302": "無",
        "200303": "無",
        "200304": "無",
        "200305": "無",
        "200306": "無",
        "200307": "無",
        "200308": "無",
        "200309": "無",
        "200310": "無",
        "200311": "無",
        "200312": "無",
        "200401": "無",
        "200402": "無",
        "200403": "無",
        "200404": "無",
        "200405": "無",
        "200406": "無",
        "200407": "無",
        "200408": "無",
        "200409": "無",
        "200410": "無",
        "200411": "無",
        "200412": "無",
        "200501": "無",
        "200502": "無",
        "200503": "無",
        "200504": "無",
        "200505": "無",
        "200506": "無",
        "200507": "無",
        "200508": "無",
        "200509": "無",
        "200510": "無",
        "200511": "無",
        "200512": "無",
        "200601": "無",
        "200602": "無",
        "200603": "無",
        "200604": "無",
        "200605": "無",
        "200606": "無",
        "200607": "無",
        "200608": "無",
        "200609": "無",
        "200610": "無",
        "200611": "無",
        "200612": "無",
        "200701": "無",
        "200702": "無",
        "200703": "無",
        "200704": "無",
        "200705": "無",
        "200706": "無",
        "200707": "無",
        "200708": "無",
        "200709": "無",
        "200710": "無",
        "200711": "無",
        "200712": "無",
        "200801": "無",
        "200802": "無",
        "200803": "無",
        "200804": "無",
        "200805": "無",
        "200806": "無",
        "200807": "無",
        "200808": "無",
        "200809": "無",
        "200810": "無",
        "200811": "無",
        "200812": "無",
        "200901": "無",
        "200902": "無",
        "200903": "無",
        "200904": "無",
        "200905": "無",
        "200906": "無",
        "200907": "無",
        "200908": "無",
        "200909": "無",
        "200910": "無",
        "200911": "無",
        "200912": "無",
        "201001": "無",
        "201002": "無",
        "201003": "無",
        "201004": "無",
        "201005": "無",
        "201006": "無",
        "201007": "無",
        "201008": "無",
        "201009": "無",
        "201010": "24.80",
        "201011": "22.71",
        "201012": "25.58",
        "201101": "26.50",
        "201102": "25.50",
        "201103": "25.46",
        "201104": "23.92",
        "201105": "20.48",
        "201106": "19.29",
        "201107": "19.21",
        "201108": "17.72",
        "201109": "17.25",
        "201110": "16.33",
        "201111": "15.57",
        "201112": "15.77",
        "201201": "15.04",
        "201202": "16.48",
        "201203": "21.22",
        "201204": "21.07",
        "201205": "無",
        "201206": "21.25",
        "201207": "20.97",
        "201208": "20.13",
        "201209": "19.52",
        "201210": "18.99",
        "201211": "25.26",
        "201212": "21.03",
        "201301": "21.88",
        "201302": "24.20",
        "201303": "28.44",
        "201304": "32.76",
        "201305": "47.28",
        "201306": "61.96",
        "201307": "60.53",
        "201308": "71.45",
        "201309": "65.45",
        "201310": "61.08",
        "201311": "54.04",
        "201312": "52.27",
        "201401": "50.65",
        "201402": "60.86",
        "201403": "61.70",
        "201404": "74.08",
        "201405": "79.95",
        "201406": "79.72",
        "201407": "109.06",
        "201408": "96.94",
        "201409": "104.09",
        "201410": "84.79",
        "201411": "81.85",
        "201412": "93.03",
        "201501": "100.32",
        "201502": "96.92",
        "201503": "117.14",
        "201504": "138.15",
        "201505": "117.82",
        "201506": "93.91",
        "201507": "90.62",
        "201508": "74.46",
        "201509": "73.72",
        "201510": "83.74",
        "201511": "82.01",
        "201512": "76.65",
        "201601": "70.77",
        "201602": "69.79",
        "201603": "72.32",
        "201604": "72.14",
        "201605": "61.72",
        "201606": "59.73",
        "201607": "59.94",
        "201608": "52.83",
        "201609": "43.71",
        "201610": "40.26",
        "201611": "36.45",
        "201612": "36.30",
        "201701": "35.85",
        "201702": "37.49",
        "201703": "40.76",
        "201704": "33.19",
        "201705": "30.98",
        "201706": "33.09",
        "201707": "32.30",
        "201708": "29.99",
        "201709": "29.37",
        "201710": "28.16",
        "201711": "29.98",
        "201712": "31.50",
        "201801": "35.62",
        "201802": "34.64",
        "201803": "40.23",
        "201804": "38.70",
        "201805": "36.85",
        "201806": "35.70",
        "201807": "34.00",
        "201808": "33.71",
        "201809": "33.02",
        "201810": "27.96",
        "201811": "29.08",
        "201812": "31.31",
        "201901": "31.15",
        "201902": "32.10",
        "201903": "35.12",
        "201904": "37.98",
        "201905": "35.31",
        "201906": "35.79",
        "201907": "34.83",
        "201908": "31.54",
        "201909": "31.78",
        "201910": "31.98",
        "201911": "31.20",
        "201912": "30.09",
        "202001": "29.42",
        "202002": "28.27",
        "202003": "22.66",
        "202004": "26.90",
        "202005": "27.04",
        "202006": "29.94",
        "202007": "28.95",
        "202008": "22.78",
        "202009": "25.53",
        "202010": "29.34",
        "202011": "28.52",
        "202012": "24.94",
        "202101": "24.30",
        "202102": "23.35",
        "202103": "24.22",
        "202104": "23.46",
        "202105": "24.72",
        "202106": "23.78",
        "202107": "23.16",
        "202108": "22.45",
        "202109": "24.66",
        "202110": "26.28",
        "202111": "25.82",
        "202112": "27.04",
        "202201": "26.10",
        "202202": "25.40",
        "202203": "24.79",
        "202204": "25.62",
        "202205": "26.76",
        "202206": "27.49",
        "202207": "27.34",
        "202208": "26.99",
        "202209": "28.50",
        "202210": "26.92",
        "202211": "26.68",
        "202212": "34.31",
        "202301": "37.62",
        "202302": "39.94",
        "202303": "41.90",
        "202304": "51.86",
        "202305": "44.40",
        "202306": "40.99",
        "202307": "42.46",
        "202308": "37.15",
        "202309": "32.87",
        "202310": "32.63",
        "202311": "35.15",
        "202312": "37.25",
        "202401": "35.75",
        "202402": "36.83",
        "202403": "38.57",
        "202404": "無"
    },
    "quarters": {
        "20011": {
            "year_quarter": 20011,
            "year": 2001,
            "quarter": 1,
            "eps": null,
            "eps_growth_year": null,
            "eps_4q": null,
            "eps_4q_growth_year": null,
            "roe": null,
            "roe_4q": 0,
            "gross_profit": null,
            "gross_margin": null,
            "gross_margin_4q_avg": 0,
            "net_income": null,
            "net_income_4q": null,
            "revenue": null,
            "revenue_4q": null,
            "common_shares": null,
            "book_valuer_per_share": null,
            "book_valuer_per_share_4q_avg": 0,
            "equity": null,
            "current_ratio": null,
            "debt_ratio": null,
            "inventory_turnover_ratio": null,
            "account_receivable_turnover_ratio": null,
            "reinvestment_rate": null,
            "research_to_sale_ratio": null,
            "price_fair": 0,
            "eps_avg_yearly": 0,
            "eps_latest_yearly": 0,
            "eps_growth_yearly": 0
        },
        "20012": {
            "year_quarter": 20012,
            "year": 2001,
            "quarter": 2,
            "eps": null,
            "eps_growth_year": null,
            "eps_4q": null,
            "eps_4q_growth_year": null,
            "roe": null,
            "roe_4q": 0,
            "gross_profit": null,
            "gross_margin": null,
            "gross_margin_4q_avg": 0,
            "net_income": null,
            "net_income_4q": null,
            "revenue": null,
            "revenue_4q": null,
            "common_shares": null,
            "book_valuer_per_share": null,
            "book_valuer_per_share_4q_avg": 0,
            "equity": null,
            "current_ratio": null,
            "debt_ratio": null,
            "inventory_turnover_ratio": null,
            "account_receivable_turnover_ratio": null,
            "reinvestment_rate": null,
            "research_to_sale_ratio": null,
            "price_fair": 0,
            "eps_avg_yearly": 0,
            "eps_latest_yearly": 0,
            "eps_growth_yearly": 0
        },
        "20013": {
            "year_quarter": 20013,
            "year": 2001,
            "quarter": 3,
            "eps": null,
            "eps_growth_year": null,
            "eps_4q": null,
            "eps_4q_growth_year": null,
            "roe": null,
            "roe_4q": 0,
            "gross_profit": null,
            "gross_margin": null,
            "gross_margin_4q_avg": 0,
            "net_income": null,
            "net_income_4q": null,
            "revenue": null,
            "revenue_4q": null,
            "common_shares": null,
            "book_valuer_per_share": null,
            "book_valuer_per_share_4q_avg": 0,
            "equity": null,
            "current_ratio": null,
            "debt_ratio": null,
            "inventory_turnover_ratio": null,
            "account_receivable_turnover_ratio": null,
            "reinvestment_rate": null,
            "research_to_sale_ratio": null,
            "price_fair": 0,
            "eps_avg_yearly": 0,
            "eps_latest_yearly": 0,
            "eps_growth_yearly": 0
        },
        "20014": {
            "year_quarter": 20014,
            "year": 2001,
            "quarter": 4,
            "eps": null,
            "eps_growth_year": null,
            "eps_4q": null,
            "eps_4q_growth_year": null,
            "roe": null,
            "roe_4q": 0,
            "gross_profit": null,
            "gross_margin": null,
            "gross_margin_4q_avg": 0,
            "net_income": null,
            "net_income_4q": null,
            "revenue": null,
            "revenue_4q": null,
            "common_shares": null,
            "book_valuer_per_share": null,
            "book_valuer_per_share_4q_avg": 0,
            "equity": null,
            "current_ratio": null,
            "debt_ratio": null,
            "inventory_turnover_ratio": null,
            "account_receivable_turnover_ratio": null,
            "reinvestment_rate": null,
            "research_to_sale_ratio": null,
            "price_fair": 0,
            "eps_avg_yearly": 0,
            "eps_latest_yearly": 0,
            "eps_growth_yearly": 0
        },
        "20021": {
            "year_quarter": 20021,
            "year": 2002,
            "quarter": 1,
            "eps": null,
            "eps_growth_year": null,
            "eps_4q": null,
            "eps_4q_growth_year": null,
            "roe": null,
            "roe_4q": 0,
            "gross_profit": null,
            "gross_margin": null,
            "gross_margin_4q_avg": 0,
            "net_income": null,
            "net_income_4q": null,
            "revenue": null,
            "revenue_4q": null,
            "common_shares": null,
            "book_valuer_per_share": null,
            "book_valuer_per_share_4q_avg": 0,
            "equity": null,
            "current_ratio": null,
            "debt_ratio": null,
            "inventory_turnover_ratio": null,
            "account_receivable_turnover_ratio": null,
            "reinvestment_rate": null,
            "research_to_sale_ratio": null,
            "price_fair": 0,
            "eps_avg_yearly": 0,
            "eps_latest_yearly": 0,
            "eps_growth_yearly": 0
        },
        "20022": {
            "year_quarter": 20022,
            "year": 2002,
            "quarter": 2,
            "eps": null,
            "eps_growth_year": null,
            "eps_4q": null,
            "eps_4q_growth_year": null,
            "roe": null,
            "roe_4q": 0,
            "gross_profit": null,
            "gross_margin": null,
            "gross_margin_4q_avg": 0,
            "net_income": null,
            "net_income_4q": null,
            "revenue": null,
            "revenue_4q": null,
            "common_shares": null,
            "book_valuer_per_share": null,
            "book_valuer_per_share_4q_avg": 0,
            "equity": null,
            "current_ratio": null,
            "debt_ratio": null,
            "inventory_turnover_ratio": null,
            "account_receivable_turnover_ratio": null,
            "reinvestment_rate": null,
            "research_to_sale_ratio": null,
            "price_fair": 0,
            "eps_avg_yearly": 0,
            "eps_latest_yearly": 0,
            "eps_growth_yearly": 0
        },
        "20023": {
            "year_quarter": 20023,
            "year": 2002,
            "quarter": 3,
            "eps": null,
            "eps_growth_year": null,
            "eps_4q": null,
            "eps_4q_growth_year": null,
            "roe": null,
            "roe_4q": 0,
            "gross_profit": null,
            "gross_margin": null,
            "gross_margin_4q_avg": 0,
            "net_income": null,
            "net_income_4q": null,
            "revenue": null,
            "revenue_4q": null,
            "common_shares": null,
            "book_valuer_per_share": null,
            "book_valuer_per_share_4q_avg": 0,
            "equity": null,
            "current_ratio": null,
            "debt_ratio": null,
            "inventory_turnover_ratio": null,
            "account_receivable_turnover_ratio": null,
            "reinvestment_rate": null,
            "research_to_sale_ratio": null,
            "price_fair": 0,
            "eps_avg_yearly": 0,
            "eps_latest_yearly": 0,
            "eps_growth_yearly": 0
        },
        "20024": {
            "year_quarter": 20024,
            "year": 2002,
            "quarter": 4,
            "eps": null,
            "eps_growth_year": null,
            "eps_4q": null,
            "eps_4q_growth_year": null,
            "roe": null,
            "roe_4q": 0,
            "gross_profit": null,
            "gross_margin": null,
            "gross_margin_4q_avg": 0,
            "net_income": null,
            "net_income_4q": null,
            "revenue": null,
            "revenue_4q": null,
            "common_shares": null,
            "book_valuer_per_share": null,
            "book_valuer_per_share_4q_avg": 0,
            "equity": null,
            "current_ratio": null,
            "debt_ratio": null,
            "inventory_turnover_ratio": null,
            "account_receivable_turnover_ratio": null,
            "reinvestment_rate": null,
            "research_to_sale_ratio": null,
            "price_fair": 0,
            "eps_avg_yearly": 0,
            "eps_latest_yearly": 0,
            "eps_growth_yearly": 0
        },
        "20031": {
            "year_quarter": 20031,
            "year": 2003,
            "quarter": 1,
            "eps": null,
            "eps_growth_year": null,
            "eps_4q": null,
            "eps_4q_growth_year": null,
            "roe": null,
            "roe_4q": 0,
            "gross_profit": null,
            "gross_margin": null,
            "gross_margin_4q_avg": 0,
            "net_income": null,
            "net_income_4q": null,
            "revenue": null,
            "revenue_4q": null,
            "common_shares": null,
            "book_valuer_per_share": null,
            "book_valuer_per_share_4q_avg": 0,
            "equity": null,
            "current_ratio": null,
            "debt_ratio": null,
            "inventory_turnover_ratio": null,
            "account_receivable_turnover_ratio": null,
            "reinvestment_rate": null,
            "research_to_sale_ratio": null,
            "price_fair": 0,
            "eps_avg_yearly": 0,
            "eps_latest_yearly": 0,
            "eps_growth_yearly": 0
        },
        "20032": {
            "year_quarter": 20032,
            "year": 2003,
            "quarter": 2,
            "eps": null,
            "eps_growth_year": null,
            "eps_4q": null,
            "eps_4q_growth_year": null,
            "roe": null,
            "roe_4q": 0,
            "gross_profit": null,
            "gross_margin": null,
            "gross_margin_4q_avg": 0,
            "net_income": null,
            "net_income_4q": null,
            "revenue": null,
            "revenue_4q": null,
            "common_shares": null,
            "book_valuer_per_share": null,
            "book_valuer_per_share_4q_avg": 0,
            "equity": null,
            "current_ratio": null,
            "debt_ratio": null,
            "inventory_turnover_ratio": null,
            "account_receivable_turnover_ratio": null,
            "reinvestment_rate": null,
            "research_to_sale_ratio": null,
            "price_fair": 0,
            "eps_avg_yearly": 0,
            "eps_latest_yearly": 0,
            "eps_growth_yearly": 0
        },
        "20033": {
            "year_quarter": 20033,
            "year": 2003,
            "quarter": 3,
            "eps": null,
            "eps_growth_year": null,
            "eps_4q": null,
            "eps_4q_growth_year": null,
            "roe": null,
            "roe_4q": 0,
            "gross_profit": null,
            "gross_margin": null,
            "gross_margin_4q_avg": 0,
            "net_income": null,
            "net_income_4q": null,
            "revenue": null,
            "revenue_4q": null,
            "common_shares": null,
            "book_valuer_per_share": null,
            "book_valuer_per_share_4q_avg": 0,
            "equity": null,
            "current_ratio": null,
            "debt_ratio": null,
            "inventory_turnover_ratio": null,
            "account_receivable_turnover_ratio": null,
            "reinvestment_rate": null,
            "research_to_sale_ratio": null,
            "price_fair": 0,
            "eps_avg_yearly": 0,
            "eps_latest_yearly": 0,
            "eps_growth_yearly": 0
        },
        "20034": {
            "year_quarter": 20034,
            "year": 2003,
            "quarter": 4,
            "eps": null,
            "eps_growth_year": null,
            "eps_4q": null,
            "eps_4q_growth_year": null,
            "roe": null,
            "roe_4q": 0,
            "gross_profit": null,
            "gross_margin": null,
            "gross_margin_4q_avg": 0,
            "net_income": null,
            "net_income_4q": null,
            "revenue": null,
            "revenue_4q": null,
            "common_shares": null,
            "book_valuer_per_share": null,
            "book_valuer_per_share_4q_avg": 0,
            "equity": null,
            "current_ratio": null,
            "debt_ratio": null,
            "inventory_turnover_ratio": null,
            "account_receivable_turnover_ratio": null,
            "reinvestment_rate": null,
            "research_to_sale_ratio": null,
            "price_fair": 0,
            "eps_avg_yearly": 0,
            "eps_latest_yearly": 0,
            "eps_growth_yearly": 0
        },
        "20041": {
            "year_quarter": 20041,
            "year": 2004,
            "quarter": 1,
            "eps": null,
            "eps_growth_year": null,
            "eps_4q": null,
            "eps_4q_growth_year": null,
            "roe": null,
            "roe_4q": 0,
            "gross_profit": null,
            "gross_margin": null,
            "gross_margin_4q_avg": 0,
            "net_income": null,
            "net_income_4q": null,
            "revenue": null,
            "revenue_4q": null,
            "common_shares": null,
            "book_valuer_per_share": null,
            "book_valuer_per_share_4q_avg": 0,
            "equity": null,
            "current_ratio": null,
            "debt_ratio": null,
            "inventory_turnover_ratio": null,
            "account_receivable_turnover_ratio": null,
            "reinvestment_rate": null,
            "research_to_sale_ratio": null,
            "price_fair": 0,
            "eps_avg_yearly": 0,
            "eps_latest_yearly": 0,
            "eps_growth_yearly": 0
        },
        "20042": {
            "year_quarter": 20042,
            "year": 2004,
            "quarter": 2,
            "eps": null,
            "eps_growth_year": null,
            "eps_4q": null,
            "eps_4q_growth_year": null,
            "roe": null,
            "roe_4q": 0,
            "gross_profit": null,
            "gross_margin": null,
            "gross_margin_4q_avg": 0,
            "net_income": null,
            "net_income_4q": null,
            "revenue": null,
            "revenue_4q": null,
            "common_shares": null,
            "book_valuer_per_share": null,
            "book_valuer_per_share_4q_avg": 0,
            "equity": null,
            "current_ratio": null,
            "debt_ratio": null,
            "inventory_turnover_ratio": null,
            "account_receivable_turnover_ratio": null,
            "reinvestment_rate": null,
            "research_to_sale_ratio": null,
            "price_fair": 0,
            "eps_avg_yearly": 0,
            "eps_latest_yearly": 0,
            "eps_growth_yearly": 0
        },
        "20043": {
            "year_quarter": 20043,
            "year": 2004,
            "quarter": 3,
            "eps": null,
            "eps_growth_year": null,
            "eps_4q": null,
            "eps_4q_growth_year": null,
            "roe": null,
            "roe_4q": 0,
            "gross_profit": null,
            "gross_margin": null,
            "gross_margin_4q_avg": 0,
            "net_income": null,
            "net_income_4q": null,
            "revenue": null,
            "revenue_4q": null,
            "common_shares": null,
            "book_valuer_per_share": null,
            "book_valuer_per_share_4q_avg": 0,
            "equity": null,
            "current_ratio": null,
            "debt_ratio": null,
            "inventory_turnover_ratio": null,
            "account_receivable_turnover_ratio": null,
            "reinvestment_rate": null,
            "research_to_sale_ratio": null,
            "price_fair": 0,
            "eps_avg_yearly": 0,
            "eps_latest_yearly": 0,
            "eps_growth_yearly": 0
        },
        "20044": {
            "year_quarter": 20044,
            "year": 2004,
            "quarter": 4,
            "eps": null,
            "eps_growth_year": null,
            "eps_4q": null,
            "eps_4q_growth_year": null,
            "roe": null,
            "roe_4q": 0,
            "gross_profit": null,
            "gross_margin": null,
            "gross_margin_4q_avg": 0,
            "net_income": null,
            "net_income_4q": null,
            "revenue": null,
            "revenue_4q": null,
            "common_shares": null,
            "book_valuer_per_share": null,
            "book_valuer_per_share_4q_avg": 0,
            "equity": null,
            "current_ratio": null,
            "debt_ratio": null,
            "inventory_turnover_ratio": null,
            "account_receivable_turnover_ratio": null,
            "reinvestment_rate": null,
            "research_to_sale_ratio": null,
            "price_fair": 0,
            "eps_avg_yearly": 0,
            "eps_latest_yearly": 0,
            "eps_growth_yearly": 0
        },
        "20051": {
            "year_quarter": 20051,
            "year": 2005,
            "quarter": 1,
            "eps": null,
            "eps_growth_year": null,
            "eps_4q": null,
            "eps_4q_growth_year": null,
            "roe": null,
            "roe_4q": 0,
            "gross_profit": null,
            "gross_margin": null,
            "gross_margin_4q_avg": 0,
            "net_income": null,
            "net_income_4q": null,
            "revenue": null,
            "revenue_4q": null,
            "common_shares": null,
            "book_valuer_per_share": null,
            "book_valuer_per_share_4q_avg": 0,
            "equity": null,
            "current_ratio": null,
            "debt_ratio": null,
            "inventory_turnover_ratio": null,
            "account_receivable_turnover_ratio": null,
            "reinvestment_rate": null,
            "research_to_sale_ratio": null,
            "price_fair": 0,
            "eps_avg_yearly": 0,
            "eps_latest_yearly": 0,
            "eps_growth_yearly": 0
        },
        "20052": {
            "year_quarter": 20052,
            "year": 2005,
            "quarter": 2,
            "eps": null,
            "eps_growth_year": null,
            "eps_4q": null,
            "eps_4q_growth_year": null,
            "roe": null,
            "roe_4q": 0,
            "gross_profit": null,
            "gross_margin": null,
            "gross_margin_4q_avg": 0,
            "net_income": null,
            "net_income_4q": null,
            "revenue": null,
            "revenue_4q": null,
            "common_shares": null,
            "book_valuer_per_share": null,
            "book_valuer_per_share_4q_avg": 0,
            "equity": null,
            "current_ratio": null,
            "debt_ratio": null,
            "inventory_turnover_ratio": null,
            "account_receivable_turnover_ratio": null,
            "reinvestment_rate": null,
            "research_to_sale_ratio": null,
            "price_fair": 0,
            "eps_avg_yearly": 0,
            "eps_latest_yearly": 0,
            "eps_growth_yearly": 0
        },
        "20053": {
            "year_quarter": 20053,
            "year": 2005,
            "quarter": 3,
            "eps": null,
            "eps_growth_year": null,
            "eps_4q": null,
            "eps_4q_growth_year": null,
            "roe": null,
            "roe_4q": 0,
            "gross_profit": null,
            "gross_margin": null,
            "gross_margin_4q_avg": 0,
            "net_income": null,
            "net_income_4q": null,
            "revenue": null,
            "revenue_4q": null,
            "common_shares": null,
            "book_valuer_per_share": null,
            "book_valuer_per_share_4q_avg": 0,
            "equity": null,
            "current_ratio": null,
            "debt_ratio": null,
            "inventory_turnover_ratio": null,
            "account_receivable_turnover_ratio": null,
            "reinvestment_rate": null,
            "research_to_sale_ratio": null,
            "price_fair": 0,
            "eps_avg_yearly": 0,
            "eps_latest_yearly": 0,
            "eps_growth_yearly": 0
        },
        "20054": {
            "year_quarter": 20054,
            "year": 2005,
            "quarter": 4,
            "eps": null,
            "eps_growth_year": null,
            "eps_4q": null,
            "eps_4q_growth_year": null,
            "roe": null,
            "roe_4q": 0,
            "gross_profit": null,
            "gross_margin": null,
            "gross_margin_4q_avg": 0,
            "net_income": null,
            "net_income_4q": null,
            "revenue": null,
            "revenue_4q": null,
            "common_shares": 100000,
            "book_valuer_per_share": 11.3,
            "book_valuer_per_share_4q_avg": 2.83,
            "equity": 113006,
            "current_ratio": 138.19,
            "debt_ratio": 66.98,
            "inventory_turnover_ratio": null,
            "account_receivable_turnover_ratio": null,
            "reinvestment_rate": null,
            "research_to_sale_ratio": null,
            "price_fair": 0,
            "eps_avg_yearly": 0,
            "eps_latest_yearly": 0,
            "eps_growth_yearly": 0
        },
        "20061": {
            "year_quarter": 20061,
            "year": 2006,
            "quarter": 1,
            "eps": null,
            "eps_growth_year": null,
            "eps_4q": null,
            "eps_4q_growth_year": null,
            "roe": null,
            "roe_4q": 0,
            "gross_profit": null,
            "gross_margin": null,
            "gross_margin_4q_avg": 0,
            "net_income": null,
            "net_income_4q": null,
            "revenue": null,
            "revenue_4q": null,
            "common_shares": null,
            "book_valuer_per_share": null,
            "book_valuer_per_share_4q_avg": 2.83,
            "equity": null,
            "current_ratio": null,
            "debt_ratio": null,
            "inventory_turnover_ratio": null,
            "account_receivable_turnover_ratio": null,
            "reinvestment_rate": null,
            "research_to_sale_ratio": null,
            "price_fair": 0,
            "eps_avg_yearly": 0,
            "eps_latest_yearly": 0,
            "eps_growth_yearly": 0
        },
        "20062": {
            "year_quarter": 20062,
            "year": 2006,
            "quarter": 2,
            "eps": null,
            "eps_growth_year": null,
            "eps_4q": null,
            "eps_4q_growth_year": null,
            "roe": null,
            "roe_4q": 0,
            "gross_profit": null,
            "gross_margin": null,
            "gross_margin_4q_avg": 0,
            "net_income": null,
            "net_income_4q": null,
            "revenue": null,
            "revenue_4q": null,
            "common_shares": null,
            "book_valuer_per_share": null,
            "book_valuer_per_share_4q_avg": 2.83,
            "equity": null,
            "current_ratio": null,
            "debt_ratio": null,
            "inventory_turnover_ratio": null,
            "account_receivable_turnover_ratio": null,
            "reinvestment_rate": null,
            "research_to_sale_ratio": null,
            "price_fair": 0,
            "eps_avg_yearly": 0,
            "eps_latest_yearly": 0,
            "eps_growth_yearly": 0
        },
        "20063": {
            "year_quarter": 20063,
            "year": 2006,
            "quarter": 3,
            "eps": null,
            "eps_growth_year": null,
            "eps_4q": null,
            "eps_4q_growth_year": null,
            "roe": null,
            "roe_4q": 0,
            "gross_profit": null,
            "gross_margin": null,
            "gross_margin_4q_avg": 0,
            "net_income": null,
            "net_income_4q": null,
            "revenue": null,
            "revenue_4q": null,
            "common_shares": null,
            "book_valuer_per_share": null,
            "book_valuer_per_share_4q_avg": 2.83,
            "equity": null,
            "current_ratio": null,
            "debt_ratio": null,
            "inventory_turnover_ratio": null,
            "account_receivable_turnover_ratio": null,
            "reinvestment_rate": null,
            "research_to_sale_ratio": null,
            "price_fair": 0,
            "eps_avg_yearly": 0,
            "eps_latest_yearly": 0,
            "eps_growth_yearly": 0
        },
        "20064": {
            "year_quarter": 20064,
            "year": 2006,
            "quarter": 4,
            "eps": null,
            "eps_growth_year": null,
            "eps_4q": null,
            "eps_4q_growth_year": null,
            "roe": null,
            "roe_4q": 0,
            "gross_profit": null,
            "gross_margin": null,
            "gross_margin_4q_avg": 0,
            "net_income": null,
            "net_income_4q": null,
            "revenue": null,
            "revenue_4q": null,
            "common_shares": 108500,
            "book_valuer_per_share": 11,
            "book_valuer_per_share_4q_avg": 2.75,
            "equity": 119344,
            "current_ratio": 131.96,
            "debt_ratio": 69.83,
            "inventory_turnover_ratio": null,
            "account_receivable_turnover_ratio": null,
            "reinvestment_rate": null,
            "research_to_sale_ratio": null,
            "price_fair": 0,
            "eps_avg_yearly": 0,
            "eps_latest_yearly": 0,
            "eps_growth_yearly": 0
        },
        "20071": {
            "year_quarter": 20071,
            "year": 2007,
            "quarter": 1,
            "eps": null,
            "eps_growth_year": null,
            "eps_4q": null,
            "eps_4q_growth_year": null,
            "roe": null,
            "roe_4q": 0,
            "gross_profit": null,
            "gross_margin": null,
            "gross_margin_4q_avg": 0,
            "net_income": null,
            "net_income_4q": null,
            "revenue": null,
            "revenue_4q": null,
            "common_shares": null,
            "book_valuer_per_share": null,
            "book_valuer_per_share_4q_avg": 2.75,
            "equity": null,
            "current_ratio": null,
            "debt_ratio": null,
            "inventory_turnover_ratio": null,
            "account_receivable_turnover_ratio": null,
            "reinvestment_rate": null,
            "research_to_sale_ratio": null,
            "price_fair": 0,
            "eps_avg_yearly": 0,
            "eps_latest_yearly": 0,
            "eps_growth_yearly": 0
        },
        "20072": {
            "year_quarter": 20072,
            "year": 2007,
            "quarter": 2,
            "eps": null,
            "eps_growth_year": null,
            "eps_4q": null,
            "eps_4q_growth_year": null,
            "roe": null,
            "roe_4q": 0,
            "gross_profit": null,
            "gross_margin": null,
            "gross_margin_4q_avg": 0,
            "net_income": null,
            "net_income_4q": null,
            "revenue": null,
            "revenue_4q": null,
            "common_shares": null,
            "book_valuer_per_share": null,
            "book_valuer_per_share_4q_avg": 2.75,
            "equity": null,
            "current_ratio": null,
            "debt_ratio": null,
            "inventory_turnover_ratio": null,
            "account_receivable_turnover_ratio": null,
            "reinvestment_rate": null,
            "research_to_sale_ratio": null,
            "price_fair": 0,
            "eps_avg_yearly": 0,
            "eps_latest_yearly": 0,
            "eps_growth_yearly": 0
        },
        "20073": {
            "year_quarter": 20073,
            "year": 2007,
            "quarter": 3,
            "eps": null,
            "eps_growth_year": null,
            "eps_4q": null,
            "eps_4q_growth_year": null,
            "roe": null,
            "roe_4q": 0,
            "gross_profit": null,
            "gross_margin": null,
            "gross_margin_4q_avg": 0,
            "net_income": null,
            "net_income_4q": null,
            "revenue": null,
            "revenue_4q": null,
            "common_shares": null,
            "book_valuer_per_share": null,
            "book_valuer_per_share_4q_avg": 2.75,
            "equity": null,
            "current_ratio": null,
            "debt_ratio": null,
            "inventory_turnover_ratio": null,
            "account_receivable_turnover_ratio": null,
            "reinvestment_rate": null,
            "research_to_sale_ratio": null,
            "price_fair": 0,
            "eps_avg_yearly": 0,
            "eps_latest_yearly": 0,
            "eps_growth_yearly": 0
        },
        "20074": {
            "year_quarter": 20074,
            "year": 2007,
            "quarter": 4,
            "eps": null,
            "eps_growth_year": null,
            "eps_4q": null,
            "eps_4q_growth_year": null,
            "roe": null,
            "roe_4q": 0,
            "gross_profit": null,
            "gross_margin": null,
            "gross_margin_4q_avg": 0,
            "net_income": null,
            "net_income_4q": null,
            "revenue": null,
            "revenue_4q": null,
            "common_shares": 113708,
            "book_valuer_per_share": 11.31,
            "book_valuer_per_share_4q_avg": 2.83,
            "equity": 128623,
            "current_ratio": 137.28,
            "debt_ratio": 73.14,
            "inventory_turnover_ratio": null,
            "account_receivable_turnover_ratio": null,
            "reinvestment_rate": null,
            "research_to_sale_ratio": null,
            "price_fair": 0,
            "eps_avg_yearly": 0,
            "eps_latest_yearly": 0,
            "eps_growth_yearly": 0
        },
        "20081": {
            "year_quarter": 20081,
            "year": 2008,
            "quarter": 1,
            "eps": null,
            "eps_growth_year": null,
            "eps_4q": null,
            "eps_4q_growth_year": null,
            "roe": null,
            "roe_4q": 0,
            "gross_profit": null,
            "gross_margin": null,
            "gross_margin_4q_avg": 0,
            "net_income": null,
            "net_income_4q": null,
            "revenue": null,
            "revenue_4q": null,
            "common_shares": null,
            "book_valuer_per_share": null,
            "book_valuer_per_share_4q_avg": 2.83,
            "equity": null,
            "current_ratio": null,
            "debt_ratio": null,
            "inventory_turnover_ratio": null,
            "account_receivable_turnover_ratio": null,
            "reinvestment_rate": null,
            "research_to_sale_ratio": null,
            "price_fair": 0,
            "eps_avg_yearly": 0,
            "eps_latest_yearly": 0,
            "eps_growth_yearly": 0
        },
        "20082": {
            "year_quarter": 20082,
            "year": 2008,
            "quarter": 2,
            "eps": null,
            "eps_growth_year": null,
            "eps_4q": null,
            "eps_4q_growth_year": null,
            "roe": null,
            "roe_4q": 0,
            "gross_profit": null,
            "gross_margin": null,
            "gross_margin_4q_avg": 0,
            "net_income": null,
            "net_income_4q": null,
            "revenue": null,
            "revenue_4q": null,
            "common_shares": null,
            "book_valuer_per_share": null,
            "book_valuer_per_share_4q_avg": 2.83,
            "equity": null,
            "current_ratio": null,
            "debt_ratio": null,
            "inventory_turnover_ratio": null,
            "account_receivable_turnover_ratio": null,
            "reinvestment_rate": null,
            "research_to_sale_ratio": null,
            "price_fair": 0,
            "eps_avg_yearly": 0,
            "eps_latest_yearly": 0,
            "eps_growth_yearly": 0
        },
        "20083": {
            "year_quarter": 20083,
            "year": 2008,
            "quarter": 3,
            "eps": null,
            "eps_growth_year": null,
            "eps_4q": null,
            "eps_4q_growth_year": null,
            "roe": null,
            "roe_4q": 0,
            "gross_profit": null,
            "gross_margin": null,
            "gross_margin_4q_avg": 0,
            "net_income": null,
            "net_income_4q": null,
            "revenue": null,
            "revenue_4q": null,
            "common_shares": null,
            "book_valuer_per_share": null,
            "book_valuer_per_share_4q_avg": 2.83,
            "equity": null,
            "current_ratio": null,
            "debt_ratio": null,
            "inventory_turnover_ratio": null,
            "account_receivable_turnover_ratio": null,
            "reinvestment_rate": null,
            "research_to_sale_ratio": null,
            "price_fair": 0,
            "eps_avg_yearly": 0,
            "eps_latest_yearly": 0,
            "eps_growth_yearly": 0
        },
        "20084": {
            "year_quarter": 20084,
            "year": 2008,
            "quarter": 4,
            "eps": null,
            "eps_growth_year": null,
            "eps_4q": null,
            "eps_4q_growth_year": null,
            "roe": null,
            "roe_4q": 0,
            "gross_profit": null,
            "gross_margin": null,
            "gross_margin_4q_avg": 0,
            "net_income": null,
            "net_income_4q": null,
            "revenue": null,
            "revenue_4q": null,
            "common_shares": 117915,
            "book_valuer_per_share": 11.8,
            "book_valuer_per_share_4q_avg": 2.95,
            "equity": 139110,
            "current_ratio": 152.38,
            "debt_ratio": 63.7,
            "inventory_turnover_ratio": null,
            "account_receivable_turnover_ratio": null,
            "reinvestment_rate": null,
            "research_to_sale_ratio": null,
            "price_fair": 0,
            "eps_avg_yearly": 0,
            "eps_latest_yearly": 0,
            "eps_growth_yearly": 0
        },
        "20091": {
            "year_quarter": 20091,
            "year": 2009,
            "quarter": 1,
            "eps": null,
            "eps_growth_year": null,
            "eps_4q": null,
            "eps_4q_growth_year": null,
            "roe": null,
            "roe_4q": 0,
            "gross_profit": null,
            "gross_margin": null,
            "gross_margin_4q_avg": 0,
            "net_income": null,
            "net_income_4q": null,
            "revenue": null,
            "revenue_4q": null,
            "common_shares": null,
            "book_valuer_per_share": null,
            "book_valuer_per_share_4q_avg": 2.95,
            "equity": null,
            "current_ratio": null,
            "debt_ratio": null,
            "inventory_turnover_ratio": null,
            "account_receivable_turnover_ratio": null,
            "reinvestment_rate": null,
            "research_to_sale_ratio": null,
            "price_fair": 0,
            "eps_avg_yearly": 0,
            "eps_latest_yearly": 0,
            "eps_growth_yearly": 0
        },
        "20092": {
            "year_quarter": 20092,
            "year": 2009,
            "quarter": 2,
            "eps": null,
            "eps_growth_year": null,
            "eps_4q": null,
            "eps_4q_growth_year": null,
            "roe": null,
            "roe_4q": 0,
            "gross_profit": null,
            "gross_margin": null,
            "gross_margin_4q_avg": 0,
            "net_income": null,
            "net_income_4q": null,
            "revenue": null,
            "revenue_4q": null,
            "common_shares": null,
            "book_valuer_per_share": null,
            "book_valuer_per_share_4q_avg": 2.95,
            "equity": null,
            "current_ratio": null,
            "debt_ratio": null,
            "inventory_turnover_ratio": null,
            "account_receivable_turnover_ratio": null,
            "reinvestment_rate": null,
            "research_to_sale_ratio": null,
            "price_fair": 0,
            "eps_avg_yearly": 0,
            "eps_latest_yearly": 0,
            "eps_growth_yearly": 0
        },
        "20093": {
            "year_quarter": 20093,
            "year": 2009,
            "quarter": 3,
            "eps": null,
            "eps_growth_year": null,
            "eps_4q": null,
            "eps_4q_growth_year": null,
            "roe": null,
            "roe_4q": 0,
            "gross_profit": null,
            "gross_margin": null,
            "gross_margin_4q_avg": 0,
            "net_income": null,
            "net_income_4q": null,
            "revenue": null,
            "revenue_4q": null,
            "common_shares": null,
            "book_valuer_per_share": null,
            "book_valuer_per_share_4q_avg": 2.95,
            "equity": null,
            "current_ratio": null,
            "debt_ratio": null,
            "inventory_turnover_ratio": null,
            "account_receivable_turnover_ratio": null,
            "reinvestment_rate": null,
            "research_to_sale_ratio": null,
            "price_fair": 0,
            "eps_avg_yearly": 0,
            "eps_latest_yearly": 0,
            "eps_growth_yearly": 0
        },
        "20094": {
            "year_quarter": 20094,
            "year": 2009,
            "quarter": 4,
            "eps": null,
            "eps_growth_year": null,
            "eps_4q": null,
            "eps_4q_growth_year": null,
            "roe": null,
            "roe_4q": 0,
            "gross_profit": null,
            "gross_margin": null,
            "gross_margin_4q_avg": 0,
            "net_income": null,
            "net_income_4q": null,
            "revenue": null,
            "revenue_4q": null,
            "common_shares": 135225,
            "book_valuer_per_share": 13.7,
            "book_valuer_per_share_4q_avg": 3.43,
            "equity": 185274,
            "current_ratio": 233.22,
            "debt_ratio": 45.99,
            "inventory_turnover_ratio": null,
            "account_receivable_turnover_ratio": null,
            "reinvestment_rate": null,
            "research_to_sale_ratio": null,
            "price_fair": 0,
            "eps_avg_yearly": 0,
            "eps_latest_yearly": 0,
            "eps_growth_yearly": 0
        },
        "20101": {
            "year_quarter": 20101,
            "year": 2010,
            "quarter": 1,
            "eps": null,
            "eps_growth_year": null,
            "eps_4q": null,
            "eps_4q_growth_year": null,
            "roe": null,
            "roe_4q": 0,
            "gross_profit": null,
            "gross_margin": null,
            "gross_margin_4q_avg": 0,
            "net_income": null,
            "net_income_4q": null,
            "revenue": null,
            "revenue_4q": null,
            "common_shares": null,
            "book_valuer_per_share": null,
            "book_valuer_per_share_4q_avg": 3.43,
            "equity": null,
            "current_ratio": null,
            "debt_ratio": null,
            "inventory_turnover_ratio": null,
            "account_receivable_turnover_ratio": null,
            "reinvestment_rate": null,
            "research_to_sale_ratio": null,
            "price_fair": 0,
            "eps_avg_yearly": 0,
            "eps_latest_yearly": 0,
            "eps_growth_yearly": 0
        },
        "20102": {
            "year_quarter": 20102,
            "year": 2010,
            "quarter": 2,
            "eps": null,
            "eps_growth_year": null,
            "eps_4q": null,
            "eps_4q_growth_year": null,
            "roe": null,
            "roe_4q": 0,
            "gross_profit": null,
            "gross_margin": null,
            "gross_margin_4q_avg": 0,
            "net_income": null,
            "net_income_4q": null,
            "revenue": null,
            "revenue_4q": null,
            "common_shares": 135225,
            "book_valuer_per_share": null,
            "book_valuer_per_share_4q_avg": 3.43,
            "equity": 183423,
            "current_ratio": null,
            "debt_ratio": null,
            "inventory_turnover_ratio": null,
            "account_receivable_turnover_ratio": null,
            "reinvestment_rate": null,
            "research_to_sale_ratio": null,
            "price_fair": 0,
            "eps_avg_yearly": 0,
            "eps_latest_yearly": 0,
            "eps_growth_yearly": 0
        },
        "20103": {
            "year_quarter": 20103,
            "year": 2010,
            "quarter": 3,
            "eps": null,
            "eps_growth_year": null,
            "eps_4q": null,
            "eps_4q_growth_year": null,
            "roe": null,
            "roe_4q": 0,
            "gross_profit": null,
            "gross_margin": null,
            "gross_margin_4q_avg": 0,
            "net_income": null,
            "net_income_4q": null,
            "revenue": null,
            "revenue_4q": null,
            "common_shares": null,
            "book_valuer_per_share": null,
            "book_valuer_per_share_4q_avg": 3.43,
            "equity": null,
            "current_ratio": null,
            "debt_ratio": null,
            "inventory_turnover_ratio": null,
            "account_receivable_turnover_ratio": null,
            "reinvestment_rate": null,
            "research_to_sale_ratio": null,
            "price_fair": 0,
            "eps_avg_yearly": 0,
            "eps_latest_yearly": 0,
            "eps_growth_yearly": 0
        },
        "20104": {
            "year_quarter": 20104,
            "year": 2010,
            "quarter": 4,
            "eps": null,
            "eps_growth_year": null,
            "eps_4q": null,
            "eps_4q_growth_year": null,
            "roe": null,
            "roe_4q": 0,
            "gross_profit": null,
            "gross_margin": null,
            "gross_margin_4q_avg": 0,
            "net_income": null,
            "net_income_4q": null,
            "revenue": null,
            "revenue_4q": null,
            "common_shares": 168851,
            "book_valuer_per_share": 11.84,
            "book_valuer_per_share_4q_avg": 2.96,
            "equity": 199910,
            "current_ratio": 163.86,
            "debt_ratio": 68.16,
            "inventory_turnover_ratio": null,
            "account_receivable_turnover_ratio": null,
            "reinvestment_rate": null,
            "research_to_sale_ratio": null,
            "price_fair": 0,
            "eps_avg_yearly": 0,
            "eps_latest_yearly": 0,
            "eps_growth_yearly": 0
        },
        "20111": {
            "year_quarter": 20111,
            "year": 2011,
            "quarter": 1,
            "eps": null,
            "eps_growth_year": null,
            "eps_4q": null,
            "eps_4q_growth_year": null,
            "roe": null,
            "roe_4q": 0,
            "gross_profit": null,
            "gross_margin": null,
            "gross_margin_4q_avg": 0,
            "net_income": null,
            "net_income_4q": null,
            "revenue": null,
            "revenue_4q": null,
            "common_shares": null,
            "book_valuer_per_share": null,
            "book_valuer_per_share_4q_avg": 2.96,
            "equity": null,
            "current_ratio": null,
            "debt_ratio": null,
            "inventory_turnover_ratio": null,
            "account_receivable_turnover_ratio": null,
            "reinvestment_rate": null,
            "research_to_sale_ratio": null,
            "price_fair": 0,
            "eps_avg_yearly": 0,
            "eps_latest_yearly": 0,
            "eps_growth_yearly": 0
        },
        "20112": {
            "year_quarter": 20112,
            "year": 2011,
            "quarter": 2,
            "eps": null,
            "eps_growth_year": null,
            "eps_4q": null,
            "eps_4q_growth_year": null,
            "roe": null,
            "roe_4q": 0,
            "gross_profit": null,
            "gross_margin": null,
            "gross_margin_4q_avg": 0,
            "net_income": null,
            "net_income_4q": null,
            "revenue": null,
            "revenue_4q": null,
            "common_shares": 168851,
            "book_valuer_per_share": 11.24,
            "book_valuer_per_share_4q_avg": 5.77,
            "equity": 189785,
            "current_ratio": 160.56,
            "debt_ratio": 66.5,
            "inventory_turnover_ratio": null,
            "account_receivable_turnover_ratio": null,
            "reinvestment_rate": null,
            "research_to_sale_ratio": null,
            "price_fair": 0,
            "eps_avg_yearly": 0,
            "eps_latest_yearly": 0,
            "eps_growth_yearly": 0
        },
        "20113": {
            "year_quarter": 20113,
            "year": 2011,
            "quarter": 3,
            "eps": null,
            "eps_growth_year": null,
            "eps_4q": null,
            "eps_4q_growth_year": null,
            "roe": null,
            "roe_4q": 0,
            "gross_profit": 47301,
            "gross_margin": null,
            "gross_margin_4q_avg": 0,
            "net_income": 20325,
            "net_income_4q": null,
            "revenue": 206442,
            "revenue_4q": null,
            "common_shares": 180000,
            "book_valuer_per_share": 11.67,
            "book_valuer_per_share_4q_avg": 8.69,
            "equity": 210110,
            "current_ratio": 156.13,
            "debt_ratio": 66.53,
            "inventory_turnover_ratio": null,
            "account_receivable_turnover_ratio": null,
            "reinvestment_rate": null,
            "research_to_sale_ratio": null,
            "price_fair": 0,
            "eps_avg_yearly": 0,
            "eps_latest_yearly": 0,
            "eps_growth_yearly": 0
        },
        "20114": {
            "year_quarter": 20114,
            "year": 2011,
            "quarter": 4,
            "eps": null,
            "eps_growth_year": null,
            "eps_4q": null,
            "eps_4q_growth_year": null,
            "roe": null,
            "roe_4q": 0,
            "gross_profit": 38890,
            "gross_margin": null,
            "gross_margin_4q_avg": 0,
            "net_income": 12629,
            "net_income_4q": null,
            "revenue": 183065,
            "revenue_4q": null,
            "common_shares": 180000,
            "book_valuer_per_share": 12.53,
            "book_valuer_per_share_4q_avg": 8.86,
            "equity": 225624,
            "current_ratio": 179.29,
            "debt_ratio": 60.62,
            "inventory_turnover_ratio": null,
            "account_receivable_turnover_ratio": null,
            "reinvestment_rate": null,
            "research_to_sale_ratio": null,
            "price_fair": 0,
            "eps_avg_yearly": 0,
            "eps_latest_yearly": 0,
            "eps_growth_yearly": 0
        },
        "20121": {
            "year_quarter": 20121,
            "year": 2012,
            "quarter": 1,
            "eps": null,
            "eps_growth_year": null,
            "eps_4q": null,
            "eps_4q_growth_year": null,
            "roe": null,
            "roe_4q": 0,
            "gross_profit": 25322,
            "gross_margin": null,
            "gross_margin_4q_avg": 0,
            "net_income": 637,
            "net_income_4q": null,
            "revenue": 152900,
            "revenue_4q": null,
            "common_shares": 180000,
            "book_valuer_per_share": null,
            "book_valuer_per_share_4q_avg": 8.86,
            "equity": 213387,
            "current_ratio": null,
            "debt_ratio": null,
            "inventory_turnover_ratio": null,
            "account_receivable_turnover_ratio": null,
            "reinvestment_rate": null,
            "research_to_sale_ratio": null,
            "price_fair": 0,
            "eps_avg_yearly": 0,
            "eps_latest_yearly": 0,
            "eps_growth_yearly": 0
        },
        "20122": {
            "year_quarter": 20122,
            "year": 2012,
            "quarter": 2,
            "eps": null,
            "eps_growth_year": null,
            "eps_4q": null,
            "eps_4q_growth_year": null,
            "roe": null,
            "roe_4q": 0,
            "gross_profit": 33715,
            "gross_margin": null,
            "gross_margin_4q_avg": 0,
            "net_income": 5773,
            "net_income_4q": null,
            "revenue": 162823,
            "revenue_4q": null,
            "common_shares": 180000,
            "book_valuer_per_share": 12.39,
            "book_valuer_per_share_4q_avg": 9.15,
            "equity": 223034,
            "current_ratio": 188.25,
            "debt_ratio": 59.09,
            "inventory_turnover_ratio": null,
            "account_receivable_turnover_ratio": null,
            "reinvestment_rate": null,
            "research_to_sale_ratio": null,
            "price_fair": 0,
            "eps_avg_yearly": 0,
            "eps_latest_yearly": 0,
            "eps_growth_yearly": 0
        },
        "20123": {
            "year_quarter": 20123,
            "year": 2012,
            "quarter": 3,
            "eps": 0.71,
            "eps_growth_year": null,
            "eps_4q": 0.71,
            "eps_4q_growth_year": null,
            "roe": 5.82,
            "roe_4q": 5.82,
            "gross_profit": 44316,
            "gross_margin": 24.78,
            "gross_margin_4q_avg": 6.2,
            "net_income": 13375,
            "net_income_4q": null,
            "revenue": 178817,
            "revenue_4q": null,
            "common_shares": 189000,
            "book_valuer_per_share": 12.51,
            "book_valuer_per_share_4q_avg": 9.36,
            "equity": 236409,
            "current_ratio": 188.79,
            "debt_ratio": 58.36,
            "inventory_turnover_ratio": 1.33,
            "account_receivable_turnover_ratio": 1.56,
            "reinvestment_rate": null,
            "research_to_sale_ratio": 7.42,
            "price_fair": 0,
            "eps_avg_yearly": 0,
            "eps_latest_yearly": 0,
            "eps_growth_yearly": 0
        },
        "20124": {
            "year_quarter": 20124,
            "year": 2012,
            "quarter": 4,
            "eps": 0.4,
            "eps_growth_year": null,
            "eps_4q": 1.11,
            "eps_4q_growth_year": null,
            "roe": 3.17,
            "roe_4q": 8.99,
            "gross_profit": 35368,
            "gross_margin": 19.61,
            "gross_margin_4q_avg": 11.1,
            "net_income": 7619,
            "net_income_4q": null,
            "revenue": 180375,
            "revenue_4q": null,
            "common_shares": 189000,
            "book_valuer_per_share": 12.9,
            "book_valuer_per_share_4q_avg": 9.45,
            "equity": 243878,
            "current_ratio": 204.9,
            "debt_ratio": 55.85,
            "inventory_turnover_ratio": 1.49,
            "account_receivable_turnover_ratio": 1.42,
            "reinvestment_rate": null,
            "research_to_sale_ratio": 6.81,
            "price_fair": 4.8,
            "eps_avg_yearly": 1.6,
            "eps_latest_yearly": 1.6,
            "eps_growth_yearly": -174.65
        },
        "20131": {
            "year_quarter": 20131,
            "year": 2013,
            "quarter": 1,
            "eps": 0.9,
            "eps_growth_year": null,
            "eps_4q": 2.01,
            "eps_4q_growth_year": null,
            "roe": 6.87,
            "roe_4q": 15.86,
            "gross_profit": 48299,
            "gross_margin": 24.3,
            "gross_margin_4q_avg": 17.17,
            "net_income": 16941,
            "net_income_4q": null,
            "revenue": 198798,
            "revenue_4q": null,
            "common_shares": 189000,
            "book_valuer_per_share": 13.18,
            "book_valuer_per_share_4q_avg": 12.75,
            "equity": 249075,
            "current_ratio": 201.58,
            "debt_ratio": 56.87,
            "inventory_turnover_ratio": 1.69,
            "account_receivable_turnover_ratio": 1.52,
            "reinvestment_rate": null,
            "research_to_sale_ratio": 8.67,
            "price_fair": 91,
            "eps_avg_yearly": 2.6,
            "eps_latest_yearly": 3.6,
            "eps_growth_yearly": 162.68
        },
        "20132": {
            "year_quarter": 20132,
            "year": 2013,
            "quarter": 2,
            "eps": 1.03,
            "eps_growth_year": null,
            "eps_4q": 2.6,
            "eps_4q_growth_year": null,
            "roe": 7,
            "roe_4q": 22.86,
            "gross_profit": 60673,
            "gross_margin": 27.05,
            "gross_margin_4q_avg": 23.94,
            "net_income": 20678,
            "net_income_4q": null,
            "revenue": 224267,
            "revenue_4q": null,
            "common_shares": 215000,
            "book_valuer_per_share": 15.88,
            "book_valuer_per_share_4q_avg": 13.62,
            "equity": 341525,
            "current_ratio": 229.93,
            "debt_ratio": 51.51,
            "inventory_turnover_ratio": 1.68,
            "account_receivable_turnover_ratio": 1.42,
            "reinvestment_rate": null,
            "research_to_sale_ratio": 7.39,
            "price_fair": 108.73,
            "eps_avg_yearly": 3.11,
            "eps_latest_yearly": 4.12,
            "eps_growth_yearly": 127.71
        },
        "20133": {
            "year_quarter": 20133,
            "year": 2013,
            "quarter": 3,
            "eps": 0.75,
            "eps_growth_year": 5.98,
            "eps_4q": 2.76,
            "eps_4q_growth_year": 290.64,
            "roe": 4.88,
            "roe_4q": 21.92,
            "gross_profit": 51119,
            "gross_margin": 24.99,
            "gross_margin_4q_avg": 23.99,
            "net_income": 17072,
            "net_income_4q": null,
            "revenue": 204519,
            "revenue_4q": null,
            "common_shares": 225395,
            "book_valuer_per_share": 15.91,
            "book_valuer_per_share_4q_avg": 14.47,
            "equity": 358546,
            "current_ratio": 242.43,
            "debt_ratio": 48.43,
            "inventory_turnover_ratio": 1.47,
            "account_receivable_turnover_ratio": 1.27,
            "reinvestment_rate": null,
            "research_to_sale_ratio": 6.23,
            "price_fair": 107.8,
            "eps_avg_yearly": 3.08,
            "eps_latest_yearly": 3,
            "eps_growth_yearly": 68.6
        },
        "20134": {
            "year_quarter": 20134,
            "year": 2013,
            "quarter": 4,
            "eps": 0.47,
            "eps_growth_year": 16.8,
            "eps_4q": 2.9,
            "eps_4q_growth_year": 160.83,
            "roe": 2.89,
            "roe_4q": 21.64,
            "gross_profit": 36050,
            "gross_margin": 24.14,
            "gross_margin_4q_avg": 25.12,
            "net_income": 10613,
            "net_income_4q": null,
            "revenue": 149345,
            "revenue_4q": null,
            "common_shares": 225395,
            "book_valuer_per_share": 16.67,
            "book_valuer_per_share_4q_avg": 15.41,
            "equity": 375670,
            "current_ratio": 353.77,
            "debt_ratio": 45.88,
            "inventory_turnover_ratio": 1.13,
            "account_receivable_turnover_ratio": 1.22,
            "reinvestment_rate": null,
            "research_to_sale_ratio": 7.68,
            "price_fair": 99.4,
            "eps_avg_yearly": 2.84,
            "eps_latest_yearly": 1.88,
            "eps_growth_yearly": 25.01
        },
        "20141": {
            "year_quarter": 20141,
            "year": 2014,
            "quarter": 1,
            "eps": 1.03,
            "eps_growth_year": 14.44,
            "eps_4q": 3.17,
            "eps_4q_growth_year": 57.9,
            "roe": 5.98,
            "roe_4q": 20.75,
            "gross_profit": 57199,
            "gross_margin": 29.25,
            "gross_margin_4q_avg": 26.36,
            "net_income": 23257,
            "net_income_4q": null,
            "revenue": 195573,
            "revenue_4q": null,
            "common_shares": 225395,
            "book_valuer_per_share": 17.78,
            "book_valuer_per_share_4q_avg": 16.56,
            "equity": 401909,
            "current_ratio": 326.2,
            "debt_ratio": 45.69,
            "inventory_turnover_ratio": 1.46,
            "account_receivable_turnover_ratio": 1.69,
            "reinvestment_rate": null,
            "research_to_sale_ratio": 8.22,
            "price_fair": 106.87,
            "eps_avg_yearly": 3.05,
            "eps_latest_yearly": 4.12,
            "eps_growth_yearly": 100.28
        },
        "20142": {
            "year_quarter": 20142,
            "year": 2014,
            "quarter": 2,
            "eps": 1.01,
            "eps_growth_year": -1.94,
            "eps_4q": 2.8,
            "eps_4q_growth_year": 7.71,
            "roe": 5.78,
            "roe_4q": 19.53,
            "gross_profit": 68609,
            "gross_margin": 30.12,
            "gross_margin_4q_avg": 27.13,
            "net_income": 22736,
            "net_income_4q": null,
            "revenue": 227812,
            "revenue_4q": null,
            "common_shares": 226992,
            "book_valuer_per_share": 16.92,
            "book_valuer_per_share_4q_avg": 16.82,
            "equity": 384153,
            "current_ratio": 215.94,
            "debt_ratio": 53.85,
            "inventory_turnover_ratio": 1.37,
            "account_receivable_turnover_ratio": 1.45,
            "reinvestment_rate": null,
            "research_to_sale_ratio": 6.06,
            "price_fair": 111.8,
            "eps_avg_yearly": 3.19,
            "eps_latest_yearly": 4.04,
            "eps_growth_yearly": 84.84
        },
        "20143": {
            "year_quarter": 20143,
            "year": 2014,
            "quarter": 3,
            "eps": 1.48,
            "eps_growth_year": 97.33,
            "eps_4q": 3.62,
            "eps_4q_growth_year": 30.77,
            "roe": 9.61,
            "roe_4q": 24.26,
            "gross_profit": 80912,
            "gross_margin": 31.64,
            "gross_margin_4q_avg": 28.79,
            "net_income": 39339,
            "net_income_4q": null,
            "revenue": 255689,
            "revenue_4q": null,
            "common_shares": 229339,
            "book_valuer_per_share": 18.93,
            "book_valuer_per_share_4q_avg": 17.58,
            "equity": 434175,
            "current_ratio": 249.06,
            "debt_ratio": 48.52,
            "inventory_turnover_ratio": 1.24,
            "account_receivable_turnover_ratio": 1.36,
            "reinvestment_rate": null,
            "research_to_sale_ratio": 5.25,
            "price_fair": 123.73,
            "eps_avg_yearly": 3.54,
            "eps_latest_yearly": 5.92,
            "eps_growth_yearly": 97.5
        },
        "20144": {
            "year_quarter": 20144,
            "year": 2014,
            "quarter": 4,
            "eps": 1.46,
            "eps_growth_year": 210.57,
            "eps_4q": 4.68,
            "eps_4q_growth_year": 61.41,
            "roe": 8.55,
            "roe_4q": 29.92,
            "gross_profit": 76561,
            "gross_margin": 29.85,
            "gross_margin_4q_avg": 30.22,
            "net_income": 38821,
            "net_income_4q": null,
            "revenue": 256505,
            "revenue_4q": null,
            "common_shares": 265473,
            "book_valuer_per_share": 17.85,
            "book_valuer_per_share_4q_avg": 17.87,
            "equity": 473835,
            "current_ratio": 153,
            "debt_ratio": 45.58,
            "inventory_turnover_ratio": 1.17,
            "account_receivable_turnover_ratio": 1.22,
            "reinvestment_rate": null,
            "research_to_sale_ratio": 6.14,
            "price_fair": 132.69,
            "eps_avg_yearly": 3.79,
            "eps_latest_yearly": 5.84,
            "eps_growth_yearly": 86.07
        },
        "20151": {
            "year_quarter": 20151,
            "year": 2015,
            "quarter": 1,
            "eps": 0.76,
            "eps_growth_year": -26.21,
            "eps_4q": 3.95,
            "eps_4q_growth_year": 24.66,
            "roe": 3.21,
            "roe_4q": 27.150000000000002,
            "gross_profit": 97467,
            "gross_margin": 32.4,
            "gross_margin_4q_avg": 31,
            "net_income": 22795,
            "net_income_4q": null,
            "revenue": 300779,
            "revenue_4q": null,
            "common_shares": 313085,
            "book_valuer_per_share": 30.26,
            "book_valuer_per_share_4q_avg": 20.99,
            "equity": 947354,
            "current_ratio": 188,
            "debt_ratio": 31.2,
            "inventory_turnover_ratio": 0.98,
            "account_receivable_turnover_ratio": 1.27,
            "reinvestment_rate": null,
            "research_to_sale_ratio": 6.4,
            "price_fair": 130.06,
            "eps_avg_yearly": 3.72,
            "eps_latest_yearly": 3.04,
            "eps_growth_yearly": 58.28
        },
        "20152": {
            "year_quarter": 20152,
            "year": 2015,
            "quarter": 2,
            "eps": 1.19,
            "eps_growth_year": 17.82,
            "eps_4q": 3.67,
            "eps_4q_growth_year": 31.18,
            "roe": 3.99,
            "roe_4q": 25.36,
            "gross_profit": 101079,
            "gross_margin": 28.44,
            "gross_margin_4q_avg": 30.58,
            "net_income": 37241,
            "net_income_4q": null,
            "revenue": 355454,
            "revenue_4q": null,
            "common_shares": 314190,
            "book_valuer_per_share": 29.19,
            "book_valuer_per_share_4q_avg": 24.06,
            "equity": 917082,
            "current_ratio": 235.86,
            "debt_ratio": 45.5,
            "inventory_turnover_ratio": 1.06,
            "account_receivable_turnover_ratio": 1.35,
            "reinvestment_rate": -2.74,
            "research_to_sale_ratio": 4.66,
            "price_fair": 133.38,
            "eps_avg_yearly": 3.81,
            "eps_latest_yearly": 4.76,
            "eps_growth_yearly": 73.56
        },
        "20153": {
            "year_quarter": 20153,
            "year": 2015,
            "quarter": 3,
            "eps": 1.67,
            "eps_growth_year": 12.84,
            "eps_4q": 4.26,
            "eps_4q_growth_year": 17.84,
            "roe": 6.57,
            "roe_4q": 22.32,
            "gross_profit": 98002,
            "gross_margin": 27.67,
            "gross_margin_4q_avg": 29.59,
            "net_income": 62701,
            "net_income_4q": null,
            "revenue": 354126,
            "revenue_4q": null,
            "common_shares": 379241,
            "book_valuer_per_share": 26.11,
            "book_valuer_per_share_4q_avg": 25.85,
            "equity": 990254,
            "current_ratio": 286.27,
            "debt_ratio": 40.98,
            "inventory_turnover_ratio": 1.17,
            "account_receivable_turnover_ratio": 1.32,
            "reinvestment_rate": -3.57,
            "research_to_sale_ratio": 6.71,
            "price_fair": 141.75,
            "eps_avg_yearly": 4.05,
            "eps_latest_yearly": 6.68,
            "eps_growth_yearly": 80.88
        },
        "20154": {
            "year_quarter": 20154,
            "year": 2015,
            "quarter": 4,
            "eps": 0.72,
            "eps_growth_year": -51.08,
            "eps_4q": 3.9,
            "eps_4q_growth_year": -16.62,
            "roe": 2.72,
            "roe_4q": 16.490000000000002,
            "gross_profit": 99865,
            "gross_margin": 29.97,
            "gross_margin_4q_avg": 29.62,
            "net_income": 27577,
            "net_income_4q": null,
            "revenue": 333191,
            "revenue_4q": null,
            "common_shares": 385463,
            "book_valuer_per_share": 26.89,
            "book_valuer_per_share_4q_avg": 28.11,
            "equity": 1036688,
            "current_ratio": 304.54,
            "debt_ratio": 39.49,
            "inventory_turnover_ratio": 1.03,
            "account_receivable_turnover_ratio": 1.31,
            "reinvestment_rate": -5.47,
            "research_to_sale_ratio": 7.65,
            "price_fair": 138.6,
            "eps_avg_yearly": 3.96,
            "eps_latest_yearly": 2.88,
            "eps_growth_yearly": 57.15
        },
        "20161": {
            "year_quarter": 20161,
            "year": 2016,
            "quarter": 1,
            "eps": -0.09,
            "eps_growth_year": -111.84,
            "eps_4q": 3.22,
            "eps_4q_growth_year": -18.56,
            "roe": -0.34,
            "roe_4q": 12.940000000000001,
            "gross_profit": 76013,
            "gross_margin": 30.76,
            "gross_margin_4q_avg": 29.21,
            "net_income": -3499,
            "net_income_4q": null,
            "revenue": 247126,
            "revenue_4q": null,
            "common_shares": 385463,
            "book_valuer_per_share": 26.8,
            "book_valuer_per_share_4q_avg": 27.25,
            "equity": 1033120,
            "current_ratio": 294.13,
            "debt_ratio": 40.13,
            "inventory_turnover_ratio": 0.64,
            "account_receivable_turnover_ratio": 1,
            "reinvestment_rate": -4.13,
            "research_to_sale_ratio": 7.89,
            "price_fair": 138.6,
            "eps_avg_yearly": 3.96,
            "eps_latest_yearly": 2.88,
            "eps_growth_yearly": 57.15
        },
        "20162": {
            "year_quarter": 20162,
            "year": 2016,
            "quarter": 2,
            "eps": 0.58,
            "eps_growth_year": -51.26,
            "eps_4q": 2.46,
            "eps_4q_growth_year": -32.92,
            "roe": 2.28,
            "roe_4q": 11.23,
            "gross_profit": 73191,
            "gross_margin": 27.18,
            "gross_margin_4q_avg": 28.9,
            "net_income": 22478,
            "net_income_4q": null,
            "revenue": 269266,
            "revenue_4q": null,
            "common_shares": 385463,
            "book_valuer_per_share": 24.37,
            "book_valuer_per_share_4q_avg": 26.04,
            "equity": 939369,
            "current_ratio": 151.22,
            "debt_ratio": 45.05,
            "inventory_turnover_ratio": 0.62,
            "account_receivable_turnover_ratio": 1.05,
            "reinvestment_rate": -2.96,
            "research_to_sale_ratio": 7.26,
            "price_fair": 138.6,
            "eps_avg_yearly": 3.96,
            "eps_latest_yearly": 2.88,
            "eps_growth_yearly": 57.15
        },
        "20163": {
            "year_quarter": 20163,
            "year": 2016,
            "quarter": 3,
            "eps": -0.36,
            "eps_growth_year": -121.56,
            "eps_4q": 0.69,
            "eps_4q_growth_year": -83.82,
            "roe": -1.71,
            "roe_4q": 2.95,
            "gross_profit": 69798,
            "gross_margin": 27.94,
            "gross_margin_4q_avg": 28.96,
            "net_income": -15953,
            "net_income_4q": null,
            "revenue": 249847,
            "revenue_4q": null,
            "common_shares": 443933,
            "book_valuer_per_share": 20.82,
            "book_valuer_per_share_4q_avg": 24.72,
            "equity": 924331,
            "current_ratio": 161.61,
            "debt_ratio": 40.78,
            "inventory_turnover_ratio": 0.55,
            "account_receivable_turnover_ratio": 0.9,
            "reinvestment_rate": -2.67,
            "research_to_sale_ratio": 7.19,
            "price_fair": 138.6,
            "eps_avg_yearly": 3.96,
            "eps_latest_yearly": 2.88,
            "eps_growth_yearly": 57.15
        },
        "20164": {
            "year_quarter": 20164,
            "year": 2016,
            "quarter": 4,
            "eps": -1.82,
            "eps_growth_year": -354.5,
            "eps_4q": -1.76,
            "eps_4q_growth_year": -145.12,
            "roe": -9.52,
            "roe_4q": -9.290000000000001,
            "gross_profit": 67213,
            "gross_margin": 28.18,
            "gross_margin_4q_avg": 28.52,
            "net_income": -89886,
            "net_income_4q": null,
            "revenue": 238478,
            "revenue_4q": null,
            "common_shares": 493666,
            "book_valuer_per_share": 19.51,
            "book_valuer_per_share_4q_avg": 22.88,
            "equity": 963381,
            "current_ratio": 218.51,
            "debt_ratio": 33.6,
            "inventory_turnover_ratio": 0.56,
            "account_receivable_turnover_ratio": 0.84,
            "reinvestment_rate": -3.88,
            "research_to_sale_ratio": 8.91,
            "price_fair": 145.48,
            "eps_avg_yearly": 4.16,
            "eps_latest_yearly": 2.88,
            "eps_growth_yearly": 76.47
        },
        "20171": {
            "year_quarter": 20171,
            "year": 2017,
            "quarter": 1,
            "eps": -1.35,
            "eps_growth_year": null,
            "eps_4q": -3.04,
            "eps_4q_growth_year": -194.34,
            "roe": -7.15,
            "roe_4q": -16.1,
            "gross_profit": 58810,
            "gross_margin": 29.94,
            "gross_margin_4q_avg": 28.31,
            "net_income": -66480,
            "net_income_4q": null,
            "revenue": 196410,
            "revenue_4q": null,
            "common_shares": 493666,
            "book_valuer_per_share": 18.15,
            "book_valuer_per_share_4q_avg": 20.71,
            "equity": 896152,
            "current_ratio": 161.95,
            "debt_ratio": 47,
            "inventory_turnover_ratio": 0.47,
            "account_receivable_turnover_ratio": 0.72,
            "reinvestment_rate": -4.36,
            "research_to_sale_ratio": 10.16,
            "price_fair": 147.25,
            "eps_avg_yearly": 4.21,
            "eps_latest_yearly": 2.88,
            "eps_growth_yearly": 37.96
        },
        "20172": {
            "year_quarter": 20172,
            "year": 2017,
            "quarter": 2,
            "eps": 0.71,
            "eps_growth_year": 22.41,
            "eps_4q": -2.8,
            "eps_4q_growth_year": -213.6,
            "roe": 3.86,
            "roe_4q": -14.52,
            "gross_profit": 82229,
            "gross_margin": 29.7,
            "gross_margin_4q_avg": 28.94,
            "net_income": 35040,
            "net_income_4q": null,
            "revenue": 276876,
            "revenue_4q": null,
            "common_shares": 493666,
            "book_valuer_per_share": 18.79,
            "book_valuer_per_share_4q_avg": 19.32,
            "equity": 921228,
            "current_ratio": 215.4,
            "debt_ratio": 33.15,
            "inventory_turnover_ratio": 0.69,
            "account_receivable_turnover_ratio": 0.97,
            "reinvestment_rate": -1.59,
            "research_to_sale_ratio": 6.84,
            "price_fair": 147.56,
            "eps_avg_yearly": 4.22,
            "eps_latest_yearly": 2.88,
            "eps_growth_yearly": 35.98
        },
        "20173": {
            "year_quarter": 20173,
            "year": 2017,
            "quarter": 3,
            "eps": -3.71,
            "eps_growth_year": null,
            "eps_4q": -6.21,
            "eps_4q_growth_year": -1000.45,
            "roe": -22,
            "roe_4q": -34.81,
            "gross_profit": -5065,
            "gross_margin": -2.78,
            "gross_margin_4q_avg": 21.26,
            "net_income": -182952,
            "net_income_4q": null,
            "revenue": 182188,
            "revenue_4q": null,
            "common_shares": 493666,
            "book_valuer_per_share": 15.07,
            "book_valuer_per_share_4q_avg": 17.88,
            "equity": 741646,
            "current_ratio": 194.95,
            "debt_ratio": 37.21,
            "inventory_turnover_ratio": 0.8,
            "account_receivable_turnover_ratio": 0.65,
            "reinvestment_rate": null,
            "research_to_sale_ratio": 10.26,
            "price_fair": 152.29,
            "eps_avg_yearly": 4.35,
            "eps_latest_yearly": 2.88,
            "eps_growth_yearly": 52.06
        },
        "20174": {
            "year_quarter": 20174,
            "year": 2017,
            "quarter": 4,
            "eps": -0.97,
            "eps_growth_year": null,
            "eps_4q": -4.91,
            "eps_4q_growth_year": null,
            "roe": -6.81,
            "roe_4q": -32.1,
            "gross_profit": 45764,
            "gross_margin": 22.71,
            "gross_margin_4q_avg": 19.89,
            "net_income": -52755,
            "net_income_4q": null,
            "revenue": 201525,
            "revenue_4q": null,
            "common_shares": 543666,
            "book_valuer_per_share": 14.84,
            "book_valuer_per_share_4q_avg": 16.71,
            "equity": 806752,
            "current_ratio": 287.52,
            "debt_ratio": 24.01,
            "inventory_turnover_ratio": 0.9,
            "account_receivable_turnover_ratio": 0.88,
            "reinvestment_rate": null,
            "research_to_sale_ratio": 10.17,
            "price_fair": 163.1,
            "eps_avg_yearly": 4.66,
            "eps_latest_yearly": 2.88,
            "eps_growth_yearly": 77.24
        },
        "20181": {
            "year_quarter": 20181,
            "year": 2018,
            "quarter": 1,
            "eps": 0.21,
            "eps_growth_year": null,
            "eps_4q": -2.52,
            "eps_4q_growth_year": null,
            "roe": 1.43,
            "roe_4q": -23.52,
            "gross_profit": 56364,
            "gross_margin": 33.01,
            "gross_margin_4q_avg": 20.66,
            "net_income": 14416,
            "net_income_4q": null,
            "revenue": 170756,
            "revenue_4q": null,
            "common_shares": 743666,
            "book_valuer_per_share": 16.31,
            "book_valuer_per_share_4q_avg": 16.25,
            "equity": 1207097,
            "current_ratio": 728.51,
            "debt_ratio": 10.46,
            "inventory_turnover_ratio": 0.73,
            "account_receivable_turnover_ratio": 0.87,
            "reinvestment_rate": null,
            "research_to_sale_ratio": 8.16,
            "price_fair": 142.99,
            "eps_avg_yearly": 4.74,
            "eps_latest_yearly": 2.88,
            "eps_growth_yearly": 20.19
        },
        "20182": {
            "year_quarter": 20182,
            "year": 2018,
            "quarter": 2,
            "eps": 0.34,
            "eps_growth_year": -52.11,
            "eps_4q": -2.65,
            "eps_4q_growth_year": null,
            "roe": 2.07,
            "roe_4q": -25.31,
            "gross_profit": 55967,
            "gross_margin": 31.42,
            "gross_margin_4q_avg": 21.09,
            "net_income": 25206,
            "net_income_4q": null,
            "revenue": 178132,
            "revenue_4q": null,
            "common_shares": 743666,
            "book_valuer_per_share": 16.65,
            "book_valuer_per_share_4q_avg": 15.72,
            "equity": 1232645,
            "current_ratio": 710.02,
            "debt_ratio": 10.89,
            "inventory_turnover_ratio": 0.72,
            "account_receivable_turnover_ratio": 0.82,
            "reinvestment_rate": null,
            "research_to_sale_ratio": 9.11,
            "price_fair": 152.4,
            "eps_avg_yearly": 4.35,
            "eps_latest_yearly": 1.36,
            "eps_growth_yearly": 56.67
        },
        "20183": {
            "year_quarter": 20183,
            "year": 2018,
            "quarter": 3,
            "eps": 0.11,
            "eps_growth_year": null,
            "eps_4q": -0.06,
            "eps_4q_growth_year": null,
            "roe": 0.67,
            "roe_4q": -2.6399999999999997,
            "gross_profit": 53421,
            "gross_margin": 33.5,
            "gross_margin_4q_avg": 30.16,
            "net_income": 8312,
            "net_income_4q": null,
            "revenue": 159489,
            "revenue_4q": null,
            "common_shares": 743666,
            "book_valuer_per_share": 16.76,
            "book_valuer_per_share_4q_avg": 16.14,
            "equity": 1240919,
            "current_ratio": 778.39,
            "debt_ratio": 9.94,
            "inventory_turnover_ratio": 0.63,
            "account_receivable_turnover_ratio": 0.68,
            "reinvestment_rate": null,
            "research_to_sale_ratio": 11.74,
            "price_fair": 10.71,
            "eps_avg_yearly": 3.57,
            "eps_latest_yearly": 0.44,
            "eps_growth_yearly": -8.58
        },
        "20184": {
            "year_quarter": 20184,
            "year": 2018,
            "quarter": 4,
            "eps": 0.06,
            "eps_growth_year": null,
            "eps_4q": 0.72,
            "eps_4q_growth_year": null,
            "roe": 0.35,
            "roe_4q": 4.52,
            "gross_profit": 38916,
            "gross_margin": 27.45,
            "gross_margin_4q_avg": 31.35,
            "net_income": 4220,
            "net_income_4q": null,
            "revenue": 141757,
            "revenue_4q": null,
            "common_shares": 743666,
            "book_valuer_per_share": 16.44,
            "book_valuer_per_share_4q_avg": 16.54,
            "equity": 1183960,
            "current_ratio": 732.87,
            "debt_ratio": 10.5,
            "inventory_turnover_ratio": 0.62,
            "account_receivable_turnover_ratio": 0.67,
            "reinvestment_rate": null,
            "research_to_sale_ratio": 11.12,
            "price_fair": 8.31,
            "eps_avg_yearly": 2.77,
            "eps_latest_yearly": 0.24,
            "eps_growth_yearly": -33.78
        },
        "20191": {
            "year_quarter": 20191,
            "year": 2019,
            "quarter": 1,
            "eps": 0.34,
            "eps_growth_year": 61.9,
            "eps_4q": 0.86,
            "eps_4q_growth_year": null,
            "roe": 2.02,
            "roe_4q": 5.109999999999999,
            "gross_profit": 65229,
            "gross_margin": 33.86,
            "gross_margin_4q_avg": 31.56,
            "net_income": 24202,
            "net_income_4q": null,
            "revenue": 192652,
            "revenue_4q": null,
            "common_shares": 743666,
            "book_valuer_per_share": 16.77,
            "book_valuer_per_share_4q_avg": 16.66,
            "equity": 1207789,
            "current_ratio": 622.79,
            "debt_ratio": 12.54,
            "inventory_turnover_ratio": 0.73,
            "account_receivable_turnover_ratio": 0.88,
            "reinvestment_rate": null,
            "research_to_sale_ratio": 9.28,
            "price_fair": 88.6,
            "eps_avg_yearly": 2.53,
            "eps_latest_yearly": 1.36,
            "eps_growth_yearly": 260.28
        },
        "20192": {
            "year_quarter": 20192,
            "year": 2019,
            "quarter": 2,
            "eps": 0.29,
            "eps_growth_year": -14.71,
            "eps_4q": 0.8,
            "eps_4q_growth_year": null,
            "roe": 1.78,
            "roe_4q": 4.819999999999999,
            "gross_profit": 59891,
            "gross_margin": 31.02,
            "gross_margin_4q_avg": 31.46,
            "net_income": 20724,
            "net_income_4q": null,
            "revenue": 193046,
            "revenue_4q": null,
            "common_shares": 743666,
            "book_valuer_per_share": 15.58,
            "book_valuer_per_share_4q_avg": 16.39,
            "equity": 1122048,
            "current_ratio": 387.3,
            "debt_ratio": 20.26,
            "inventory_turnover_ratio": 0.72,
            "account_receivable_turnover_ratio": 0.75,
            "reinvestment_rate": null,
            "research_to_sale_ratio": 9.72,
            "price_fair": 70.6,
            "eps_avg_yearly": 2.02,
            "eps_latest_yearly": 1.16,
            "eps_growth_yearly": 219.55
        },
        "20193": {
            "year_quarter": 20193,
            "year": 2019,
            "quarter": 3,
            "eps": 0.18,
            "eps_growth_year": 63.64,
            "eps_4q": 0.86,
            "eps_4q_growth_year": null,
            "roe": 1.13,
            "roe_4q": 5.279999999999999,
            "gross_profit": 52029,
            "gross_margin": 30.33,
            "gross_margin_4q_avg": 30.67,
            "net_income": 12794,
            "net_income_4q": null,
            "revenue": 171546,
            "revenue_4q": null,
            "common_shares": 743666,
            "book_valuer_per_share": 15.76,
            "book_valuer_per_share_4q_avg": 16.14,
            "equity": 1135022,
            "current_ratio": 602.47,
            "debt_ratio": 12.66,
            "inventory_turnover_ratio": 0.64,
            "account_receivable_turnover_ratio": 0.65,
            "reinvestment_rate": null,
            "research_to_sale_ratio": 9.03,
            "price_fair": 40.8,
            "eps_avg_yearly": 1.17,
            "eps_latest_yearly": 0.72,
            "eps_growth_yearly": 174.83
        },
        "20194": {
            "year_quarter": 20194,
            "year": 2019,
            "quarter": 4,
            "eps": -0.02,
            "eps_growth_year": -139.72,
            "eps_4q": 0.78,
            "eps_4q_growth_year": 7.46,
            "roe": -0.15,
            "roe_4q": 4.779999999999999,
            "gross_profit": 47692,
            "gross_margin": 30.01,
            "gross_margin_4q_avg": 31.31,
            "net_income": -1676,
            "net_income_4q": null,
            "revenue": 158926,
            "revenue_4q": null,
            "common_shares": 743666,
            "book_valuer_per_share": 15.73,
            "book_valuer_per_share_4q_avg": 15.96,
            "equity": 1133242,
            "current_ratio": 587.54,
            "debt_ratio": 12.92,
            "inventory_turnover_ratio": 0.62,
            "account_receivable_turnover_ratio": 0.69,
            "reinvestment_rate": null,
            "research_to_sale_ratio": 7.1,
            "price_fair": 30.8,
            "eps_avg_yearly": 0.88,
            "eps_latest_yearly": 0.72,
            "eps_growth_yearly": 241.89
        },
        "20201": {
            "year_quarter": 20201,
            "year": 2020,
            "quarter": 1,
            "eps": 0.01,
            "eps_growth_year": -97.06,
            "eps_4q": 0.46,
            "eps_4q_growth_year": -46.87,
            "roe": 0.08,
            "roe_4q": 2.84,
            "gross_profit": 43047,
            "gross_margin": 27.93,
            "gross_margin_4q_avg": 29.82,
            "net_income": 846,
            "net_income_4q": null,
            "revenue": 154145,
            "revenue_4q": null,
            "common_shares": 743666,
            "book_valuer_per_share": 15.67,
            "book_valuer_per_share_4q_avg": 15.69,
            "equity": 1121052,
            "current_ratio": 535.75,
            "debt_ratio": 14.3,
            "inventory_turnover_ratio": 0.57,
            "account_receivable_turnover_ratio": 0.76,
            "reinvestment_rate": null,
            "research_to_sale_ratio": 9.89,
            "price_fair": 30.8,
            "eps_avg_yearly": 0.88,
            "eps_latest_yearly": 0.72,
            "eps_growth_yearly": 241.89
        },
        "20202": {
            "year_quarter": 20202,
            "year": 2020,
            "quarter": 2,
            "eps": 0.29,
            "eps_growth_year": 0,
            "eps_4q": 0.47,
            "eps_4q_growth_year": -41.7,
            "roe": 1.86,
            "roe_4q": 2.92,
            "gross_profit": 60007,
            "gross_margin": 29.14,
            "gross_margin_4q_avg": 29.35,
            "net_income": 20742,
            "net_income_4q": null,
            "revenue": 205943,
            "revenue_4q": null,
            "common_shares": 740296,
            "book_valuer_per_share": 15.77,
            "book_valuer_per_share_4q_avg": 15.73,
            "equity": 1109117,
            "current_ratio": 487.47,
            "debt_ratio": 15.6,
            "inventory_turnover_ratio": 0.64,
            "account_receivable_turnover_ratio": 1,
            "reinvestment_rate": null,
            "research_to_sale_ratio": 6.71,
            "price_fair": 32.2,
            "eps_avg_yearly": 0.92,
            "eps_latest_yearly": 1.16,
            "eps_growth_yearly": 1807.33
        },
        "20203": {
            "year_quarter": 20203,
            "year": 2020,
            "quarter": 3,
            "eps": 0.02,
            "eps_growth_year": -88.89,
            "eps_4q": 0.36,
            "eps_4q_growth_year": -57.93,
            "roe": 0.12,
            "roe_4q": 1.9100000000000001,
            "gross_profit": 73143,
            "gross_margin": 31.96,
            "gross_margin_4q_avg": 29.76,
            "net_income": 1310,
            "net_income_4q": null,
            "revenue": 228871,
            "revenue_4q": null,
            "common_shares": 617591,
            "book_valuer_per_share": 16.96,
            "book_valuer_per_share_4q_avg": 16.03,
            "equity": 995147,
            "current_ratio": 342.53,
            "debt_ratio": 21.85,
            "inventory_turnover_ratio": 0.61,
            "account_receivable_turnover_ratio": 0.97,
            "reinvestment_rate": null,
            "research_to_sale_ratio": 6.75,
            "price_fair": 28.53,
            "eps_avg_yearly": 0.82,
            "eps_latest_yearly": 0.08,
            "eps_growth_yearly": 1534.86
        },
        "20204": {
            "year_quarter": 20204,
            "year": 2020,
            "quarter": 4,
            "eps": -0.09,
            "eps_growth_year": null,
            "eps_4q": 0.3,
            "eps_4q_growth_year": -61.84,
            "roe": -0.55,
            "roe_4q": 1.5100000000000002,
            "gross_profit": 37465,
            "gross_margin": 25.32,
            "gross_margin_4q_avg": 28.59,
            "net_income": -5480,
            "net_income_4q": null,
            "revenue": 147966,
            "revenue_4q": null,
            "common_shares": 617591,
            "book_valuer_per_share": 16.86,
            "book_valuer_per_share_4q_avg": 16.32,
            "equity": 988890,
            "current_ratio": 645,
            "debt_ratio": 11.17,
            "inventory_turnover_ratio": 0.43,
            "account_receivable_turnover_ratio": 0.66,
            "reinvestment_rate": null,
            "research_to_sale_ratio": 11.53,
            "price_fair": 28.53,
            "eps_avg_yearly": 0.82,
            "eps_latest_yearly": 0.08,
            "eps_growth_yearly": 1534.86
        },
        "20211": {
            "year_quarter": 20211,
            "year": 2021,
            "quarter": 1,
            "eps": 0,
            "eps_growth_year": -100,
            "eps_4q": 0.28,
            "eps_4q_growth_year": -37.71,
            "roe": 0.01,
            "roe_4q": 1.44,
            "gross_profit": 38324,
            "gross_margin": 25.42,
            "gross_margin_4q_avg": 27.96,
            "net_income": 123,
            "net_income_4q": null,
            "revenue": 150738,
            "revenue_4q": null,
            "common_shares": 617591,
            "book_valuer_per_share": 16.84,
            "book_valuer_per_share_4q_avg": 16.61,
            "equity": 987786,
            "current_ratio": 553.3,
            "debt_ratio": 13.12,
            "inventory_turnover_ratio": 0.45,
            "account_receivable_turnover_ratio": 0.8,
            "reinvestment_rate": null,
            "research_to_sale_ratio": 10.12,
            "price_fair": 28.53,
            "eps_avg_yearly": 0.82,
            "eps_latest_yearly": 0.08,
            "eps_growth_yearly": 1534.86
        },
        "20212": {
            "year_quarter": 20212,
            "year": 2021,
            "quarter": 2,
            "eps": 0.11,
            "eps_growth_year": -62.07,
            "eps_4q": 0.04,
            "eps_4q_growth_year": -91.41,
            "roe": 0.65,
            "roe_4q": 0.22999999999999998,
            "gross_profit": 45615,
            "gross_margin": 27.17,
            "gross_margin_4q_avg": 27.47,
            "net_income": 6390,
            "net_income_4q": null,
            "revenue": 167868,
            "revenue_4q": null,
            "common_shares": 617591,
            "book_valuer_per_share": 16.89,
            "book_valuer_per_share_4q_avg": 16.89,
            "equity": 990669,
            "current_ratio": 476.62,
            "debt_ratio": 15.39,
            "inventory_turnover_ratio": 0.45,
            "account_receivable_turnover_ratio": 0.88,
            "reinvestment_rate": null,
            "research_to_sale_ratio": 10.77,
            "price_fair": 28.53,
            "eps_avg_yearly": 0.82,
            "eps_latest_yearly": 0.08,
            "eps_growth_yearly": 1534.86
        },
        "20213": {
            "year_quarter": 20213,
            "year": 2021,
            "quarter": 3,
            "eps": 0.27,
            "eps_growth_year": 1250,
            "eps_4q": 0.29,
            "eps_4q_growth_year": -20.85,
            "roe": 1.59,
            "roe_4q": 1.7,
            "gross_profit": 54181,
            "gross_margin": 27,
            "gross_margin_4q_avg": 26.23,
            "net_income": 15764,
            "net_income_4q": null,
            "revenue": 200633,
            "revenue_4q": null,
            "common_shares": 617591,
            "book_valuer_per_share": 16.9,
            "book_valuer_per_share_4q_avg": 16.87,
            "equity": 991243,
            "current_ratio": 448.07,
            "debt_ratio": 16.52,
            "inventory_turnover_ratio": 0.48,
            "account_receivable_turnover_ratio": 1,
            "reinvestment_rate": 7.63,
            "research_to_sale_ratio": 9.47,
            "price_fair": 29.56,
            "eps_avg_yearly": 0.84,
            "eps_latest_yearly": 1.08,
            "eps_growth_yearly": 1428.97
        },
        "20214": {
            "year_quarter": 20214,
            "year": 2021,
            "quarter": 4,
            "eps": -0.01,
            "eps_growth_year": null,
            "eps_4q": 0.37,
            "eps_4q_growth_year": 25.47,
            "roe": -0.04,
            "roe_4q": 2.21,
            "gross_profit": 43476,
            "gross_margin": 22.53,
            "gross_margin_4q_avg": 25.53,
            "net_income": -422,
            "net_income_4q": null,
            "revenue": 192993,
            "revenue_4q": null,
            "common_shares": 617591,
            "book_valuer_per_share": 16.81,
            "book_valuer_per_share_4q_avg": 16.86,
            "equity": 986422,
            "current_ratio": 454.86,
            "debt_ratio": 16.52,
            "inventory_turnover_ratio": 0.44,
            "account_receivable_turnover_ratio": 0.97,
            "reinvestment_rate": -11.26,
            "research_to_sale_ratio": 8.9,
            "price_fair": 29.56,
            "eps_avg_yearly": 0.84,
            "eps_latest_yearly": 1.08,
            "eps_growth_yearly": 1428.97
        },
        "20221": {
            "year_quarter": 20221,
            "year": 2022,
            "quarter": 1,
            "eps": 0.03,
            "eps_growth_year": null,
            "eps_4q": 0.4,
            "eps_4q_growth_year": 41.3,
            "roe": 0.19,
            "roe_4q": 2.39,
            "gross_profit": 39884,
            "gross_margin": 20.67,
            "gross_margin_4q_avg": 24.34,
            "net_income": 1858,
            "net_income_4q": null,
            "revenue": 192914,
            "revenue_4q": null,
            "common_shares": 617591,
            "book_valuer_per_share": 16.87,
            "book_valuer_per_share_4q_avg": 16.87,
            "equity": 989524,
            "current_ratio": 483.26,
            "debt_ratio": 15.5,
            "inventory_turnover_ratio": 0.42,
            "account_receivable_turnover_ratio": 0.88,
            "reinvestment_rate": -12.53,
            "research_to_sale_ratio": 8.85,
            "price_fair": 29.56,
            "eps_avg_yearly": 0.84,
            "eps_latest_yearly": 1.08,
            "eps_growth_yearly": 1428.97
        },
        "20222": {
            "year_quarter": 20222,
            "year": 2022,
            "quarter": 2,
            "eps": 0.06,
            "eps_growth_year": -45.45,
            "eps_4q": 0.35,
            "eps_4q_growth_year": 782.85,
            "roe": 0.36,
            "roe_4q": 2.1,
            "gross_profit": 56861,
            "gross_margin": 25.3,
            "gross_margin_4q_avg": 23.88,
            "net_income": 3485,
            "net_income_4q": null,
            "revenue": 224766,
            "revenue_4q": null,
            "common_shares": 617591,
            "book_valuer_per_share": 16.57,
            "book_valuer_per_share_4q_avg": 16.79,
            "equity": 971925,
            "current_ratio": 434.71,
            "debt_ratio": 17.41,
            "inventory_turnover_ratio": 0.46,
            "account_receivable_turnover_ratio": 0.91,
            "reinvestment_rate": -29.37,
            "research_to_sale_ratio": 8.52,
            "price_fair": 25.2,
            "eps_avg_yearly": 0.72,
            "eps_latest_yearly": 0.24,
            "eps_growth_yearly": 1445.9
        },
        "20223": {
            "year_quarter": 20223,
            "year": 2022,
            "quarter": 3,
            "eps": 0.39,
            "eps_growth_year": 44.44,
            "eps_4q": 0.47,
            "eps_4q_growth_year": 64,
            "roe": 2.3,
            "roe_4q": 2.8099999999999996,
            "gross_profit": 68884,
            "gross_margin": 29.16,
            "gross_margin_4q_avg": 24.42,
            "net_income": 22626,
            "net_income_4q": null,
            "revenue": 236203,
            "revenue_4q": null,
            "common_shares": 617591,
            "book_valuer_per_share": 16.98,
            "book_valuer_per_share_4q_avg": 16.81,
            "equity": 995972,
            "current_ratio": 495.33,
            "debt_ratio": 15.41,
            "inventory_turnover_ratio": 0.47,
            "account_receivable_turnover_ratio": 0.93,
            "reinvestment_rate": -23.15,
            "research_to_sale_ratio": 9.42,
            "price_fair": 29.56,
            "eps_avg_yearly": 0.84,
            "eps_latest_yearly": 1.56,
            "eps_growth_yearly": 1720.41
        },
        "20224": {
            "year_quarter": 20224,
            "year": 2022,
            "quarter": 4,
            "eps": 0.37,
            "eps_growth_year": null,
            "eps_4q": 0.85,
            "eps_4q_growth_year": 127.23,
            "roe": 2.16,
            "roe_4q": 5.010000000000001,
            "gross_profit": 100502,
            "gross_margin": 34.03,
            "gross_margin_4q_avg": 27.29,
            "net_income": 21692,
            "net_income_4q": null,
            "revenue": 295321,
            "revenue_4q": null,
            "common_shares": 617591,
            "book_valuer_per_share": 17.32,
            "book_valuer_per_share_4q_avg": 16.94,
            "equity": 1016182,
            "current_ratio": 416.21,
            "debt_ratio": 18.82,
            "inventory_turnover_ratio": 0.58,
            "account_receivable_turnover_ratio": 1.09,
            "reinvestment_rate": -29.69,
            "research_to_sale_ratio": 8.18,
            "price_fair": 34.38,
            "eps_avg_yearly": 0.98,
            "eps_latest_yearly": 1.48,
            "eps_growth_yearly": 1738.33
        },
        "20231": {
            "year_quarter": 20231,
            "year": 2023,
            "quarter": 1,
            "eps": 0.37,
            "eps_growth_year": 1133.33,
            "eps_4q": 1.18,
            "eps_4q_growth_year": 193.43,
            "roe": 2.15,
            "roe_4q": 6.970000000000001,
            "gross_profit": 74841,
            "gross_margin": 30.08,
            "gross_margin_4q_avg": 29.64,
            "net_income": 21418,
            "net_income_4q": null,
            "revenue": 248795,
            "revenue_4q": null,
            "common_shares": 617591,
            "book_valuer_per_share": 16.69,
            "book_valuer_per_share_4q_avg": 16.89,
            "equity": 979051,
            "current_ratio": 372.93,
            "debt_ratio": 20.89,
            "inventory_turnover_ratio": 0.59,
            "account_receivable_turnover_ratio": 0.86,
            "reinvestment_rate": -29.43,
            "research_to_sale_ratio": 7.35,
            "price_fair": 34.84,
            "eps_avg_yearly": 1,
            "eps_latest_yearly": 1.48,
            "eps_growth_yearly": 1530.93
        },
        "20232": {
            "year_quarter": 20232,
            "year": 2023,
            "quarter": 2,
            "eps": 0.2,
            "eps_growth_year": 233.33,
            "eps_4q": 1.32,
            "eps_4q_growth_year": 274.57,
            "roe": 1.19,
            "roe_4q": 7.8,
            "gross_profit": 67108,
            "gross_margin": 28.81,
            "gross_margin_4q_avg": 30.52,
            "net_income": 11743,
            "net_income_4q": null,
            "revenue": 232938,
            "revenue_4q": null,
            "common_shares": 617591,
            "book_valuer_per_share": 16.92,
            "book_valuer_per_share_4q_avg": 16.98,
            "equity": 992569,
            "current_ratio": 358.88,
            "debt_ratio": 21.78,
            "inventory_turnover_ratio": 0.65,
            "account_receivable_turnover_ratio": 0.9,
            "reinvestment_rate": -28.95,
            "research_to_sale_ratio": 7.59,
            "price_fair": 33.44,
            "eps_avg_yearly": 0.96,
            "eps_latest_yearly": 0.8,
            "eps_growth_yearly": 1517.04
        },
        "20233": {
            "year_quarter": 20233,
            "year": 2023,
            "quarter": 3,
            "eps": 0.33,
            "eps_growth_year": -15.38,
            "eps_4q": 1.27,
            "eps_4q_growth_year": 169.63,
            "roe": 1.94,
            "roe_4q": 7.4399999999999995,
            "gross_profit": 61493,
            "gross_margin": 29.67,
            "gross_margin_4q_avg": 30.65,
            "net_income": 19421,
            "net_income_4q": null,
            "revenue": 207249,
            "revenue_4q": null,
            "common_shares": 617591,
            "book_valuer_per_share": 17.26,
            "book_valuer_per_share_4q_avg": 17.05,
            "equity": 1012374,
            "current_ratio": 454.95,
            "debt_ratio": 17.26,
            "inventory_turnover_ratio": 0.63,
            "account_receivable_turnover_ratio": 0.9,
            "reinvestment_rate": -30.97,
            "research_to_sale_ratio": 8.1,
            "price_fair": 35.78,
            "eps_avg_yearly": 1.02,
            "eps_latest_yearly": 1.32,
            "eps_growth_yearly": 1562.79
        },
        "20234": {
            "year_quarter": 20234,
            "year": 2023,
            "quarter": 4,
            "eps": 0.36,
            "eps_growth_year": -3.03,
            "eps_4q": 1.25,
            "eps_4q_growth_year": 48.24,
            "roe": 2.06,
            "roe_4q": 7.34,
            "gross_profit": 47331,
            "gross_margin": 23.1,
            "gross_margin_4q_avg": 27.92,
            "net_income": 21035,
            "net_income_4q": null,
            "revenue": 204862,
            "revenue_4q": null,
            "common_shares": 600906,
            "book_valuer_per_share": 17.6,
            "book_valuer_per_share_4q_avg": 17.12,
            "equity": 1032802,
            "current_ratio": 470.42,
            "debt_ratio": 16.96,
            "inventory_turnover_ratio": 0.75,
            "account_receivable_turnover_ratio": 0.92,
            "reinvestment_rate": -25.35,
            "research_to_sale_ratio": 8,
            "price_fair": 37.24,
            "eps_avg_yearly": 1.06,
            "eps_latest_yearly": 1.44,
            "eps_growth_yearly": 1410.15
        }
    },
    "months": {
        "2010-10": {
            "month": "2010-10",
            "price": "24.80",
            "revenue": 68184
        },
        "2010-11": {
            "month": "2010-11",
            "price": "22.71",
            "revenue": 71424
        },
        "2010-12": {
            "month": "2010-12",
            "price": "25.58",
            "revenue": 75466
        },
        "2011-01": {
            "month": "2011-01",
            "price": "26.50",
            "revenue": 57160
        },
        "2011-02": {
            "month": "2011-02",
            "price": "25.50",
            "revenue": 33480
        },
        "2011-03": {
            "month": "2011-03",
            "price": "25.46",
            "revenue": 53179
        },
        "2011-04": {
            "month": "2011-04",
            "price": "23.92",
            "revenue": 55678
        },
        "2011-05": {
            "month": "2011-05",
            "price": "20.48",
            "revenue": 57566
        },
        "2011-06": {
            "month": "2011-06",
            "price": "19.29",
            "revenue": 51503
        },
        "2011-07": {
            "month": "2011-07",
            "price": "19.21",
            "revenue": 56183
        },
        "2011-08": {
            "month": "2011-08",
            "price": "17.72",
            "revenue": 58311
        },
        "2011-09": {
            "month": "2011-09",
            "price": "17.25",
            "revenue": 91948
        },
        "2011-10": {
            "month": "2011-10",
            "price": "16.33",
            "revenue": 58943
        },
        "2011-11": {
            "month": "2011-11",
            "price": "15.57",
            "revenue": 60593
        },
        "2011-12": {
            "month": "2011-12",
            "price": "15.77",
            "revenue": 63529
        },
        "2012-01": {
            "month": "2012-01",
            "price": "15.04",
            "revenue": 39149
        },
        "2012-02": {
            "month": "2012-02",
            "price": "16.48",
            "revenue": 48539
        },
        "2012-03": {
            "month": "2012-03",
            "price": "21.22",
            "revenue": 65212
        },
        "2012-04": {
            "month": "2012-04",
            "price": "21.07",
            "revenue": 47144
        },
        "2012-06": {
            "month": "2012-06",
            "price": "21.25",
            "revenue": 48255
        },
        "2012-07": {
            "month": "2012-07",
            "price": "20.97",
            "revenue": 60643
        },
        "2012-08": {
            "month": "2012-08",
            "price": "20.13",
            "revenue": 59396
        },
        "2012-09": {
            "month": "2012-09",
            "price": "19.52",
            "revenue": 58778
        },
        "2012-10": {
            "month": "2012-10",
            "price": "18.99",
            "revenue": 54385
        },
        "2012-11": {
            "month": "2012-11",
            "price": "25.26",
            "revenue": 55183
        },
        "2012-12": {
            "month": "2012-12",
            "price": "21.03",
            "revenue": 70807
        },
        "2013-01": {
            "month": "2013-01",
            "price": "21.88",
            "revenue": 56706
        },
        "2013-02": {
            "month": "2013-02",
            "price": "24.20",
            "revenue": 70900
        },
        "2013-03": {
            "month": "2013-03",
            "price": "28.44",
            "revenue": 71192
        },
        "2013-04": {
            "month": "2013-04",
            "price": "32.76",
            "revenue": 77405
        },
        "2013-05": {
            "month": "2013-05",
            "price": "47.28",
            "revenue": 78609
        },
        "2013-06": {
            "month": "2013-06",
            "price": "61.96",
            "revenue": 68253
        },
        "2013-07": {
            "month": "2013-07",
            "price": "60.53",
            "revenue": 74403
        },
        "2013-08": {
            "month": "2013-08",
            "price": "71.45",
            "revenue": 59311
        },
        "2013-09": {
            "month": "2013-09",
            "price": "65.45",
            "revenue": 70805
        },
        "2013-10": {
            "month": "2013-10",
            "price": "61.08",
            "revenue": 54757
        },
        "2013-11": {
            "month": "2013-11",
            "price": "54.04",
            "revenue": 45707
        },
        "2013-12": {
            "month": "2013-12",
            "price": "52.27",
            "revenue": 49098
        },
        "2014-01": {
            "month": "2014-01",
            "price": "50.65",
            "revenue": 64995
        },
        "2014-02": {
            "month": "2014-02",
            "price": "60.86",
            "revenue": 45712
        },
        "2014-03": {
            "month": "2014-03",
            "price": "61.70",
            "revenue": 84866
        },
        "2014-04": {
            "month": "2014-04",
            "price": "74.08",
            "revenue": 61783
        },
        "2014-05": {
            "month": "2014-05",
            "price": "79.95",
            "revenue": 60352
        },
        "2014-06": {
            "month": "2014-06",
            "price": "79.72",
            "revenue": 105667
        },
        "2014-07": {
            "month": "2014-07",
            "price": "109.06",
            "revenue": 92397
        },
        "2014-08": {
            "month": "2014-08",
            "price": "96.94",
            "revenue": 74560
        },
        "2014-09": {
            "month": "2014-09",
            "price": "104.09",
            "revenue": 88742
        },
        "2014-10": {
            "month": "2014-10",
            "price": "84.79",
            "revenue": 75858
        },
        "2014-11": {
            "month": "2014-11",
            "price": "81.85",
            "revenue": 86769
        },
        "2014-12": {
            "month": "2014-12",
            "price": "93.03",
            "revenue": 93878
        },
        "2015-01": {
            "month": "2015-01",
            "price": "100.32",
            "revenue": 91800
        },
        "2015-02": {
            "month": "2015-02",
            "price": "96.92",
            "revenue": 98263
        },
        "2015-03": {
            "month": "2015-03",
            "price": "117.14",
            "revenue": 107426
        },
        "2015-04": {
            "month": "2015-04",
            "price": "138.15",
            "revenue": 112947
        },
        "2015-05": {
            "month": "2015-05",
            "price": "117.82",
            "revenue": 117964
        },
        "2015-06": {
            "month": "2015-06",
            "price": "93.91",
            "revenue": 124545
        },
        "2015-07": {
            "month": "2015-07",
            "price": "90.62",
            "revenue": 136673
        },
        "2015-08": {
            "month": "2015-08",
            "price": "74.46",
            "revenue": 115678
        },
        "2015-09": {
            "month": "2015-09",
            "price": "73.72",
            "revenue": 101849
        },
        "2015-10": {
            "month": "2015-10",
            "price": "83.74",
            "revenue": 91926
        },
        "2015-11": {
            "month": "2015-11",
            "price": "82.01",
            "revenue": 100558
        },
        "2015-12": {
            "month": "2015-12",
            "price": "76.65",
            "revenue": 140323
        },
        "2016-01": {
            "month": "2016-01",
            "price": "70.77",
            "revenue": 79441
        },
        "2016-02": {
            "month": "2016-02",
            "price": "69.79",
            "revenue": 72811
        },
        "2016-03": {
            "month": "2016-03",
            "price": "72.32",
            "revenue": 94576
        },
        "2016-04": {
            "month": "2016-04",
            "price": "72.14",
            "revenue": 92045
        },
        "2016-05": {
            "month": "2016-05",
            "price": "61.72",
            "revenue": 101991
        },
        "2016-06": {
            "month": "2016-06",
            "price": "59.73",
            "revenue": 74642
        },
        "2016-07": {
            "month": "2016-07",
            "price": "59.94",
            "revenue": 108113
        },
        "2016-08": {
            "month": "2016-08",
            "price": "52.83",
            "revenue": 77558
        },
        "2016-09": {
            "month": "2016-09",
            "price": "43.71",
            "revenue": 65136
        },
        "2016-10": {
            "month": "2016-10",
            "price": "40.26",
            "revenue": 69791
        },
        "2016-11": {
            "month": "2016-11",
            "price": "36.45",
            "revenue": 80232
        },
        "2016-12": {
            "month": "2016-12",
            "price": "36.30",
            "revenue": 87884
        },
        "2017-01": {
            "month": "2017-01",
            "price": "35.85",
            "revenue": 56256
        },
        "2017-02": {
            "month": "2017-02",
            "price": "37.49",
            "revenue": 75651
        },
        "2017-03": {
            "month": "2017-03",
            "price": "40.76",
            "revenue": 76920
        },
        "2017-04": {
            "month": "2017-04",
            "price": "33.19",
            "revenue": 81803
        },
        "2017-05": {
            "month": "2017-05",
            "price": "30.98",
            "revenue": 102139
        },
        "2017-06": {
            "month": "2017-06",
            "price": "33.09",
            "revenue": 92934
        },
        "2017-07": {
            "month": "2017-07",
            "price": "32.30",
            "revenue": 49686
        },
        "2017-08": {
            "month": "2017-08",
            "price": "29.99",
            "revenue": 64225
        },
        "2017-09": {
            "month": "2017-09",
            "price": "29.37",
            "revenue": 66711
        },
        "2017-10": {
            "month": "2017-10",
            "price": "28.16",
            "revenue": 69139
        },
        "2017-11": {
            "month": "2017-11",
            "price": "29.98",
            "revenue": 65629
        },
        "2017-12": {
            "month": "2017-12",
            "price": "31.50",
            "revenue": 70661
        },
        "2018-01": {
            "month": "2018-01",
            "price": "35.62",
            "revenue": 57153
        },
        "2018-02": {
            "month": "2018-02",
            "price": "34.64",
            "revenue": 61202
        },
        "2018-03": {
            "month": "2018-03",
            "price": "40.23",
            "revenue": 52401
        },
        "2018-04": {
            "month": "2018-04",
            "price": "38.70",
            "revenue": 51863
        },
        "2018-05": {
            "month": "2018-05",
            "price": "36.85",
            "revenue": 70695
        },
        "2018-06": {
            "month": "2018-06",
            "price": "35.70",
            "revenue": 55574
        },
        "2018-07": {
            "month": "2018-07",
            "price": "34.00",
            "revenue": 55596
        },
        "2018-08": {
            "month": "2018-08",
            "price": "33.71",
            "revenue": 47470
        },
        "2018-09": {
            "month": "2018-09",
            "price": "33.02",
            "revenue": 56423
        },
        "2018-10": {
            "month": "2018-10",
            "price": "27.96",
            "revenue": 46443
        },
        "2018-11": {
            "month": "2018-11",
            "price": "29.08",
            "revenue": 47737
        },
        "2018-12": {
            "month": "2018-12",
            "price": "31.31",
            "revenue": 47577
        },
        "2019-01": {
            "month": "2019-01",
            "price": "31.15",
            "revenue": 69716
        },
        "2019-02": {
            "month": "2019-02",
            "price": "32.10",
            "revenue": 59151
        },
        "2019-03": {
            "month": "2019-03",
            "price": "35.12",
            "revenue": 63784
        },
        "2019-04": {
            "month": "2019-04",
            "price": "37.98",
            "revenue": 70258
        },
        "2019-05": {
            "month": "2019-05",
            "price": "35.31",
            "revenue": 57847
        },
        "2019-06": {
            "month": "2019-06",
            "price": "35.79",
            "revenue": 64942
        },
        "2019-07": {
            "month": "2019-07",
            "price": "34.83",
            "revenue": 58291
        },
        "2019-08": {
            "month": "2019-08",
            "price": "31.54",
            "revenue": 60180
        },
        "2019-09": {
            "month": "2019-09",
            "price": "31.78",
            "revenue": 53075
        },
        "2019-10": {
            "month": "2019-10",
            "price": "31.98",
            "revenue": 47333
        },
        "2019-11": {
            "month": "2019-11",
            "price": "31.20",
            "revenue": 48041
        },
        "2019-12": {
            "month": "2019-12",
            "price": "30.09",
            "revenue": 63552
        },
        "2020-01": {
            "month": "2020-01",
            "price": "29.42",
            "revenue": 45832
        },
        "2020-02": {
            "month": "2020-02",
            "price": "28.27",
            "revenue": 51133
        },
        "2020-03": {
            "month": "2020-03",
            "price": "22.66",
            "revenue": 57180
        },
        "2020-04": {
            "month": "2020-04",
            "price": "26.90",
            "revenue": 70119
        },
        "2020-05": {
            "month": "2020-05",
            "price": "27.04",
            "revenue": 70209
        },
        "2020-06": {
            "month": "2020-06",
            "price": "29.94",
            "revenue": 65615
        },
        "2020-07": {
            "month": "2020-07",
            "price": "28.95",
            "revenue": 71231
        },
        "2020-08": {
            "month": "2020-08",
            "price": "22.78",
            "revenue": 82352
        },
        "2020-09": {
            "month": "2020-09",
            "price": "25.53",
            "revenue": 75288
        },
        "2020-10": {
            "month": "2020-10",
            "price": "29.34",
            "revenue": 38286
        },
        "2020-11": {
            "month": "2020-11",
            "price": "28.52",
            "revenue": 48122
        },
        "2020-12": {
            "month": "2020-12",
            "price": "24.94",
            "revenue": 61558
        },
        "2021-01": {
            "month": "2021-01",
            "price": "24.30",
            "revenue": 40039
        },
        "2021-02": {
            "month": "2021-02",
            "price": "23.35",
            "revenue": 65696
        },
        "2021-03": {
            "month": "2021-03",
            "price": "24.22",
            "revenue": 45449
        },
        "2021-04": {
            "month": "2021-04",
            "price": "23.46",
            "revenue": 51237
        },
        "2021-05": {
            "month": "2021-05",
            "price": "24.72",
            "revenue": 64327
        },
        "2021-06": {
            "month": "2021-06",
            "price": "23.78",
            "revenue": 52738
        },
        "2021-07": {
            "month": "2021-07",
            "price": "23.16",
            "revenue": 67250
        },
        "2021-08": {
            "month": "2021-08",
            "price": "22.45",
            "revenue": 68757
        },
        "2021-09": {
            "month": "2021-09",
            "price": "24.66",
            "revenue": 64626
        },
        "2021-10": {
            "month": "2021-10",
            "price": "26.28",
            "revenue": 68032
        },
        "2021-11": {
            "month": "2021-11",
            "price": "25.82",
            "revenue": 50283
        },
        "2021-12": {
            "month": "2021-12",
            "price": "27.04",
            "revenue": 74678
        },
        "2022-01": {
            "month": "2022-01",
            "price": "26.10",
            "revenue": 69528
        },
        "2022-02": {
            "month": "2022-02",
            "price": "25.40",
            "revenue": 50960
        },
        "2022-03": {
            "month": "2022-03",
            "price": "24.79",
            "revenue": 72426
        },
        "2022-04": {
            "month": "2022-04",
            "price": "25.62",
            "revenue": 61985
        },
        "2022-05": {
            "month": "2022-05",
            "price": "26.76",
            "revenue": 71539
        },
        "2022-06": {
            "month": "2022-06",
            "price": "27.49",
            "revenue": 91242
        },
        "2022-07": {
            "month": "2022-07",
            "price": "27.34",
            "revenue": 72609
        },
        "2022-08": {
            "month": "2022-08",
            "price": "26.99",
            "revenue": 95393
        },
        "2022-09": {
            "month": "2022-09",
            "price": "28.50",
            "revenue": 68201
        },
        "2022-10": {
            "month": "2022-10",
            "price": "26.92",
            "revenue": 96209
        },
        "2022-11": {
            "month": "2022-11",
            "price": "26.68",
            "revenue": 109270
        },
        "2022-12": {
            "month": "2022-12",
            "price": "34.31",
            "revenue": 89842
        },
        "2023-01": {
            "month": "2023-01",
            "price": "37.62",
            "revenue": 74203
        },
        "2023-02": {
            "month": "2023-02",
            "price": "39.94",
            "revenue": 92880
        },
        "2023-03": {
            "month": "2023-03",
            "price": "41.90",
            "revenue": 81712
        },
        "2023-04": {
            "month": "2023-04",
            "price": "51.86",
            "revenue": 65277
        },
        "2023-05": {
            "month": "2023-05",
            "price": "44.40",
            "revenue": 76362
        },
        "2023-06": {
            "month": "2023-06",
            "price": "40.99",
            "revenue": 91299
        },
        "2023-07": {
            "month": "2023-07",
            "price": "42.46",
            "revenue": 68086
        },
        "2023-08": {
            "month": "2023-08",
            "price": "37.15",
            "revenue": 66980
        },
        "2023-09": {
            "month": "2023-09",
            "price": "32.87",
            "revenue": 72183
        },
        "2023-10": {
            "month": "2023-10",
            "price": "32.63",
            "revenue": 64158
        },
        "2023-11": {
            "month": "2023-11",
            "price": "35.15",
            "revenue": 68773
        },
        "2023-12": {
            "month": "2023-12",
            "price": "37.25",
            "revenue": 71931
        },
        "2024-01": {
            "month": "2024-01",
            "price": "35.75",
            "revenue": 71372
        },
        "2024-02": {
            "month": "2024-02",
            "price": "36.83",
            "revenue": 75355
        }
    }
}
