{
    "summary": {
        "stock_name": "樂威科-KY",
        "stock_id": "4154",
        "category": "生技醫療",
        "main_business": "精品金屬配件生產銷售",
        "website_url": "https://www.raku-tec.com.tw/",
        "ceo": "張乃文",
        "pe_ratio": -24,
        "report_year_from": 2009,
        "report_year_to": 2023,
        "age": 14,
        "eps_negative_percentage": 62,
        "eps_growth_avg": {
            "last_all": -29.59,
            "last_2y": null,
            "last_4y": null,
            "last_8y": -34.48,
            "last_12y": null,
            "last_16y": null,
            "last_20y": null,
            "at_2006_last_3y": null,
            "at_2007_last_3y": null,
            "at_2008_last_3y": null,
            "at_2009_last_3y": null,
            "at_2010_last_3y": null,
            "at_2011_last_3y": null,
            "at_2012_last_3y": null,
            "at_2013_last_3y": null,
            "at_2014_last_3y": null,
            "at_2015_last_3y": -11.99,
            "at_2016_last_3y": -28.59,
            "at_2017_last_3y": -34.48,
            "at_2018_last_3y": -100,
            "at_2019_last_3y": -100,
            "at_2020_last_3y": -100,
            "at_2021_last_3y": null,
            "at_2022_last_3y": null,
            "at_2023_last_3y": null,
            "at_2006_last_all": null,
            "at_2007_last_all": null,
            "at_2008_last_all": null,
            "at_2009_last_all": null,
            "at_2010_last_all": null,
            "at_2011_last_all": null,
            "at_2012_last_all": null,
            "at_2013_last_all": -22.25,
            "at_2014_last_all": 17.35,
            "at_2015_last_all": -11.99,
            "at_2016_last_all": -11.99,
            "at_2017_last_all": -29.59,
            "at_2018_last_all": -29.59,
            "at_2019_last_all": -29.59,
            "at_2020_last_all": -29.59,
            "at_2021_last_all": -29.59,
            "at_2022_last_all": -29.59,
            "at_2023_last_all": -29.59
        },
        "latest_eps": -1.15,
        "latest_price": 27.2,
        "latest_roe": -12.33,
        "latest_gross_margin": 9.49,
        "latest_equity": 358475,
        "latest_revenue": 110872,
        "latest_gross_profit": 10519,
        "latest_net_income": -10924,
        "latest_debt_ratio": 55.68,
        "latest_current_ratio": 101.85,
        "latest_account_receivable_turnover_ratio": 1.24,
        "latest_inventory_turnover_ratio": 0.7,
        "latest_reinvestment_rate": null,
        "latest_research_to_sale_ratio": null
    },
    "eps_dividends": {
        "2001": {
            "cash": 0,
            "stock": 0,
            "eps": 0
        },
        "2002": {
            "cash": 0,
            "stock": 0,
            "eps": 0
        },
        "2003": {
            "cash": 0,
            "stock": 0,
            "eps": 0
        },
        "2004": {
            "cash": 0,
            "stock": 0,
            "eps": 0
        },
        "2005": {
            "cash": 0,
            "stock": 0,
            "eps": 0
        },
        "2006": {
            "cash": 0,
            "stock": 0,
            "eps": 0
        },
        "2007": {
            "cash": 0,
            "stock": 0,
            "eps": 0
        },
        "2008": {
            "cash": 0,
            "stock": 0,
            "eps": 0
        },
        "2009": {
            "cash": 0,
            "stock": 0,
            "eps": 0
        },
        "2010": {
            "cash": 0,
            "stock": 0,
            "eps": 0
        },
        "2011": {
            "cash": 0,
            "stock": 10,
            "eps": 2.38
        },
        "2012": {
            "cash": 1.58,
            "stock": 0,
            "eps": 3.28
        },
        "2013": {
            "cash": 2.2,
            "stock": 0,
            "eps": 0.58
        },
        "2014": {
            "cash": 0.51,
            "stock": 0,
            "eps": 1.14
        },
        "2015": {
            "cash": 1,
            "stock": 0,
            "eps": -1.13
        },
        "2016": {
            "cash": 0,
            "stock": 0,
            "eps": 0.73
        },
        "2017": {
            "cash": 0,
            "stock": 0,
            "eps": -1.96
        },
        "2018": {
            "cash": 0,
            "stock": 0,
            "eps": -1.87
        },
        "2019": {
            "cash": 0,
            "stock": 0,
            "eps": -2.22
        },
        "2020": {
            "cash": 0,
            "stock": 0,
            "eps": -1.16
        },
        "2021": {
            "cash": 0,
            "stock": 0,
            "eps": -2.14
        },
        "2022": {
            "cash": 0,
            "stock": 0,
            "eps": -0.98
        },
        "2023": {
            "cash": 0,
            "stock": 0,
            "eps": -0.28
        }
    },
    "dividends": {
        "2011-05-24": {
            "cash": 0,
            "stock": 10
        },
        "2012-06-18": {
            "cash": 1.58,
            "stock": 0
        },
        "2013-06-19": {
            "cash": 2.2,
            "stock": 0
        },
        "2014-06-11": {
            "cash": 0.51,
            "stock": 0
        },
        "2015-08-04": {
            "cash": 1,
            "stock": 0
        }
    },
    "prices": {
        "200101": "無",
        "200102": "無",
        "200103": "無",
        "200104": "無",
        "200105": "無",
        "200106": "無",
        "200107": "無",
        "200108": "無",
        "200109": "無",
        "200110": "無",
        "200111": "無",
        "200112": "無",
        "200201": "無",
        "200202": "無",
        "200203": "無",
        "200204": "無",
        "200205": "無",
        "200206": "無",
        "200207": "無",
        "200208": "無",
        "200209": "無",
        "200210": "無",
        "200211": "無",
        "200212": "無",
        "200301": "無",
        "200302": "無",
        "200303": "無",
        "200304": "無",
        "200305": "無",
        "200306": "無",
        "200307": "無",
        "200308": "無",
        "200309": "無",
        "200310": "無",
        "200311": "無",
        "200312": "無",
        "200401": "無",
        "200402": "無",
        "200403": "無",
        "200404": "無",
        "200405": "無",
        "200406": "無",
        "200407": "無",
        "200408": "無",
        "200409": "無",
        "200410": "無",
        "200411": "無",
        "200412": "無",
        "200501": "無",
        "200502": "無",
        "200503": "無",
        "200504": "無",
        "200505": "無",
        "200506": "無",
        "200507": "無",
        "200508": "無",
        "200509": "無",
        "200510": "無",
        "200511": "無",
        "200512": "無",
        "200601": "無",
        "200602": "無",
        "200603": "無",
        "200604": "無",
        "200605": "無",
        "200606": "無",
        "200607": "無",
        "200608": "無",
        "200609": "無",
        "200610": "無",
        "200611": "無",
        "200612": "無",
        "200701": "無",
        "200702": "無",
        "200703": "無",
        "200704": "無",
        "200705": "無",
        "200706": "無",
        "200707": "無",
        "200708": "無",
        "200709": "無",
        "200710": "無",
        "200711": "無",
        "200712": "無",
        "200801": "無",
        "200802": "無",
        "200803": "無",
        "200804": "無",
        "200805": "無",
        "200806": "無",
        "200807": "無",
        "200808": "無",
        "200809": "無",
        "200810": "無",
        "200811": "無",
        "200812": "無",
        "200901": "無",
        "200902": "無",
        "200903": "無",
        "200904": "無",
        "200905": "無",
        "200906": "無",
        "200907": "無",
        "200908": "無",
        "200909": "無",
        "200910": "無",
        "200911": "無",
        "200912": "無",
        "201001": "無",
        "201002": "無",
        "201003": "無",
        "201004": "無",
        "201005": "無",
        "201006": "無",
        "201007": "無",
        "201008": "無",
        "201009": "無",
        "201010": "無",
        "201011": "無",
        "201012": "無",
        "201101": "無",
        "201102": "無",
        "201103": "無",
        "201104": "無",
        "201105": "無",
        "201106": "無",
        "201107": "79.98",
        "201108": "74.10",
        "201109": "73.79",
        "201110": "74.50",
        "201111": "65.70",
        "201112": "47.50",
        "201201": "44.17",
        "201202": "57.48",
        "201203": "52.60",
        "201204": "41.48",
        "201205": "37.93",
        "201206": "37.41",
        "201207": "38.31",
        "201208": "43.28",
        "201209": "41.11",
        "201210": "37.92",
        "201211": "31.51",
        "201212": "33.19",
        "201301": "35.11",
        "201302": "37.35",
        "201303": "36.30",
        "201304": "36.02",
        "201305": "34.18",
        "201306": "32.56",
        "201307": "30.70",
        "201308": "27.56",
        "201309": "27.91",
        "201310": "27.12",
        "201311": "24.55",
        "201312": "23.18",
        "201401": "25.99",
        "201402": "26.46",
        "201403": "28.81",
        "201404": "27.55",
        "201405": "26.89",
        "201406": "28.14",
        "201407": "28.98",
        "201408": "27.20",
        "201409": "25.82",
        "201410": "23.06",
        "201411": "22.26",
        "201412": "23.52",
        "201501": "24.38",
        "201502": "23.69",
        "201503": "23.75",
        "201504": "24.18",
        "201505": "23.49",
        "201506": "22.55",
        "201507": "21.76",
        "201508": "18.82",
        "201509": "18.00",
        "201510": "22.51",
        "201511": "22.35",
        "201512": "22.94",
        "201601": "20.67",
        "201602": "20.17",
        "201603": "21.56",
        "201604": "20.73",
        "201605": "25.27",
        "201606": "29.20",
        "201607": "25.04",
        "201608": "24.09",
        "201609": "21.36",
        "201610": "19.71",
        "201611": "19.65",
        "201612": "20.03",
        "201701": "20.06",
        "201702": "21.20",
        "201703": "20.91",
        "201704": "19.61",
        "201705": "21.70",
        "201706": "26.78",
        "201707": "28.34",
        "201708": "32.50",
        "201709": "30.02",
        "201710": "27.34",
        "201711": "23.79",
        "201712": "22.82",
        "201801": "22.72",
        "201802": "21.73",
        "201803": "23.77",
        "201804": "23.86",
        "201805": "23.61",
        "201806": "24.05",
        "201807": "22.94",
        "201808": "23.62",
        "201809": "23.10",
        "201810": "22.11",
        "201811": "20.65",
        "201812": "20.41",
        "201901": "21.13",
        "201902": "21.13",
        "201903": "22.62",
        "201904": "23.13",
        "201905": "22.49",
        "201906": "21.93",
        "201907": "27.22",
        "201908": "31.46",
        "201909": "31.77",
        "201910": "31.46",
        "201911": "29.61",
        "201912": "29.98",
        "202001": "29.52",
        "202002": "28.43",
        "202003": "26.43",
        "202004": "27.20",
        "202005": "34.48",
        "202006": "33.35",
        "202007": "33.73",
        "202008": "32.25",
        "202009": "32.05",
        "202010": "31.90",
        "202011": "30.04",
        "202012": "28.86",
        "202101": "27.82",
        "202102": "28.33",
        "202103": "28.24",
        "202104": "27.88",
        "202105": "26.92",
        "202106": "26.95",
        "202107": "24.94",
        "202108": "28.10",
        "202109": "48.84",
        "202110": "54.35",
        "202111": "57.38",
        "202112": "54.37",
        "202201": "44.61",
        "202202": "42.31",
        "202203": "41.54",
        "202204": "39.98",
        "202205": "40.50",
        "202206": "45.30",
        "202207": "44.49",
        "202208": "44.79",
        "202209": "44.90",
        "202210": "44.99",
        "202211": "43.92",
        "202212": "40.81",
        "202301": "39.59",
        "202302": "36.31",
        "202303": "35.57",
        "202304": "31.24",
        "202305": "30.22",
        "202306": "28.58"
    },
    "quarters": {
        "20011": {
            "year_quarter": 20011,
            "year": 2001,
            "quarter": 1,
            "eps": null,
            "eps_growth_year": null,
            "eps_4q": null,
            "eps_4q_growth_year": null,
            "roe": null,
            "roe_4q": 0,
            "gross_profit": null,
            "gross_margin": null,
            "gross_margin_4q_avg": 0,
            "net_income": null,
            "revenue": null,
            "common_shares": null,
            "book_valuer_per_share": null,
            "book_valuer_per_share_4q_avg": 0,
            "equity": null,
            "current_ratio": null,
            "debt_ratio": null,
            "inventory_turnover_ratio": null,
            "account_receivable_turnover_ratio": null,
            "reinvestment_rate": null,
            "research_to_sale_ratio": null,
            "price_fair": 0,
            "eps_avg_yearly": 0,
            "eps_latest_yearly": 0,
            "eps_growth_yearly": 0
        },
        "20012": {
            "year_quarter": 20012,
            "year": 2001,
            "quarter": 2,
            "eps": null,
            "eps_growth_year": null,
            "eps_4q": null,
            "eps_4q_growth_year": null,
            "roe": null,
            "roe_4q": 0,
            "gross_profit": null,
            "gross_margin": null,
            "gross_margin_4q_avg": 0,
            "net_income": null,
            "revenue": null,
            "common_shares": null,
            "book_valuer_per_share": null,
            "book_valuer_per_share_4q_avg": 0,
            "equity": null,
            "current_ratio": null,
            "debt_ratio": null,
            "inventory_turnover_ratio": null,
            "account_receivable_turnover_ratio": null,
            "reinvestment_rate": null,
            "research_to_sale_ratio": null,
            "price_fair": 0,
            "eps_avg_yearly": 0,
            "eps_latest_yearly": 0,
            "eps_growth_yearly": 0
        },
        "20013": {
            "year_quarter": 20013,
            "year": 2001,
            "quarter": 3,
            "eps": null,
            "eps_growth_year": null,
            "eps_4q": null,
            "eps_4q_growth_year": null,
            "roe": null,
            "roe_4q": 0,
            "gross_profit": null,
            "gross_margin": null,
            "gross_margin_4q_avg": 0,
            "net_income": null,
            "revenue": null,
            "common_shares": null,
            "book_valuer_per_share": null,
            "book_valuer_per_share_4q_avg": 0,
            "equity": null,
            "current_ratio": null,
            "debt_ratio": null,
            "inventory_turnover_ratio": null,
            "account_receivable_turnover_ratio": null,
            "reinvestment_rate": null,
            "research_to_sale_ratio": null,
            "price_fair": 0,
            "eps_avg_yearly": 0,
            "eps_latest_yearly": 0,
            "eps_growth_yearly": 0
        },
        "20014": {
            "year_quarter": 20014,
            "year": 2001,
            "quarter": 4,
            "eps": null,
            "eps_growth_year": null,
            "eps_4q": null,
            "eps_4q_growth_year": null,
            "roe": null,
            "roe_4q": 0,
            "gross_profit": null,
            "gross_margin": null,
            "gross_margin_4q_avg": 0,
            "net_income": null,
            "revenue": null,
            "common_shares": null,
            "book_valuer_per_share": null,
            "book_valuer_per_share_4q_avg": 0,
            "equity": null,
            "current_ratio": null,
            "debt_ratio": null,
            "inventory_turnover_ratio": null,
            "account_receivable_turnover_ratio": null,
            "reinvestment_rate": null,
            "research_to_sale_ratio": null,
            "price_fair": 0,
            "eps_avg_yearly": 0,
            "eps_latest_yearly": 0,
            "eps_growth_yearly": 0
        },
        "20021": {
            "year_quarter": 20021,
            "year": 2002,
            "quarter": 1,
            "eps": null,
            "eps_growth_year": null,
            "eps_4q": null,
            "eps_4q_growth_year": null,
            "roe": null,
            "roe_4q": 0,
            "gross_profit": null,
            "gross_margin": null,
            "gross_margin_4q_avg": 0,
            "net_income": null,
            "revenue": null,
            "common_shares": null,
            "book_valuer_per_share": null,
            "book_valuer_per_share_4q_avg": 0,
            "equity": null,
            "current_ratio": null,
            "debt_ratio": null,
            "inventory_turnover_ratio": null,
            "account_receivable_turnover_ratio": null,
            "reinvestment_rate": null,
            "research_to_sale_ratio": null,
            "price_fair": 0,
            "eps_avg_yearly": 0,
            "eps_latest_yearly": 0,
            "eps_growth_yearly": 0
        },
        "20022": {
            "year_quarter": 20022,
            "year": 2002,
            "quarter": 2,
            "eps": null,
            "eps_growth_year": null,
            "eps_4q": null,
            "eps_4q_growth_year": null,
            "roe": null,
            "roe_4q": 0,
            "gross_profit": null,
            "gross_margin": null,
            "gross_margin_4q_avg": 0,
            "net_income": null,
            "revenue": null,
            "common_shares": null,
            "book_valuer_per_share": null,
            "book_valuer_per_share_4q_avg": 0,
            "equity": null,
            "current_ratio": null,
            "debt_ratio": null,
            "inventory_turnover_ratio": null,
            "account_receivable_turnover_ratio": null,
            "reinvestment_rate": null,
            "research_to_sale_ratio": null,
            "price_fair": 0,
            "eps_avg_yearly": 0,
            "eps_latest_yearly": 0,
            "eps_growth_yearly": 0
        },
        "20023": {
            "year_quarter": 20023,
            "year": 2002,
            "quarter": 3,
            "eps": null,
            "eps_growth_year": null,
            "eps_4q": null,
            "eps_4q_growth_year": null,
            "roe": null,
            "roe_4q": 0,
            "gross_profit": null,
            "gross_margin": null,
            "gross_margin_4q_avg": 0,
            "net_income": null,
            "revenue": null,
            "common_shares": null,
            "book_valuer_per_share": null,
            "book_valuer_per_share_4q_avg": 0,
            "equity": null,
            "current_ratio": null,
            "debt_ratio": null,
            "inventory_turnover_ratio": null,
            "account_receivable_turnover_ratio": null,
            "reinvestment_rate": null,
            "research_to_sale_ratio": null,
            "price_fair": 0,
            "eps_avg_yearly": 0,
            "eps_latest_yearly": 0,
            "eps_growth_yearly": 0
        },
        "20024": {
            "year_quarter": 20024,
            "year": 2002,
            "quarter": 4,
            "eps": null,
            "eps_growth_year": null,
            "eps_4q": null,
            "eps_4q_growth_year": null,
            "roe": null,
            "roe_4q": 0,
            "gross_profit": null,
            "gross_margin": null,
            "gross_margin_4q_avg": 0,
            "net_income": null,
            "revenue": null,
            "common_shares": null,
            "book_valuer_per_share": null,
            "book_valuer_per_share_4q_avg": 0,
            "equity": null,
            "current_ratio": null,
            "debt_ratio": null,
            "inventory_turnover_ratio": null,
            "account_receivable_turnover_ratio": null,
            "reinvestment_rate": null,
            "research_to_sale_ratio": null,
            "price_fair": 0,
            "eps_avg_yearly": 0,
            "eps_latest_yearly": 0,
            "eps_growth_yearly": 0
        },
        "20031": {
            "year_quarter": 20031,
            "year": 2003,
            "quarter": 1,
            "eps": null,
            "eps_growth_year": null,
            "eps_4q": null,
            "eps_4q_growth_year": null,
            "roe": null,
            "roe_4q": 0,
            "gross_profit": null,
            "gross_margin": null,
            "gross_margin_4q_avg": 0,
            "net_income": null,
            "revenue": null,
            "common_shares": null,
            "book_valuer_per_share": null,
            "book_valuer_per_share_4q_avg": 0,
            "equity": null,
            "current_ratio": null,
            "debt_ratio": null,
            "inventory_turnover_ratio": null,
            "account_receivable_turnover_ratio": null,
            "reinvestment_rate": null,
            "research_to_sale_ratio": null,
            "price_fair": 0,
            "eps_avg_yearly": 0,
            "eps_latest_yearly": 0,
            "eps_growth_yearly": 0
        },
        "20032": {
            "year_quarter": 20032,
            "year": 2003,
            "quarter": 2,
            "eps": null,
            "eps_growth_year": null,
            "eps_4q": null,
            "eps_4q_growth_year": null,
            "roe": null,
            "roe_4q": 0,
            "gross_profit": null,
            "gross_margin": null,
            "gross_margin_4q_avg": 0,
            "net_income": null,
            "revenue": null,
            "common_shares": null,
            "book_valuer_per_share": null,
            "book_valuer_per_share_4q_avg": 0,
            "equity": null,
            "current_ratio": null,
            "debt_ratio": null,
            "inventory_turnover_ratio": null,
            "account_receivable_turnover_ratio": null,
            "reinvestment_rate": null,
            "research_to_sale_ratio": null,
            "price_fair": 0,
            "eps_avg_yearly": 0,
            "eps_latest_yearly": 0,
            "eps_growth_yearly": 0
        },
        "20033": {
            "year_quarter": 20033,
            "year": 2003,
            "quarter": 3,
            "eps": null,
            "eps_growth_year": null,
            "eps_4q": null,
            "eps_4q_growth_year": null,
            "roe": null,
            "roe_4q": 0,
            "gross_profit": null,
            "gross_margin": null,
            "gross_margin_4q_avg": 0,
            "net_income": null,
            "revenue": null,
            "common_shares": null,
            "book_valuer_per_share": null,
            "book_valuer_per_share_4q_avg": 0,
            "equity": null,
            "current_ratio": null,
            "debt_ratio": null,
            "inventory_turnover_ratio": null,
            "account_receivable_turnover_ratio": null,
            "reinvestment_rate": null,
            "research_to_sale_ratio": null,
            "price_fair": 0,
            "eps_avg_yearly": 0,
            "eps_latest_yearly": 0,
            "eps_growth_yearly": 0
        },
        "20034": {
            "year_quarter": 20034,
            "year": 2003,
            "quarter": 4,
            "eps": null,
            "eps_growth_year": null,
            "eps_4q": null,
            "eps_4q_growth_year": null,
            "roe": null,
            "roe_4q": 0,
            "gross_profit": null,
            "gross_margin": null,
            "gross_margin_4q_avg": 0,
            "net_income": null,
            "revenue": null,
            "common_shares": null,
            "book_valuer_per_share": null,
            "book_valuer_per_share_4q_avg": 0,
            "equity": null,
            "current_ratio": null,
            "debt_ratio": null,
            "inventory_turnover_ratio": null,
            "account_receivable_turnover_ratio": null,
            "reinvestment_rate": null,
            "research_to_sale_ratio": null,
            "price_fair": 0,
            "eps_avg_yearly": 0,
            "eps_latest_yearly": 0,
            "eps_growth_yearly": 0
        },
        "20041": {
            "year_quarter": 20041,
            "year": 2004,
            "quarter": 1,
            "eps": null,
            "eps_growth_year": null,
            "eps_4q": null,
            "eps_4q_growth_year": null,
            "roe": null,
            "roe_4q": 0,
            "gross_profit": null,
            "gross_margin": null,
            "gross_margin_4q_avg": 0,
            "net_income": null,
            "revenue": null,
            "common_shares": null,
            "book_valuer_per_share": null,
            "book_valuer_per_share_4q_avg": 0,
            "equity": null,
            "current_ratio": null,
            "debt_ratio": null,
            "inventory_turnover_ratio": null,
            "account_receivable_turnover_ratio": null,
            "reinvestment_rate": null,
            "research_to_sale_ratio": null,
            "price_fair": 0,
            "eps_avg_yearly": 0,
            "eps_latest_yearly": 0,
            "eps_growth_yearly": 0
        },
        "20042": {
            "year_quarter": 20042,
            "year": 2004,
            "quarter": 2,
            "eps": null,
            "eps_growth_year": null,
            "eps_4q": null,
            "eps_4q_growth_year": null,
            "roe": null,
            "roe_4q": 0,
            "gross_profit": null,
            "gross_margin": null,
            "gross_margin_4q_avg": 0,
            "net_income": null,
            "revenue": null,
            "common_shares": null,
            "book_valuer_per_share": null,
            "book_valuer_per_share_4q_avg": 0,
            "equity": null,
            "current_ratio": null,
            "debt_ratio": null,
            "inventory_turnover_ratio": null,
            "account_receivable_turnover_ratio": null,
            "reinvestment_rate": null,
            "research_to_sale_ratio": null,
            "price_fair": 0,
            "eps_avg_yearly": 0,
            "eps_latest_yearly": 0,
            "eps_growth_yearly": 0
        },
        "20043": {
            "year_quarter": 20043,
            "year": 2004,
            "quarter": 3,
            "eps": null,
            "eps_growth_year": null,
            "eps_4q": null,
            "eps_4q_growth_year": null,
            "roe": null,
            "roe_4q": 0,
            "gross_profit": null,
            "gross_margin": null,
            "gross_margin_4q_avg": 0,
            "net_income": null,
            "revenue": null,
            "common_shares": null,
            "book_valuer_per_share": null,
            "book_valuer_per_share_4q_avg": 0,
            "equity": null,
            "current_ratio": null,
            "debt_ratio": null,
            "inventory_turnover_ratio": null,
            "account_receivable_turnover_ratio": null,
            "reinvestment_rate": null,
            "research_to_sale_ratio": null,
            "price_fair": 0,
            "eps_avg_yearly": 0,
            "eps_latest_yearly": 0,
            "eps_growth_yearly": 0
        },
        "20044": {
            "year_quarter": 20044,
            "year": 2004,
            "quarter": 4,
            "eps": null,
            "eps_growth_year": null,
            "eps_4q": null,
            "eps_4q_growth_year": null,
            "roe": null,
            "roe_4q": 0,
            "gross_profit": null,
            "gross_margin": null,
            "gross_margin_4q_avg": 0,
            "net_income": null,
            "revenue": null,
            "common_shares": null,
            "book_valuer_per_share": null,
            "book_valuer_per_share_4q_avg": 0,
            "equity": null,
            "current_ratio": null,
            "debt_ratio": null,
            "inventory_turnover_ratio": null,
            "account_receivable_turnover_ratio": null,
            "reinvestment_rate": null,
            "research_to_sale_ratio": null,
            "price_fair": 0,
            "eps_avg_yearly": 0,
            "eps_latest_yearly": 0,
            "eps_growth_yearly": 0
        },
        "20051": {
            "year_quarter": 20051,
            "year": 2005,
            "quarter": 1,
            "eps": null,
            "eps_growth_year": null,
            "eps_4q": null,
            "eps_4q_growth_year": null,
            "roe": null,
            "roe_4q": 0,
            "gross_profit": null,
            "gross_margin": null,
            "gross_margin_4q_avg": 0,
            "net_income": null,
            "revenue": null,
            "common_shares": null,
            "book_valuer_per_share": null,
            "book_valuer_per_share_4q_avg": 0,
            "equity": null,
            "current_ratio": null,
            "debt_ratio": null,
            "inventory_turnover_ratio": null,
            "account_receivable_turnover_ratio": null,
            "reinvestment_rate": null,
            "research_to_sale_ratio": null,
            "price_fair": 0,
            "eps_avg_yearly": 0,
            "eps_latest_yearly": 0,
            "eps_growth_yearly": 0
        },
        "20052": {
            "year_quarter": 20052,
            "year": 2005,
            "quarter": 2,
            "eps": null,
            "eps_growth_year": null,
            "eps_4q": null,
            "eps_4q_growth_year": null,
            "roe": null,
            "roe_4q": 0,
            "gross_profit": null,
            "gross_margin": null,
            "gross_margin_4q_avg": 0,
            "net_income": null,
            "revenue": null,
            "common_shares": null,
            "book_valuer_per_share": null,
            "book_valuer_per_share_4q_avg": 0,
            "equity": null,
            "current_ratio": null,
            "debt_ratio": null,
            "inventory_turnover_ratio": null,
            "account_receivable_turnover_ratio": null,
            "reinvestment_rate": null,
            "research_to_sale_ratio": null,
            "price_fair": 0,
            "eps_avg_yearly": 0,
            "eps_latest_yearly": 0,
            "eps_growth_yearly": 0
        },
        "20053": {
            "year_quarter": 20053,
            "year": 2005,
            "quarter": 3,
            "eps": null,
            "eps_growth_year": null,
            "eps_4q": null,
            "eps_4q_growth_year": null,
            "roe": null,
            "roe_4q": 0,
            "gross_profit": null,
            "gross_margin": null,
            "gross_margin_4q_avg": 0,
            "net_income": null,
            "revenue": null,
            "common_shares": null,
            "book_valuer_per_share": null,
            "book_valuer_per_share_4q_avg": 0,
            "equity": null,
            "current_ratio": null,
            "debt_ratio": null,
            "inventory_turnover_ratio": null,
            "account_receivable_turnover_ratio": null,
            "reinvestment_rate": null,
            "research_to_sale_ratio": null,
            "price_fair": 0,
            "eps_avg_yearly": 0,
            "eps_latest_yearly": 0,
            "eps_growth_yearly": 0
        },
        "20054": {
            "year_quarter": 20054,
            "year": 2005,
            "quarter": 4,
            "eps": null,
            "eps_growth_year": null,
            "eps_4q": null,
            "eps_4q_growth_year": null,
            "roe": null,
            "roe_4q": 0,
            "gross_profit": null,
            "gross_margin": null,
            "gross_margin_4q_avg": 0,
            "net_income": null,
            "revenue": null,
            "common_shares": null,
            "book_valuer_per_share": null,
            "book_valuer_per_share_4q_avg": 0,
            "equity": null,
            "current_ratio": null,
            "debt_ratio": null,
            "inventory_turnover_ratio": null,
            "account_receivable_turnover_ratio": null,
            "reinvestment_rate": null,
            "research_to_sale_ratio": null,
            "price_fair": 0,
            "eps_avg_yearly": 0,
            "eps_latest_yearly": 0,
            "eps_growth_yearly": 0
        },
        "20061": {
            "year_quarter": 20061,
            "year": 2006,
            "quarter": 1,
            "eps": null,
            "eps_growth_year": null,
            "eps_4q": null,
            "eps_4q_growth_year": null,
            "roe": null,
            "roe_4q": 0,
            "gross_profit": null,
            "gross_margin": null,
            "gross_margin_4q_avg": 0,
            "net_income": null,
            "revenue": null,
            "common_shares": null,
            "book_valuer_per_share": null,
            "book_valuer_per_share_4q_avg": 0,
            "equity": null,
            "current_ratio": null,
            "debt_ratio": null,
            "inventory_turnover_ratio": null,
            "account_receivable_turnover_ratio": null,
            "reinvestment_rate": null,
            "research_to_sale_ratio": null,
            "price_fair": 0,
            "eps_avg_yearly": 0,
            "eps_latest_yearly": 0,
            "eps_growth_yearly": 0
        },
        "20062": {
            "year_quarter": 20062,
            "year": 2006,
            "quarter": 2,
            "eps": null,
            "eps_growth_year": null,
            "eps_4q": null,
            "eps_4q_growth_year": null,
            "roe": null,
            "roe_4q": 0,
            "gross_profit": null,
            "gross_margin": null,
            "gross_margin_4q_avg": 0,
            "net_income": null,
            "revenue": null,
            "common_shares": null,
            "book_valuer_per_share": null,
            "book_valuer_per_share_4q_avg": 0,
            "equity": null,
            "current_ratio": null,
            "debt_ratio": null,
            "inventory_turnover_ratio": null,
            "account_receivable_turnover_ratio": null,
            "reinvestment_rate": null,
            "research_to_sale_ratio": null,
            "price_fair": 0,
            "eps_avg_yearly": 0,
            "eps_latest_yearly": 0,
            "eps_growth_yearly": 0
        },
        "20063": {
            "year_quarter": 20063,
            "year": 2006,
            "quarter": 3,
            "eps": null,
            "eps_growth_year": null,
            "eps_4q": null,
            "eps_4q_growth_year": null,
            "roe": null,
            "roe_4q": 0,
            "gross_profit": null,
            "gross_margin": null,
            "gross_margin_4q_avg": 0,
            "net_income": null,
            "revenue": null,
            "common_shares": null,
            "book_valuer_per_share": null,
            "book_valuer_per_share_4q_avg": 0,
            "equity": null,
            "current_ratio": null,
            "debt_ratio": null,
            "inventory_turnover_ratio": null,
            "account_receivable_turnover_ratio": null,
            "reinvestment_rate": null,
            "research_to_sale_ratio": null,
            "price_fair": 0,
            "eps_avg_yearly": 0,
            "eps_latest_yearly": 0,
            "eps_growth_yearly": 0
        },
        "20064": {
            "year_quarter": 20064,
            "year": 2006,
            "quarter": 4,
            "eps": null,
            "eps_growth_year": null,
            "eps_4q": null,
            "eps_4q_growth_year": null,
            "roe": null,
            "roe_4q": 0,
            "gross_profit": null,
            "gross_margin": null,
            "gross_margin_4q_avg": 0,
            "net_income": null,
            "revenue": null,
            "common_shares": null,
            "book_valuer_per_share": null,
            "book_valuer_per_share_4q_avg": 0,
            "equity": null,
            "current_ratio": null,
            "debt_ratio": null,
            "inventory_turnover_ratio": null,
            "account_receivable_turnover_ratio": null,
            "reinvestment_rate": null,
            "research_to_sale_ratio": null,
            "price_fair": 0,
            "eps_avg_yearly": 0,
            "eps_latest_yearly": 0,
            "eps_growth_yearly": 0
        },
        "20071": {
            "year_quarter": 20071,
            "year": 2007,
            "quarter": 1,
            "eps": null,
            "eps_growth_year": null,
            "eps_4q": null,
            "eps_4q_growth_year": null,
            "roe": null,
            "roe_4q": 0,
            "gross_profit": null,
            "gross_margin": null,
            "gross_margin_4q_avg": 0,
            "net_income": null,
            "revenue": null,
            "common_shares": null,
            "book_valuer_per_share": null,
            "book_valuer_per_share_4q_avg": 0,
            "equity": null,
            "current_ratio": null,
            "debt_ratio": null,
            "inventory_turnover_ratio": null,
            "account_receivable_turnover_ratio": null,
            "reinvestment_rate": null,
            "research_to_sale_ratio": null,
            "price_fair": 0,
            "eps_avg_yearly": 0,
            "eps_latest_yearly": 0,
            "eps_growth_yearly": 0
        },
        "20072": {
            "year_quarter": 20072,
            "year": 2007,
            "quarter": 2,
            "eps": null,
            "eps_growth_year": null,
            "eps_4q": null,
            "eps_4q_growth_year": null,
            "roe": null,
            "roe_4q": 0,
            "gross_profit": null,
            "gross_margin": null,
            "gross_margin_4q_avg": 0,
            "net_income": null,
            "revenue": null,
            "common_shares": null,
            "book_valuer_per_share": null,
            "book_valuer_per_share_4q_avg": 0,
            "equity": null,
            "current_ratio": null,
            "debt_ratio": null,
            "inventory_turnover_ratio": null,
            "account_receivable_turnover_ratio": null,
            "reinvestment_rate": null,
            "research_to_sale_ratio": null,
            "price_fair": 0,
            "eps_avg_yearly": 0,
            "eps_latest_yearly": 0,
            "eps_growth_yearly": 0
        },
        "20073": {
            "year_quarter": 20073,
            "year": 2007,
            "quarter": 3,
            "eps": null,
            "eps_growth_year": null,
            "eps_4q": null,
            "eps_4q_growth_year": null,
            "roe": null,
            "roe_4q": 0,
            "gross_profit": null,
            "gross_margin": null,
            "gross_margin_4q_avg": 0,
            "net_income": null,
            "revenue": null,
            "common_shares": null,
            "book_valuer_per_share": null,
            "book_valuer_per_share_4q_avg": 0,
            "equity": null,
            "current_ratio": null,
            "debt_ratio": null,
            "inventory_turnover_ratio": null,
            "account_receivable_turnover_ratio": null,
            "reinvestment_rate": null,
            "research_to_sale_ratio": null,
            "price_fair": 0,
            "eps_avg_yearly": 0,
            "eps_latest_yearly": 0,
            "eps_growth_yearly": 0
        },
        "20074": {
            "year_quarter": 20074,
            "year": 2007,
            "quarter": 4,
            "eps": null,
            "eps_growth_year": null,
            "eps_4q": null,
            "eps_4q_growth_year": null,
            "roe": null,
            "roe_4q": 0,
            "gross_profit": null,
            "gross_margin": null,
            "gross_margin_4q_avg": 0,
            "net_income": null,
            "revenue": null,
            "common_shares": null,
            "book_valuer_per_share": null,
            "book_valuer_per_share_4q_avg": 0,
            "equity": null,
            "current_ratio": null,
            "debt_ratio": null,
            "inventory_turnover_ratio": null,
            "account_receivable_turnover_ratio": null,
            "reinvestment_rate": null,
            "research_to_sale_ratio": null,
            "price_fair": 0,
            "eps_avg_yearly": 0,
            "eps_latest_yearly": 0,
            "eps_growth_yearly": 0
        },
        "20081": {
            "year_quarter": 20081,
            "year": 2008,
            "quarter": 1,
            "eps": null,
            "eps_growth_year": null,
            "eps_4q": null,
            "eps_4q_growth_year": null,
            "roe": null,
            "roe_4q": 0,
            "gross_profit": null,
            "gross_margin": null,
            "gross_margin_4q_avg": 0,
            "net_income": null,
            "revenue": null,
            "common_shares": null,
            "book_valuer_per_share": null,
            "book_valuer_per_share_4q_avg": 0,
            "equity": null,
            "current_ratio": null,
            "debt_ratio": null,
            "inventory_turnover_ratio": null,
            "account_receivable_turnover_ratio": null,
            "reinvestment_rate": null,
            "research_to_sale_ratio": null,
            "price_fair": 0,
            "eps_avg_yearly": 0,
            "eps_latest_yearly": 0,
            "eps_growth_yearly": 0
        },
        "20082": {
            "year_quarter": 20082,
            "year": 2008,
            "quarter": 2,
            "eps": null,
            "eps_growth_year": null,
            "eps_4q": null,
            "eps_4q_growth_year": null,
            "roe": null,
            "roe_4q": 0,
            "gross_profit": null,
            "gross_margin": null,
            "gross_margin_4q_avg": 0,
            "net_income": null,
            "revenue": null,
            "common_shares": null,
            "book_valuer_per_share": null,
            "book_valuer_per_share_4q_avg": 0,
            "equity": null,
            "current_ratio": null,
            "debt_ratio": null,
            "inventory_turnover_ratio": null,
            "account_receivable_turnover_ratio": null,
            "reinvestment_rate": null,
            "research_to_sale_ratio": null,
            "price_fair": 0,
            "eps_avg_yearly": 0,
            "eps_latest_yearly": 0,
            "eps_growth_yearly": 0
        },
        "20083": {
            "year_quarter": 20083,
            "year": 2008,
            "quarter": 3,
            "eps": null,
            "eps_growth_year": null,
            "eps_4q": null,
            "eps_4q_growth_year": null,
            "roe": null,
            "roe_4q": 0,
            "gross_profit": null,
            "gross_margin": null,
            "gross_margin_4q_avg": 0,
            "net_income": null,
            "revenue": null,
            "common_shares": null,
            "book_valuer_per_share": null,
            "book_valuer_per_share_4q_avg": 0,
            "equity": null,
            "current_ratio": null,
            "debt_ratio": null,
            "inventory_turnover_ratio": null,
            "account_receivable_turnover_ratio": null,
            "reinvestment_rate": null,
            "research_to_sale_ratio": null,
            "price_fair": 0,
            "eps_avg_yearly": 0,
            "eps_latest_yearly": 0,
            "eps_growth_yearly": 0
        },
        "20084": {
            "year_quarter": 20084,
            "year": 2008,
            "quarter": 4,
            "eps": null,
            "eps_growth_year": null,
            "eps_4q": null,
            "eps_4q_growth_year": null,
            "roe": null,
            "roe_4q": 0,
            "gross_profit": null,
            "gross_margin": null,
            "gross_margin_4q_avg": 0,
            "net_income": null,
            "revenue": null,
            "common_shares": 123495,
            "book_valuer_per_share": 2.6,
            "book_valuer_per_share_4q_avg": 0.65,
            "equity": 32104,
            "current_ratio": 148.37,
            "debt_ratio": 62.98,
            "inventory_turnover_ratio": null,
            "account_receivable_turnover_ratio": null,
            "reinvestment_rate": null,
            "research_to_sale_ratio": null,
            "price_fair": 0,
            "eps_avg_yearly": 0,
            "eps_latest_yearly": 0,
            "eps_growth_yearly": 0
        },
        "20091": {
            "year_quarter": 20091,
            "year": 2009,
            "quarter": 1,
            "eps": null,
            "eps_growth_year": null,
            "eps_4q": null,
            "eps_4q_growth_year": null,
            "roe": null,
            "roe_4q": 0,
            "gross_profit": null,
            "gross_margin": null,
            "gross_margin_4q_avg": 0,
            "net_income": null,
            "revenue": null,
            "common_shares": null,
            "book_valuer_per_share": null,
            "book_valuer_per_share_4q_avg": 0.65,
            "equity": null,
            "current_ratio": null,
            "debt_ratio": null,
            "inventory_turnover_ratio": null,
            "account_receivable_turnover_ratio": null,
            "reinvestment_rate": null,
            "research_to_sale_ratio": null,
            "price_fair": 0,
            "eps_avg_yearly": 0,
            "eps_latest_yearly": 0,
            "eps_growth_yearly": 0
        },
        "20092": {
            "year_quarter": 20092,
            "year": 2009,
            "quarter": 2,
            "eps": null,
            "eps_growth_year": null,
            "eps_4q": null,
            "eps_4q_growth_year": null,
            "roe": null,
            "roe_4q": 0,
            "gross_profit": null,
            "gross_margin": null,
            "gross_margin_4q_avg": 0,
            "net_income": null,
            "revenue": null,
            "common_shares": null,
            "book_valuer_per_share": null,
            "book_valuer_per_share_4q_avg": 0.65,
            "equity": null,
            "current_ratio": null,
            "debt_ratio": null,
            "inventory_turnover_ratio": null,
            "account_receivable_turnover_ratio": null,
            "reinvestment_rate": null,
            "research_to_sale_ratio": null,
            "price_fair": 0,
            "eps_avg_yearly": 0,
            "eps_latest_yearly": 0,
            "eps_growth_yearly": 0
        },
        "20093": {
            "year_quarter": 20093,
            "year": 2009,
            "quarter": 3,
            "eps": null,
            "eps_growth_year": null,
            "eps_4q": null,
            "eps_4q_growth_year": null,
            "roe": null,
            "roe_4q": 0,
            "gross_profit": null,
            "gross_margin": null,
            "gross_margin_4q_avg": 0,
            "net_income": null,
            "revenue": null,
            "common_shares": null,
            "book_valuer_per_share": null,
            "book_valuer_per_share_4q_avg": 0.65,
            "equity": null,
            "current_ratio": null,
            "debt_ratio": null,
            "inventory_turnover_ratio": null,
            "account_receivable_turnover_ratio": null,
            "reinvestment_rate": null,
            "research_to_sale_ratio": null,
            "price_fair": 0,
            "eps_avg_yearly": 0,
            "eps_latest_yearly": 0,
            "eps_growth_yearly": 0
        },
        "20094": {
            "year_quarter": 20094,
            "year": 2009,
            "quarter": 4,
            "eps": null,
            "eps_growth_year": null,
            "eps_4q": null,
            "eps_4q_growth_year": null,
            "roe": null,
            "roe_4q": 0,
            "gross_profit": null,
            "gross_margin": null,
            "gross_margin_4q_avg": 0,
            "net_income": null,
            "revenue": null,
            "common_shares": 123495,
            "book_valuer_per_share": 6.72,
            "book_valuer_per_share_4q_avg": 1.68,
            "equity": 83046,
            "current_ratio": 246.47,
            "debt_ratio": 45.62,
            "inventory_turnover_ratio": null,
            "account_receivable_turnover_ratio": null,
            "reinvestment_rate": null,
            "research_to_sale_ratio": null,
            "price_fair": 0,
            "eps_avg_yearly": 0,
            "eps_latest_yearly": 0,
            "eps_growth_yearly": 0
        },
        "20101": {
            "year_quarter": 20101,
            "year": 2010,
            "quarter": 1,
            "eps": null,
            "eps_growth_year": null,
            "eps_4q": null,
            "eps_4q_growth_year": null,
            "roe": null,
            "roe_4q": 0,
            "gross_profit": null,
            "gross_margin": null,
            "gross_margin_4q_avg": 0,
            "net_income": null,
            "revenue": null,
            "common_shares": null,
            "book_valuer_per_share": null,
            "book_valuer_per_share_4q_avg": 1.68,
            "equity": null,
            "current_ratio": null,
            "debt_ratio": null,
            "inventory_turnover_ratio": null,
            "account_receivable_turnover_ratio": null,
            "reinvestment_rate": null,
            "research_to_sale_ratio": null,
            "price_fair": 0,
            "eps_avg_yearly": 0,
            "eps_latest_yearly": 0,
            "eps_growth_yearly": 0
        },
        "20102": {
            "year_quarter": 20102,
            "year": 2010,
            "quarter": 2,
            "eps": null,
            "eps_growth_year": null,
            "eps_4q": null,
            "eps_4q_growth_year": null,
            "roe": null,
            "roe_4q": 0,
            "gross_profit": null,
            "gross_margin": null,
            "gross_margin_4q_avg": 0,
            "net_income": null,
            "revenue": null,
            "common_shares": 0,
            "book_valuer_per_share": null,
            "book_valuer_per_share_4q_avg": 1.68,
            "equity": 0,
            "current_ratio": null,
            "debt_ratio": null,
            "inventory_turnover_ratio": null,
            "account_receivable_turnover_ratio": null,
            "reinvestment_rate": null,
            "research_to_sale_ratio": null,
            "price_fair": 0,
            "eps_avg_yearly": 0,
            "eps_latest_yearly": 0,
            "eps_growth_yearly": 0
        },
        "20103": {
            "year_quarter": 20103,
            "year": 2010,
            "quarter": 3,
            "eps": null,
            "eps_growth_year": null,
            "eps_4q": null,
            "eps_4q_growth_year": null,
            "roe": null,
            "roe_4q": 0,
            "gross_profit": 0,
            "gross_margin": null,
            "gross_margin_4q_avg": 0,
            "net_income": 0,
            "revenue": 0,
            "common_shares": 0,
            "book_valuer_per_share": null,
            "book_valuer_per_share_4q_avg": 1.68,
            "equity": 0,
            "current_ratio": null,
            "debt_ratio": null,
            "inventory_turnover_ratio": null,
            "account_receivable_turnover_ratio": null,
            "reinvestment_rate": null,
            "research_to_sale_ratio": null,
            "price_fair": 0,
            "eps_avg_yearly": 0,
            "eps_latest_yearly": 0,
            "eps_growth_yearly": 0
        },
        "20104": {
            "year_quarter": 20104,
            "year": 2010,
            "quarter": 4,
            "eps": null,
            "eps_growth_year": null,
            "eps_4q": null,
            "eps_4q_growth_year": null,
            "roe": null,
            "roe_4q": 0,
            "gross_profit": 55097,
            "gross_margin": null,
            "gross_margin_4q_avg": 0,
            "net_income": 11364,
            "revenue": 75486,
            "common_shares": 123495,
            "book_valuer_per_share": 10.23,
            "book_valuer_per_share_4q_avg": 2.56,
            "equity": 126357,
            "current_ratio": 260.41,
            "debt_ratio": 37.99,
            "inventory_turnover_ratio": null,
            "account_receivable_turnover_ratio": null,
            "reinvestment_rate": null,
            "research_to_sale_ratio": null,
            "price_fair": 0,
            "eps_avg_yearly": 0,
            "eps_latest_yearly": 0,
            "eps_growth_yearly": 0
        },
        "20111": {
            "year_quarter": 20111,
            "year": 2011,
            "quarter": 1,
            "eps": null,
            "eps_growth_year": null,
            "eps_4q": null,
            "eps_4q_growth_year": null,
            "roe": null,
            "roe_4q": 0,
            "gross_profit": 47677,
            "gross_margin": null,
            "gross_margin_4q_avg": 0,
            "net_income": 13596,
            "revenue": 65150,
            "common_shares": 123495,
            "book_valuer_per_share": 11.61,
            "book_valuer_per_share_4q_avg": 5.46,
            "equity": 143359,
            "current_ratio": 386.87,
            "debt_ratio": 24.17,
            "inventory_turnover_ratio": null,
            "account_receivable_turnover_ratio": null,
            "reinvestment_rate": null,
            "research_to_sale_ratio": null,
            "price_fair": 0,
            "eps_avg_yearly": 0,
            "eps_latest_yearly": 0,
            "eps_growth_yearly": 0
        },
        "20112": {
            "year_quarter": 20112,
            "year": 2011,
            "quarter": 2,
            "eps": 0.67,
            "eps_growth_year": null,
            "eps_4q": 0.67,
            "eps_4q_growth_year": null,
            "roe": 7.53,
            "roe_4q": 7.53,
            "gross_profit": 54029,
            "gross_margin": 55.07,
            "gross_margin_4q_avg": 13.77,
            "net_income": 12672,
            "revenue": 98113,
            "common_shares": 188000,
            "book_valuer_per_share": 10.29,
            "book_valuer_per_share_4q_avg": 8.03,
            "equity": 193387,
            "current_ratio": 390.6,
            "debt_ratio": 32.82,
            "inventory_turnover_ratio": 1.02,
            "account_receivable_turnover_ratio": 2.03,
            "reinvestment_rate": null,
            "research_to_sale_ratio": null,
            "price_fair": 0,
            "eps_avg_yearly": 0,
            "eps_latest_yearly": 0,
            "eps_growth_yearly": 0
        },
        "20113": {
            "year_quarter": 20113,
            "year": 2011,
            "quarter": 3,
            "eps": 1.43,
            "eps_growth_year": null,
            "eps_4q": 2.1,
            "eps_4q_growth_year": null,
            "roe": 12.96,
            "roe_4q": 20.490000000000002,
            "gross_profit": 68058,
            "gross_margin": 57.5,
            "gross_margin_4q_avg": 28.14,
            "net_income": 26866,
            "revenue": 118361,
            "common_shares": 188000,
            "book_valuer_per_share": 11.77,
            "book_valuer_per_share_4q_avg": 10.98,
            "equity": 221253,
            "current_ratio": 414.54,
            "debt_ratio": 30.37,
            "inventory_turnover_ratio": 1.23,
            "account_receivable_turnover_ratio": 1.2,
            "reinvestment_rate": null,
            "research_to_sale_ratio": null,
            "price_fair": 200.2,
            "eps_avg_yearly": 5.72,
            "eps_latest_yearly": 5.72,
            "eps_growth_yearly": 453.73
        },
        "20114": {
            "year_quarter": 20114,
            "year": 2011,
            "quarter": 4,
            "eps": 0.28,
            "eps_growth_year": null,
            "eps_4q": 2.09,
            "eps_4q_growth_year": null,
            "roe": 2.17,
            "roe_4q": 22.66,
            "gross_profit": 57667,
            "gross_margin": 66.74,
            "gross_margin_4q_avg": 44.83,
            "net_income": 6095,
            "revenue": 86399,
            "common_shares": 218000,
            "book_valuer_per_share": 15.58,
            "book_valuer_per_share_4q_avg": 12.31,
            "equity": 339665,
            "current_ratio": 478.59,
            "debt_ratio": 26.23,
            "inventory_turnover_ratio": 0.73,
            "account_receivable_turnover_ratio": 0.87,
            "reinvestment_rate": null,
            "research_to_sale_ratio": null,
            "price_fair": 119.7,
            "eps_avg_yearly": 3.42,
            "eps_latest_yearly": 1.12,
            "eps_growth_yearly": 66.03
        },
        "20121": {
            "year_quarter": 20121,
            "year": 2012,
            "quarter": 1,
            "eps": 0.79,
            "eps_growth_year": null,
            "eps_4q": 2.88,
            "eps_4q_growth_year": null,
            "roe": 5,
            "roe_4q": 27.660000000000004,
            "gross_profit": 61720,
            "gross_margin": 66.23,
            "gross_margin_4q_avg": 61.39,
            "net_income": 17212,
            "revenue": 93190,
            "common_shares": 218000,
            "book_valuer_per_share": 15.98,
            "book_valuer_per_share_4q_avg": 13.41,
            "equity": 348257,
            "current_ratio": 950.82,
            "debt_ratio": 17.49,
            "inventory_turnover_ratio": 0.83,
            "account_receivable_turnover_ratio": 0.94,
            "reinvestment_rate": null,
            "research_to_sale_ratio": null,
            "price_fair": 116.67,
            "eps_avg_yearly": 3.33,
            "eps_latest_yearly": 3.16,
            "eps_growth_yearly": 286.87
        },
        "20122": {
            "year_quarter": 20122,
            "year": 2012,
            "quarter": 2,
            "eps": 0.83,
            "eps_growth_year": 23.85,
            "eps_4q": 3.14,
            "eps_4q_growth_year": 365.29,
            "roe": 5.36,
            "roe_4q": 25.490000000000002,
            "gross_profit": 70469,
            "gross_margin": 70.38,
            "gross_margin_4q_avg": 65.21,
            "net_income": 18198,
            "revenue": 100133,
            "common_shares": 218000,
            "book_valuer_per_share": 15.19,
            "book_valuer_per_share_4q_avg": 14.63,
            "equity": 331231,
            "current_ratio": 439.65,
            "debt_ratio": 27.02,
            "inventory_turnover_ratio": 0.69,
            "account_receivable_turnover_ratio": 0.91,
            "reinvestment_rate": null,
            "research_to_sale_ratio": null,
            "price_fair": 116.55,
            "eps_avg_yearly": 3.33,
            "eps_latest_yearly": 3.32,
            "eps_growth_yearly": 220.22
        },
        "20123": {
            "year_quarter": 20123,
            "year": 2012,
            "quarter": 3,
            "eps": 0.63,
            "eps_growth_year": -55.72,
            "eps_4q": 2.54,
            "eps_4q_growth_year": 20.62,
            "roe": 4.04,
            "roe_4q": 16.57,
            "gross_profit": 66802,
            "gross_margin": 67.3,
            "gross_margin_4q_avg": 67.66,
            "net_income": 13794,
            "revenue": 99267,
            "common_shares": 218000,
            "book_valuer_per_share": 16.1,
            "book_valuer_per_share_4q_avg": 15.71,
            "equity": 351074,
            "current_ratio": 1095.76,
            "debt_ratio": 15.98,
            "inventory_turnover_ratio": 0.7,
            "account_receivable_turnover_ratio": 0.86,
            "reinvestment_rate": null,
            "research_to_sale_ratio": null,
            "price_fair": 110.88,
            "eps_avg_yearly": 3.17,
            "eps_latest_yearly": 2.52,
            "eps_growth_yearly": 156.9
        },
        "20124": {
            "year_quarter": 20124,
            "year": 2012,
            "quarter": 4,
            "eps": 1.03,
            "eps_growth_year": 267.66,
            "eps_4q": 3.28,
            "eps_4q_growth_year": 56.93,
            "roe": 6.21,
            "roe_4q": 20.61,
            "gross_profit": 76815,
            "gross_margin": 66.21,
            "gross_margin_4q_avg": 67.53,
            "net_income": 22409,
            "revenue": 116011,
            "common_shares": 218000,
            "book_valuer_per_share": 17.02,
            "book_valuer_per_share_4q_avg": 16.07,
            "equity": 371131,
            "current_ratio": 935.64,
            "debt_ratio": 17.47,
            "inventory_turnover_ratio": 0.89,
            "account_receivable_turnover_ratio": 1.02,
            "reinvestment_rate": null,
            "research_to_sale_ratio": null,
            "price_fair": 116.43,
            "eps_avg_yearly": 3.33,
            "eps_latest_yearly": 4.12,
            "eps_growth_yearly": 173.08
        },
        "20131": {
            "year_quarter": 20131,
            "year": 2013,
            "quarter": 1,
            "eps": 0.24,
            "eps_growth_year": -69.62,
            "eps_4q": 2.74,
            "eps_4q_growth_year": -5.02,
            "roe": 1.41,
            "roe_4q": 17.02,
            "gross_profit": 52858,
            "gross_margin": 68.18,
            "gross_margin_4q_avg": 68.02,
            "net_income": 5286,
            "revenue": 77526,
            "common_shares": 218000,
            "book_valuer_per_share": 17.47,
            "book_valuer_per_share_4q_avg": 16.45,
            "equity": 380787,
            "current_ratio": 1212.61,
            "debt_ratio": 15.38,
            "inventory_turnover_ratio": 0.51,
            "account_receivable_turnover_ratio": 0.72,
            "reinvestment_rate": null,
            "research_to_sale_ratio": null,
            "price_fair": 104.6,
            "eps_avg_yearly": 2.99,
            "eps_latest_yearly": 0.96,
            "eps_growth_yearly": 104.52
        },
        "20132": {
            "year_quarter": 20132,
            "year": 2013,
            "quarter": 2,
            "eps": 0.43,
            "eps_growth_year": -48.49,
            "eps_4q": 2.33,
            "eps_4q_growth_year": -25.76,
            "roe": 2.59,
            "roe_4q": 14.25,
            "gross_profit": 66872,
            "gross_margin": 67.49,
            "gross_margin_4q_avg": 67.3,
            "net_income": 9267,
            "revenue": 99086,
            "common_shares": 218000,
            "book_valuer_per_share": 15.42,
            "book_valuer_per_share_4q_avg": 16.5,
            "equity": 336066,
            "current_ratio": 428.64,
            "debt_ratio": 27.35,
            "inventory_turnover_ratio": 0.67,
            "account_receivable_turnover_ratio": 0.98,
            "reinvestment_rate": null,
            "research_to_sale_ratio": null,
            "price_fair": 99.05,
            "eps_avg_yearly": 2.83,
            "eps_latest_yearly": 1.72,
            "eps_growth_yearly": 131.04
        },
        "20133": {
            "year_quarter": 20133,
            "year": 2013,
            "quarter": 3,
            "eps": 0.31,
            "eps_growth_year": -51.01,
            "eps_4q": 2,
            "eps_4q_growth_year": -21.12,
            "roe": 1.97,
            "roe_4q": 12.18,
            "gross_profit": 62979,
            "gross_margin": 65.94,
            "gross_margin_4q_avg": 66.96,
            "net_income": 6656,
            "revenue": 95516,
            "common_shares": 218000,
            "book_valuer_per_share": 15.57,
            "book_valuer_per_share_4q_avg": 16.37,
            "equity": 339417,
            "current_ratio": 818.88,
            "debt_ratio": 18.44,
            "inventory_turnover_ratio": 0.72,
            "account_receivable_turnover_ratio": 0.94,
            "reinvestment_rate": null,
            "research_to_sale_ratio": null,
            "price_fair": 92.87,
            "eps_avg_yearly": 2.65,
            "eps_latest_yearly": 1.24,
            "eps_growth_yearly": 104.08
        },
        "20134": {
            "year_quarter": 20134,
            "year": 2013,
            "quarter": 4,
            "eps": -0.4,
            "eps_growth_year": -139.39,
            "eps_4q": 0.57,
            "eps_4q_growth_year": -82.71,
            "roe": -2.64,
            "roe_4q": 3.3299999999999996,
            "gross_profit": 55392,
            "gross_margin": 65.26,
            "gross_margin_4q_avg": 66.72,
            "net_income": -8828,
            "revenue": 84874,
            "common_shares": 218000,
            "book_valuer_per_share": 15.16,
            "book_valuer_per_share_4q_avg": 15.91,
            "equity": 330454,
            "current_ratio": 1058.65,
            "debt_ratio": 16.54,
            "inventory_turnover_ratio": 0.69,
            "account_receivable_turnover_ratio": 0.9,
            "reinvestment_rate": null,
            "research_to_sale_ratio": null,
            "price_fair": 92.87,
            "eps_avg_yearly": 2.65,
            "eps_latest_yearly": 1.24,
            "eps_growth_yearly": 104.08
        },
        "20141": {
            "year_quarter": 20141,
            "year": 2014,
            "quarter": 1,
            "eps": 0.17,
            "eps_growth_year": -29.17,
            "eps_4q": 0.5,
            "eps_4q_growth_year": -81.91,
            "roe": 1.1,
            "roe_4q": 3.0199999999999996,
            "gross_profit": 75183,
            "gross_margin": 73.51,
            "gross_margin_4q_avg": 68.05,
            "net_income": 3700,
            "revenue": 102280,
            "common_shares": 218000,
            "book_valuer_per_share": 15.73,
            "book_valuer_per_share_4q_avg": 15.47,
            "equity": 343017,
            "current_ratio": 685.46,
            "debt_ratio": 19.9,
            "inventory_turnover_ratio": 0.65,
            "account_receivable_turnover_ratio": 1.1,
            "reinvestment_rate": null,
            "research_to_sale_ratio": null,
            "price_fair": 92.87,
            "eps_avg_yearly": 2.65,
            "eps_latest_yearly": 1.24,
            "eps_growth_yearly": 104.08
        },
        "20142": {
            "year_quarter": 20142,
            "year": 2014,
            "quarter": 2,
            "eps": 0.02,
            "eps_growth_year": -95.35,
            "eps_4q": 0.1,
            "eps_4q_growth_year": -95.9,
            "roe": 0.14,
            "roe_4q": 0.5700000000000001,
            "gross_profit": 75782,
            "gross_margin": 67.96,
            "gross_margin_4q_avg": 68.17,
            "net_income": 441,
            "revenue": 111504,
            "common_shares": 218000,
            "book_valuer_per_share": 14.36,
            "book_valuer_per_share_4q_avg": 15.21,
            "equity": 296006,
            "current_ratio": 463.05,
            "debt_ratio": 20.12,
            "inventory_turnover_ratio": 0.88,
            "account_receivable_turnover_ratio": 0.99,
            "reinvestment_rate": 50.73,
            "research_to_sale_ratio": null,
            "price_fair": 83.86,
            "eps_avg_yearly": 2.4,
            "eps_latest_yearly": 0.08,
            "eps_growth_yearly": 58.38
        },
        "20143": {
            "year_quarter": 20143,
            "year": 2014,
            "quarter": 3,
            "eps": -0.1,
            "eps_growth_year": -132.26,
            "eps_4q": -0.34,
            "eps_4q_growth_year": -116.86,
            "roe": -0.74,
            "roe_4q": -2.14,
            "gross_profit": 61542,
            "gross_margin": 65.27,
            "gross_margin_4q_avg": 68,
            "net_income": -2130,
            "revenue": 94284,
            "common_shares": 202130,
            "book_valuer_per_share": 14.01,
            "book_valuer_per_share_4q_avg": 14.82,
            "equity": 283141,
            "current_ratio": 496.51,
            "debt_ratio": 18.62,
            "inventory_turnover_ratio": 0.84,
            "account_receivable_turnover_ratio": 0.85,
            "reinvestment_rate": 51.63,
            "research_to_sale_ratio": null,
            "price_fair": 83.86,
            "eps_avg_yearly": 2.4,
            "eps_latest_yearly": 0.08,
            "eps_growth_yearly": 58.38
        },
        "20144": {
            "year_quarter": 20144,
            "year": 2014,
            "quarter": 4,
            "eps": 1.05,
            "eps_growth_year": null,
            "eps_4q": 1.15,
            "eps_4q_growth_year": 101.88,
            "roe": 7.19,
            "roe_4q": 7.6899999999999995,
            "gross_profit": 97736,
            "gross_margin": 69.09,
            "gross_margin_4q_avg": 68.96,
            "net_income": 20762,
            "revenue": 141461,
            "common_shares": 202130,
            "book_valuer_per_share": 14.83,
            "book_valuer_per_share_4q_avg": 14.73,
            "equity": 294472,
            "current_ratio": 410.48,
            "debt_ratio": 22.04,
            "inventory_turnover_ratio": 0.96,
            "account_receivable_turnover_ratio": 1.3,
            "reinvestment_rate": 40.69,
            "research_to_sale_ratio": null,
            "price_fair": 83.86,
            "eps_avg_yearly": 2.4,
            "eps_latest_yearly": 0.08,
            "eps_growth_yearly": 58.38
        },
        "20151": {
            "year_quarter": 20151,
            "year": 2015,
            "quarter": 1,
            "eps": 0.13,
            "eps_growth_year": -23.53,
            "eps_4q": 1.11,
            "eps_4q_growth_year": 124.41,
            "roe": 0.92,
            "roe_4q": 7.510000000000001,
            "gross_profit": 73113,
            "gross_margin": 68.86,
            "gross_margin_4q_avg": 67.8,
            "net_income": 2625,
            "revenue": 106184,
            "common_shares": 195260,
            "book_valuer_per_share": 14.04,
            "book_valuer_per_share_4q_avg": 14.31,
            "equity": 274153,
            "current_ratio": 405.01,
            "debt_ratio": 22.07,
            "inventory_turnover_ratio": 0.61,
            "account_receivable_turnover_ratio": 0.89,
            "reinvestment_rate": 40.09,
            "research_to_sale_ratio": null,
            "price_fair": 69.45,
            "eps_avg_yearly": 2.23,
            "eps_latest_yearly": 0.52,
            "eps_growth_yearly": 21.21
        },
        "20152": {
            "year_quarter": 20152,
            "year": 2015,
            "quarter": 2,
            "eps": -0.1,
            "eps_growth_year": -600,
            "eps_4q": 0.99,
            "eps_4q_growth_year": 939.65,
            "roe": -0.7,
            "roe_4q": 6.67,
            "gross_profit": 87847,
            "gross_margin": 75.72,
            "gross_margin_4q_avg": 69.74,
            "net_income": -1863,
            "revenue": 116011,
            "common_shares": 195260,
            "book_valuer_per_share": 13.08,
            "book_valuer_per_share_4q_avg": 13.99,
            "equity": 255352,
            "current_ratio": 274.36,
            "debt_ratio": 30.31,
            "inventory_turnover_ratio": 0.47,
            "account_receivable_turnover_ratio": 0.92,
            "reinvestment_rate": 1.62,
            "research_to_sale_ratio": null,
            "price_fair": 69.45,
            "eps_avg_yearly": 2.23,
            "eps_latest_yearly": 0.52,
            "eps_growth_yearly": 21.21
        },
        "20153": {
            "year_quarter": 20153,
            "year": 2015,
            "quarter": 3,
            "eps": -0.5,
            "eps_growth_year": null,
            "eps_4q": 0.6,
            "eps_4q_growth_year": null,
            "roe": -3.96,
            "roe_4q": 3.45,
            "gross_profit": 86312,
            "gross_margin": 71.3,
            "gross_margin_4q_avg": 71.24,
            "net_income": -9848,
            "revenue": 121053,
            "common_shares": 195260,
            "book_valuer_per_share": 12.42,
            "book_valuer_per_share_4q_avg": 13.59,
            "equity": 242489,
            "current_ratio": 301.29,
            "debt_ratio": 27.27,
            "inventory_turnover_ratio": 0.51,
            "account_receivable_turnover_ratio": 1,
            "reinvestment_rate": -2.72,
            "research_to_sale_ratio": null,
            "price_fair": 5.63,
            "eps_avg_yearly": 1.88,
            "eps_latest_yearly": 0.52,
            "eps_growth_yearly": -22.04
        },
        "20154": {
            "year_quarter": 20154,
            "year": 2015,
            "quarter": 4,
            "eps": -0.66,
            "eps_growth_year": -163.52,
            "eps_4q": -1.13,
            "eps_4q_growth_year": -198.5,
            "roe": -5.58,
            "roe_4q": -9.319999999999999,
            "gross_profit": 89011,
            "gross_margin": 63.63,
            "gross_margin_4q_avg": 69.88,
            "net_income": -12965,
            "revenue": 139887,
            "common_shares": 195260,
            "book_valuer_per_share": 11.37,
            "book_valuer_per_share_4q_avg": 12.73,
            "equity": 222017,
            "current_ratio": 255.82,
            "debt_ratio": 30.92,
            "inventory_turnover_ratio": 0.7,
            "account_receivable_turnover_ratio": 1.2,
            "reinvestment_rate": -0.22,
            "research_to_sale_ratio": null,
            "price_fair": 41.65,
            "eps_avg_yearly": 1.96,
            "eps_latest_yearly": 0.52,
            "eps_growth_yearly": 11.25
        },
        "20161": {
            "year_quarter": 20161,
            "year": 2016,
            "quarter": 1,
            "eps": 0.47,
            "eps_growth_year": 261.54,
            "eps_4q": -0.8,
            "eps_4q_growth_year": -171.85,
            "roe": 3.92,
            "roe_4q": -6.32,
            "gross_profit": 97798,
            "gross_margin": 68.23,
            "gross_margin_4q_avg": 69.72,
            "net_income": 9087,
            "revenue": 143346,
            "common_shares": 195260,
            "book_valuer_per_share": 12.38,
            "book_valuer_per_share_4q_avg": 12.31,
            "equity": 241648,
            "current_ratio": 298.7,
            "debt_ratio": 31.75,
            "inventory_turnover_ratio": 0.62,
            "account_receivable_turnover_ratio": 1.09,
            "reinvestment_rate": -59.83,
            "research_to_sale_ratio": null,
            "price_fair": 5.43,
            "eps_avg_yearly": 1.81,
            "eps_latest_yearly": 0.52,
            "eps_growth_yearly": -78.42
        },
        "20162": {
            "year_quarter": 20162,
            "year": 2016,
            "quarter": 2,
            "eps": -0.56,
            "eps_growth_year": null,
            "eps_4q": -1.26,
            "eps_4q_growth_year": -227.24,
            "roe": -4.67,
            "roe_4q": -10.29,
            "gross_profit": 90120,
            "gross_margin": 64.72,
            "gross_margin_4q_avg": 66.97,
            "net_income": -10950,
            "revenue": 139255,
            "common_shares": 195260,
            "book_valuer_per_share": 11.63,
            "book_valuer_per_share_4q_avg": 11.95,
            "equity": 227025,
            "current_ratio": 252.32,
            "debt_ratio": 34.42,
            "inventory_turnover_ratio": 0.65,
            "account_receivable_turnover_ratio": 1.14,
            "reinvestment_rate": -92.18,
            "research_to_sale_ratio": null,
            "price_fair": 4.78,
            "eps_avg_yearly": 1.59,
            "eps_latest_yearly": 0.52,
            "eps_growth_yearly": -92.51
        },
        "20163": {
            "year_quarter": 20163,
            "year": 2016,
            "quarter": 3,
            "eps": 1.56,
            "eps_growth_year": null,
            "eps_4q": 0.8,
            "eps_4q_growth_year": 34.38,
            "roe": 12.92,
            "roe_4q": 6.59,
            "gross_profit": 92570,
            "gross_margin": 64.08,
            "gross_margin_4q_avg": 65.17,
            "net_income": 30518,
            "revenue": 144464,
            "common_shares": 195260,
            "book_valuer_per_share": 12.56,
            "book_valuer_per_share_4q_avg": 11.99,
            "equity": 245282,
            "current_ratio": 292.77,
            "debt_ratio": 30.05,
            "inventory_turnover_ratio": 0.72,
            "account_receivable_turnover_ratio": 1.16,
            "reinvestment_rate": -73.77,
            "research_to_sale_ratio": null,
            "price_fair": 4.32,
            "eps_avg_yearly": 1.44,
            "eps_latest_yearly": 0.52,
            "eps_growth_yearly": -91.87
        },
        "20164": {
            "year_quarter": 20164,
            "year": 2016,
            "quarter": 4,
            "eps": -0.74,
            "eps_growth_year": null,
            "eps_4q": 0.73,
            "eps_4q_growth_year": null,
            "roe": -6.18,
            "roe_4q": 5.99,
            "gross_profit": 77664,
            "gross_margin": 65.89,
            "gross_margin_4q_avg": 65.73,
            "net_income": -14462,
            "revenue": 117877,
            "common_shares": 195260,
            "book_valuer_per_share": 11.39,
            "book_valuer_per_share_4q_avg": 11.99,
            "equity": 222387,
            "current_ratio": 208.39,
            "debt_ratio": 41.36,
            "inventory_turnover_ratio": 0.5,
            "account_receivable_turnover_ratio": 0.87,
            "reinvestment_rate": -127.22,
            "research_to_sale_ratio": null,
            "price_fair": 2.71,
            "eps_avg_yearly": 0.9,
            "eps_latest_yearly": 0.52,
            "eps_growth_yearly": -161.03
        },
        "20171": {
            "year_quarter": 20171,
            "year": 2017,
            "quarter": 1,
            "eps": -0.43,
            "eps_growth_year": -191.49,
            "eps_4q": -0.17,
            "eps_4q_growth_year": null,
            "roe": -3.9,
            "roe_4q": -1.83,
            "gross_profit": 57632,
            "gross_margin": 62.44,
            "gross_margin_4q_avg": 64.28,
            "net_income": -8355,
            "revenue": 92303,
            "common_shares": 195260,
            "book_valuer_per_share": 10.55,
            "book_valuer_per_share_4q_avg": 11.53,
            "equity": 206008,
            "current_ratio": 228.63,
            "debt_ratio": 35.62,
            "inventory_turnover_ratio": 0.36,
            "account_receivable_turnover_ratio": 0.81,
            "reinvestment_rate": -250.22,
            "research_to_sale_ratio": null,
            "price_fair": 2.67,
            "eps_avg_yearly": 0.89,
            "eps_latest_yearly": 0.52,
            "eps_growth_yearly": -124.59
        },
        "20172": {
            "year_quarter": 20172,
            "year": 2017,
            "quarter": 2,
            "eps": -0.41,
            "eps_growth_year": null,
            "eps_4q": -0.02,
            "eps_4q_growth_year": null,
            "roe": -3.94,
            "roe_4q": -1.0999999999999996,
            "gross_profit": 79326,
            "gross_margin": 62.06,
            "gross_margin_4q_avg": 63.62,
            "net_income": -8048,
            "revenue": 127822,
            "common_shares": 195260,
            "book_valuer_per_share": 10.38,
            "book_valuer_per_share_4q_avg": 11.22,
            "equity": 202753,
            "current_ratio": 233.26,
            "debt_ratio": 35.63,
            "inventory_turnover_ratio": 0.53,
            "account_receivable_turnover_ratio": 1.22,
            "reinvestment_rate": null,
            "research_to_sale_ratio": null,
            "price_fair": 1.84,
            "eps_avg_yearly": 0.61,
            "eps_latest_yearly": 0.52,
            "eps_growth_yearly": -271.68
        },
        "20173": {
            "year_quarter": 20173,
            "year": 2017,
            "quarter": 3,
            "eps": -0.31,
            "eps_growth_year": -119.87,
            "eps_4q": -1.9,
            "eps_4q_growth_year": -335.84,
            "roe": -3.05,
            "roe_4q": -17.07,
            "gross_profit": 63562,
            "gross_margin": 56.53,
            "gross_margin_4q_avg": 61.73,
            "net_income": -6138,
            "revenue": 112435,
            "common_shares": 195260,
            "book_valuer_per_share": 10.22,
            "book_valuer_per_share_4q_avg": 10.64,
            "equity": 199608,
            "current_ratio": 155.91,
            "debt_ratio": 56.03,
            "inventory_turnover_ratio": 0.58,
            "account_receivable_turnover_ratio": 1,
            "reinvestment_rate": null,
            "research_to_sale_ratio": null,
            "price_fair": 0.9,
            "eps_avg_yearly": 0.3,
            "eps_latest_yearly": 0.52,
            "eps_growth_yearly": -351.71
        },
        "20174": {
            "year_quarter": 20174,
            "year": 2017,
            "quarter": 4,
            "eps": -0.81,
            "eps_growth_year": null,
            "eps_4q": -1.96,
            "eps_4q_growth_year": -370.24,
            "roe": -8.24,
            "roe_4q": -19.13,
            "gross_profit": 77586,
            "gross_margin": 65.39,
            "gross_margin_4q_avg": 61.61,
            "net_income": -15814,
            "revenue": 118658,
            "common_shares": 195260,
            "book_valuer_per_share": 9.43,
            "book_valuer_per_share_4q_avg": 10.15,
            "equity": 184188,
            "current_ratio": 208.16,
            "debt_ratio": 38.89,
            "inventory_turnover_ratio": 0.46,
            "account_receivable_turnover_ratio": 1.1,
            "reinvestment_rate": null,
            "research_to_sale_ratio": null,
            "price_fair": 0.9,
            "eps_avg_yearly": 0.3,
            "eps_latest_yearly": 0.52,
            "eps_growth_yearly": -351.71
        },
        "20181": {
            "year_quarter": 20181,
            "year": 2018,
            "quarter": 1,
            "eps": -0.04,
            "eps_growth_year": null,
            "eps_4q": -1.58,
            "eps_4q_growth_year": null,
            "roe": -0.41,
            "roe_4q": -15.639999999999999,
            "gross_profit": 64121,
            "gross_margin": 58.43,
            "gross_margin_4q_avg": 60.6,
            "net_income": -754,
            "revenue": 109740,
            "common_shares": 195260,
            "book_valuer_per_share": 9.59,
            "book_valuer_per_share_4q_avg": 9.91,
            "equity": 187337,
            "current_ratio": 198.57,
            "debt_ratio": 40.49,
            "inventory_turnover_ratio": 0.47,
            "account_receivable_turnover_ratio": 1.07,
            "reinvestment_rate": null,
            "research_to_sale_ratio": null,
            "price_fair": 0.9,
            "eps_avg_yearly": 0.3,
            "eps_latest_yearly": 0.52,
            "eps_growth_yearly": -351.71
        },
        "20182": {
            "year_quarter": 20182,
            "year": 2018,
            "quarter": 2,
            "eps": -0.39,
            "eps_growth_year": null,
            "eps_4q": -1.56,
            "eps_4q_growth_year": null,
            "roe": -4.17,
            "roe_4q": -15.870000000000001,
            "gross_profit": 69194,
            "gross_margin": 54.85,
            "gross_margin_4q_avg": 58.8,
            "net_income": -7681,
            "revenue": 126149,
            "common_shares": 195260,
            "book_valuer_per_share": 9.29,
            "book_valuer_per_share_4q_avg": 9.63,
            "equity": 181326,
            "current_ratio": 189.11,
            "debt_ratio": 43.53,
            "inventory_turnover_ratio": 0.61,
            "account_receivable_turnover_ratio": 1.12,
            "reinvestment_rate": null,
            "research_to_sale_ratio": null,
            "price_fair": 1.56,
            "eps_avg_yearly": 0.52,
            "eps_latest_yearly": 0.52,
            "eps_growth_yearly": -350.48
        },
        "20183": {
            "year_quarter": 20183,
            "year": 2018,
            "quarter": 3,
            "eps": 0.13,
            "eps_growth_year": null,
            "eps_4q": -0.88,
            "eps_4q_growth_year": null,
            "roe": 1.18,
            "roe_4q": -11.64,
            "gross_profit": 82028,
            "gross_margin": 62.38,
            "gross_margin_4q_avg": 60.26,
            "net_income": 2855,
            "revenue": 131498,
            "common_shares": 243260,
            "book_valuer_per_share": 12.42,
            "book_valuer_per_share_4q_avg": 10.18,
            "equity": 302098,
            "current_ratio": 271.97,
            "debt_ratio": 32.45,
            "inventory_turnover_ratio": 0.53,
            "account_receivable_turnover_ratio": 1.06,
            "reinvestment_rate": null,
            "research_to_sale_ratio": null,
            "price_fair": 1.56,
            "eps_avg_yearly": 0.52,
            "eps_latest_yearly": 0.52,
            "eps_growth_yearly": -350.48
        },
        "20184": {
            "year_quarter": 20184,
            "year": 2018,
            "quarter": 4,
            "eps": -1.57,
            "eps_growth_year": null,
            "eps_4q": -1.8,
            "eps_4q_growth_year": null,
            "roe": -13.01,
            "roe_4q": -16.41,
            "gross_profit": 54220,
            "gross_margin": 42.29,
            "gross_margin_4q_avg": 54.49,
            "net_income": -38114,
            "revenue": 128224,
            "common_shares": 243260,
            "book_valuer_per_share": 10.89,
            "book_valuer_per_share_4q_avg": 10.55,
            "equity": 283905,
            "current_ratio": 238.31,
            "debt_ratio": 36.6,
            "inventory_turnover_ratio": 0.76,
            "account_receivable_turnover_ratio": 1.22,
            "reinvestment_rate": null,
            "research_to_sale_ratio": null,
            "price_fair": 1.56,
            "eps_avg_yearly": 0.52,
            "eps_latest_yearly": 0.52,
            "eps_growth_yearly": -350.48
        },
        "20191": {
            "year_quarter": 20191,
            "year": 2019,
            "quarter": 1,
            "eps": -0.03,
            "eps_growth_year": null,
            "eps_4q": -1.8,
            "eps_4q_growth_year": null,
            "roe": -0.45,
            "roe_4q": -16.45,
            "gross_profit": 91041,
            "gross_margin": 52.29,
            "gross_margin_4q_avg": 52.95,
            "net_income": -1297,
            "revenue": 174124,
            "common_shares": 243260,
            "book_valuer_per_share": 11.06,
            "book_valuer_per_share_4q_avg": 10.92,
            "equity": 294505,
            "current_ratio": 220.88,
            "debt_ratio": 41.6,
            "inventory_turnover_ratio": 0.89,
            "account_receivable_turnover_ratio": 1.59,
            "reinvestment_rate": null,
            "research_to_sale_ratio": null,
            "price_fair": 0,
            "eps_avg_yearly": 0,
            "eps_latest_yearly": 0,
            "eps_growth_yearly": 0
        },
        "20192": {
            "year_quarter": 20192,
            "year": 2019,
            "quarter": 2,
            "eps": -0.96,
            "eps_growth_year": null,
            "eps_4q": -2.45,
            "eps_4q_growth_year": null,
            "roe": -8.39,
            "roe_4q": -20.67,
            "gross_profit": 67210,
            "gross_margin": 42.59,
            "gross_margin_4q_avg": 49.89,
            "net_income": -23701,
            "revenue": 157817,
            "common_shares": 243260,
            "book_valuer_per_share": 10.07,
            "book_valuer_per_share_4q_avg": 11.11,
            "equity": 270274,
            "current_ratio": 191.82,
            "debt_ratio": 47.66,
            "inventory_turnover_ratio": 1.03,
            "account_receivable_turnover_ratio": 1.12,
            "reinvestment_rate": null,
            "research_to_sale_ratio": null,
            "price_fair": 0,
            "eps_avg_yearly": 0,
            "eps_latest_yearly": 0,
            "eps_growth_yearly": 0
        },
        "20193": {
            "year_quarter": 20193,
            "year": 2019,
            "quarter": 3,
            "eps": -0.41,
            "eps_growth_year": -415.38,
            "eps_4q": -2.98,
            "eps_4q_growth_year": null,
            "roe": -3.93,
            "roe_4q": -25.78,
            "gross_profit": 97216,
            "gross_margin": 58.01,
            "gross_margin_4q_avg": 48.8,
            "net_income": -10314,
            "revenue": 167582,
            "common_shares": 243260,
            "book_valuer_per_share": 9.46,
            "book_valuer_per_share_4q_avg": 10.37,
            "equity": 254611,
            "current_ratio": 184.16,
            "debt_ratio": 48.89,
            "inventory_turnover_ratio": 0.7,
            "account_receivable_turnover_ratio": 1.29,
            "reinvestment_rate": null,
            "research_to_sale_ratio": null,
            "price_fair": 0,
            "eps_avg_yearly": 0,
            "eps_latest_yearly": 0,
            "eps_growth_yearly": 0
        },
        "20194": {
            "year_quarter": 20194,
            "year": 2019,
            "quarter": 4,
            "eps": -0.82,
            "eps_growth_year": null,
            "eps_4q": -2.23,
            "eps_4q_growth_year": null,
            "roe": -7.88,
            "roe_4q": -20.650000000000002,
            "gross_profit": 88150,
            "gross_margin": 41.37,
            "gross_margin_4q_avg": 48.57,
            "net_income": -19894,
            "revenue": 213099,
            "common_shares": 243260,
            "book_valuer_per_share": 8.59,
            "book_valuer_per_share_4q_avg": 9.8,
            "equity": 250229,
            "current_ratio": 173.51,
            "debt_ratio": 56.23,
            "inventory_turnover_ratio": 1.5,
            "account_receivable_turnover_ratio": 2.07,
            "reinvestment_rate": null,
            "research_to_sale_ratio": null,
            "price_fair": 0,
            "eps_avg_yearly": 0,
            "eps_latest_yearly": 0,
            "eps_growth_yearly": 0
        },
        "20201": {
            "year_quarter": 20201,
            "year": 2020,
            "quarter": 1,
            "eps": 1.12,
            "eps_growth_year": null,
            "eps_4q": -1.08,
            "eps_4q_growth_year": null,
            "roe": 8.61,
            "roe_4q": -11.590000000000002,
            "gross_profit": 84623,
            "gross_margin": 51.91,
            "gross_margin_4q_avg": 48.47,
            "net_income": 23484,
            "revenue": 163028,
            "common_shares": 243260,
            "book_valuer_per_share": 9.58,
            "book_valuer_per_share_4q_avg": 9.43,
            "equity": 295134,
            "current_ratio": 248.09,
            "debt_ratio": 40.15,
            "inventory_turnover_ratio": 1.52,
            "account_receivable_turnover_ratio": 1.31,
            "reinvestment_rate": null,
            "research_to_sale_ratio": 0.18,
            "price_fair": 0,
            "eps_avg_yearly": 0,
            "eps_latest_yearly": 0,
            "eps_growth_yearly": 0
        },
        "20202": {
            "year_quarter": 20202,
            "year": 2020,
            "quarter": 2,
            "eps": -0.26,
            "eps_growth_year": null,
            "eps_4q": -0.37,
            "eps_4q_growth_year": null,
            "roe": -2.58,
            "roe_4q": -5.780000000000001,
            "gross_profit": 40318,
            "gross_margin": 32.32,
            "gross_margin_4q_avg": 45.9,
            "net_income": -7429,
            "revenue": 124762,
            "common_shares": 243260,
            "book_valuer_per_share": 9.27,
            "book_valuer_per_share_4q_avg": 9.23,
            "equity": 281748,
            "current_ratio": 222.24,
            "debt_ratio": 43.33,
            "inventory_turnover_ratio": 1.87,
            "account_receivable_turnover_ratio": 0.8,
            "reinvestment_rate": null,
            "research_to_sale_ratio": 0,
            "price_fair": 0,
            "eps_avg_yearly": 0,
            "eps_latest_yearly": 0,
            "eps_growth_yearly": 0
        },
        "20203": {
            "year_quarter": 20203,
            "year": 2020,
            "quarter": 3,
            "eps": -0.91,
            "eps_growth_year": null,
            "eps_4q": -0.86,
            "eps_4q_growth_year": null,
            "roe": -8.23,
            "roe_4q": -10.080000000000002,
            "gross_profit": 31616,
            "gross_margin": 24.28,
            "gross_margin_4q_avg": 37.47,
            "net_income": -23031,
            "revenue": 130223,
            "common_shares": 243260,
            "book_valuer_per_share": 8.38,
            "book_valuer_per_share_4q_avg": 8.96,
            "equity": 278129,
            "current_ratio": 175.59,
            "debt_ratio": 48.22,
            "inventory_turnover_ratio": 3,
            "account_receivable_turnover_ratio": 0.8,
            "reinvestment_rate": null,
            "research_to_sale_ratio": 0,
            "price_fair": 0,
            "eps_avg_yearly": 0,
            "eps_latest_yearly": 0,
            "eps_growth_yearly": 0
        },
        "20204": {
            "year_quarter": 20204,
            "year": 2020,
            "quarter": 4,
            "eps": -1.11,
            "eps_growth_year": null,
            "eps_4q": -1.16,
            "eps_4q_growth_year": null,
            "roe": -9.18,
            "roe_4q": -11.380000000000003,
            "gross_profit": 34109,
            "gross_margin": 25.8,
            "gross_margin_4q_avg": 33.58,
            "net_income": -24604,
            "revenue": 132214,
            "common_shares": 243260,
            "book_valuer_per_share": 7.38,
            "book_valuer_per_share_4q_avg": 8.65,
            "equity": 257966,
            "current_ratio": 146.51,
            "debt_ratio": 50.64,
            "inventory_turnover_ratio": 4.28,
            "account_receivable_turnover_ratio": 0.8,
            "reinvestment_rate": null,
            "research_to_sale_ratio": 0,
            "price_fair": 0,
            "eps_avg_yearly": 0,
            "eps_latest_yearly": 0,
            "eps_growth_yearly": 0
        },
        "20211": {
            "year_quarter": 20211,
            "year": 2021,
            "quarter": 1,
            "eps": -0.77,
            "eps_growth_year": -168.75,
            "eps_4q": -2.58,
            "eps_4q_growth_year": null,
            "roe": -9.83,
            "roe_4q": -29.82,
            "gross_profit": 7674,
            "gross_margin": 6.95,
            "gross_margin_4q_avg": 22.34,
            "net_income": -31441,
            "revenue": 110385,
            "common_shares": 303155,
            "book_valuer_per_share": 9.46,
            "book_valuer_per_share_4q_avg": 8.62,
            "equity": 381508,
            "current_ratio": 200.85,
            "debt_ratio": 38.04,
            "inventory_turnover_ratio": 3.06,
            "account_receivable_turnover_ratio": 0.86,
            "reinvestment_rate": null,
            "research_to_sale_ratio": 1.62,
            "price_fair": 0,
            "eps_avg_yearly": 0,
            "eps_latest_yearly": 0,
            "eps_growth_yearly": 0
        },
        "20212": {
            "year_quarter": 20212,
            "year": 2021,
            "quarter": 2,
            "eps": -0.54,
            "eps_growth_year": null,
            "eps_4q": -2.9,
            "eps_4q_growth_year": null,
            "roe": -3.94,
            "roe_4q": -31.18,
            "gross_profit": 15280,
            "gross_margin": 15.69,
            "gross_margin_4q_avg": 18.18,
            "net_income": -14543,
            "revenue": 97402,
            "common_shares": 303155,
            "book_valuer_per_share": 8.67,
            "book_valuer_per_share_4q_avg": 8.47,
            "equity": 355898,
            "current_ratio": 157.02,
            "debt_ratio": 44.11,
            "inventory_turnover_ratio": 1.78,
            "account_receivable_turnover_ratio": 0.96,
            "reinvestment_rate": null,
            "research_to_sale_ratio": 0,
            "price_fair": 0,
            "eps_avg_yearly": 0,
            "eps_latest_yearly": 0,
            "eps_growth_yearly": 0
        },
        "20213": {
            "year_quarter": 20213,
            "year": 2021,
            "quarter": 3,
            "eps": -0.54,
            "eps_growth_year": null,
            "eps_4q": -2.39,
            "eps_4q_growth_year": null,
            "roe": -5.66,
            "roe_4q": -28.61,
            "gross_profit": 14187,
            "gross_margin": 11.36,
            "gross_margin_4q_avg": 14.95,
            "net_income": -21739,
            "revenue": 124920,
            "common_shares": 357200,
            "book_valuer_per_share": 9.49,
            "book_valuer_per_share_4q_avg": 8.75,
            "equity": 412677,
            "current_ratio": 142.03,
            "debt_ratio": 44.86,
            "inventory_turnover_ratio": 1.85,
            "account_receivable_turnover_ratio": 1.08,
            "reinvestment_rate": null,
            "research_to_sale_ratio": 0,
            "price_fair": 0,
            "eps_avg_yearly": 0,
            "eps_latest_yearly": 0,
            "eps_growth_yearly": 0
        },
        "20214": {
            "year_quarter": 20214,
            "year": 2021,
            "quarter": 4,
            "eps": -0.29,
            "eps_growth_year": null,
            "eps_4q": -1.93,
            "eps_4q_growth_year": null,
            "roe": -4.46,
            "roe_4q": -23.89,
            "gross_profit": -19111,
            "gross_margin": -28.1,
            "gross_margin_4q_avg": 1.48,
            "net_income": -18078,
            "revenue": 68005,
            "common_shares": 357200,
            "book_valuer_per_share": 9.28,
            "book_valuer_per_share_4q_avg": 9.23,
            "equity": 397757,
            "current_ratio": 138.29,
            "debt_ratio": 41.27,
            "inventory_turnover_ratio": 1.24,
            "account_receivable_turnover_ratio": 0.73,
            "reinvestment_rate": null,
            "research_to_sale_ratio": 0.6,
            "price_fair": 0,
            "eps_avg_yearly": 0,
            "eps_latest_yearly": 0,
            "eps_growth_yearly": 0
        },
        "20221": {
            "year_quarter": 20221,
            "year": 2022,
            "quarter": 1,
            "eps": -0.11,
            "eps_growth_year": null,
            "eps_4q": -1.4,
            "eps_4q_growth_year": null,
            "roe": -1.35,
            "roe_4q": -15.41,
            "gross_profit": 12762,
            "gross_margin": 12.97,
            "gross_margin_4q_avg": 2.98,
            "net_income": -5368,
            "revenue": 98403,
            "common_shares": 357200,
            "book_valuer_per_share": 9.59,
            "book_valuer_per_share_4q_avg": 9.26,
            "equity": 396929,
            "current_ratio": 121.66,
            "debt_ratio": 48.04,
            "inventory_turnover_ratio": 1.35,
            "account_receivable_turnover_ratio": 1.51,
            "reinvestment_rate": null,
            "research_to_sale_ratio": 0,
            "price_fair": 0,
            "eps_avg_yearly": 0,
            "eps_latest_yearly": 0,
            "eps_growth_yearly": 0
        },
        "20222": {
            "year_quarter": 20222,
            "year": 2022,
            "quarter": 2,
            "eps": 0.03,
            "eps_growth_year": null,
            "eps_4q": -0.92,
            "eps_4q_growth_year": null,
            "roe": 0.46,
            "roe_4q": -11.01,
            "gross_profit": 25072,
            "gross_margin": 18.81,
            "gross_margin_4q_avg": 3.76,
            "net_income": 1829,
            "revenue": 133267,
            "common_shares": 357200,
            "book_valuer_per_share": 9.49,
            "book_valuer_per_share_4q_avg": 9.46,
            "equity": 393459,
            "current_ratio": 113.52,
            "debt_ratio": 53.88,
            "inventory_turnover_ratio": 1.43,
            "account_receivable_turnover_ratio": 1.78,
            "reinvestment_rate": null,
            "research_to_sale_ratio": 0.24,
            "price_fair": 0,
            "eps_avg_yearly": 0,
            "eps_latest_yearly": 0,
            "eps_growth_yearly": 0
        },
        "20223": {
            "year_quarter": 20223,
            "year": 2022,
            "quarter": 3,
            "eps": -0.45,
            "eps_growth_year": null,
            "eps_4q": -0.82,
            "eps_4q_growth_year": null,
            "roe": -5.01,
            "roe_4q": -10.36,
            "gross_profit": 5781,
            "gross_margin": 5.86,
            "gross_margin_4q_avg": 2.39,
            "net_income": -19239,
            "revenue": 98649,
            "common_shares": 357200,
            "book_valuer_per_share": 9.06,
            "book_valuer_per_share_4q_avg": 9.36,
            "equity": 374849,
            "current_ratio": 108.02,
            "debt_ratio": 54.99,
            "inventory_turnover_ratio": 0.95,
            "account_receivable_turnover_ratio": 1.21,
            "reinvestment_rate": null,
            "research_to_sale_ratio": 0.33,
            "price_fair": 0,
            "eps_avg_yearly": 0,
            "eps_latest_yearly": 0,
            "eps_growth_yearly": 0
        },
        "20224": {
            "year_quarter": 20224,
            "year": 2022,
            "quarter": 4,
            "eps": -0.45,
            "eps_growth_year": null,
            "eps_4q": -0.98,
            "eps_4q_growth_year": null,
            "roe": -4.91,
            "roe_4q": -10.809999999999999,
            "gross_profit": -2447,
            "gross_margin": -2.24,
            "gross_margin_4q_avg": 8.85,
            "net_income": -18251,
            "revenue": 109241,
            "common_shares": 357200,
            "book_valuer_per_share": 8.88,
            "book_valuer_per_share_4q_avg": 9.26,
            "equity": 368496,
            "current_ratio": 100.97,
            "debt_ratio": 56.43,
            "inventory_turnover_ratio": 0.89,
            "account_receivable_turnover_ratio": 1.3,
            "reinvestment_rate": null,
            "research_to_sale_ratio": 0,
            "price_fair": 0,
            "eps_avg_yearly": 0,
            "eps_latest_yearly": 0,
            "eps_growth_yearly": 0
        },
        "20231": {
            "year_quarter": 20231,
            "year": 2023,
            "quarter": 1,
            "eps": -0.28,
            "eps_growth_year": null,
            "eps_4q": -1.15,
            "eps_4q_growth_year": null,
            "roe": -3.01,
            "roe_4q": -12.469999999999999,
            "gross_profit": 10519,
            "gross_margin": 9.49,
            "gross_margin_4q_avg": 7.98,
            "net_income": -10924,
            "revenue": 110872,
            "common_shares": 357200,
            "book_valuer_per_share": 8.62,
            "book_valuer_per_share_4q_avg": 9.01,
            "equity": 358475,
            "current_ratio": 101.85,
            "debt_ratio": 55.68,
            "inventory_turnover_ratio": 0.7,
            "account_receivable_turnover_ratio": 1.24,
            "reinvestment_rate": null,
            "research_to_sale_ratio": null,
            "price_fair": 0,
            "eps_avg_yearly": 0,
            "eps_latest_yearly": 0,
            "eps_growth_yearly": 0
        }
    },
    "months": {
        "2011-07": {
            "month": "2011-07",
            "price": "79.98",
            "revenue": 55138
        },
        "2011-08": {
            "month": "2011-08",
            "price": "74.10",
            "revenue": 31955
        },
        "2011-09": {
            "month": "2011-09",
            "price": "73.79",
            "revenue": 32436
        },
        "2011-10": {
            "month": "2011-10",
            "price": "74.50",
            "revenue": 32605
        },
        "2011-11": {
            "month": "2011-11",
            "price": "65.70",
            "revenue": 29787
        },
        "2011-12": {
            "month": "2011-12",
            "price": "47.50",
            "revenue": 27429
        },
        "2012-01": {
            "month": "2012-01",
            "price": "44.17",
            "revenue": 26794
        },
        "2012-02": {
            "month": "2012-02",
            "price": "57.48",
            "revenue": 29006
        },
        "2012-03": {
            "month": "2012-03",
            "price": "52.60",
            "revenue": 37382
        },
        "2012-04": {
            "month": "2012-04",
            "price": "41.48",
            "revenue": 27739
        },
        "2012-05": {
            "month": "2012-05",
            "price": "37.93",
            "revenue": 33826
        },
        "2012-06": {
            "month": "2012-06",
            "price": "37.41",
            "revenue": 38950
        },
        "2012-07": {
            "month": "2012-07",
            "price": "38.31",
            "revenue": 30837
        },
        "2012-08": {
            "month": "2012-08",
            "price": "43.28",
            "revenue": 22595
        },
        "2012-09": {
            "month": "2012-09",
            "price": "41.11",
            "revenue": 44443
        },
        "2012-10": {
            "month": "2012-10",
            "price": "37.92",
            "revenue": 44236
        },
        "2012-11": {
            "month": "2012-11",
            "price": "31.51",
            "revenue": 30394
        },
        "2012-12": {
            "month": "2012-12",
            "price": "33.19",
            "revenue": 44811
        },
        "2013-01": {
            "month": "2013-01",
            "price": "35.11",
            "revenue": 24446
        },
        "2013-02": {
            "month": "2013-02",
            "price": "37.35",
            "revenue": 21042
        },
        "2013-03": {
            "month": "2013-03",
            "price": "36.30",
            "revenue": 31763
        },
        "2013-04": {
            "month": "2013-04",
            "price": "36.02",
            "revenue": 36393
        },
        "2013-05": {
            "month": "2013-05",
            "price": "34.18",
            "revenue": 30102
        },
        "2013-06": {
            "month": "2013-06",
            "price": "32.56",
            "revenue": 32187
        },
        "2013-07": {
            "month": "2013-07",
            "price": "30.70",
            "revenue": 25775
        },
        "2013-08": {
            "month": "2013-08",
            "price": "27.56",
            "revenue": 39382
        },
        "2013-09": {
            "month": "2013-09",
            "price": "27.91",
            "revenue": 32775
        },
        "2013-10": {
            "month": "2013-10",
            "price": "27.12",
            "revenue": 37652
        },
        "2013-11": {
            "month": "2013-11",
            "price": "24.55",
            "revenue": 21049
        },
        "2013-12": {
            "month": "2013-12",
            "price": "23.18",
            "revenue": 30528
        },
        "2014-01": {
            "month": "2014-01",
            "price": "25.99",
            "revenue": 28583
        },
        "2014-02": {
            "month": "2014-02",
            "price": "26.46",
            "revenue": 29214
        },
        "2014-03": {
            "month": "2014-03",
            "price": "28.81",
            "revenue": 45382
        },
        "2014-04": {
            "month": "2014-04",
            "price": "27.55",
            "revenue": 31633
        },
        "2014-05": {
            "month": "2014-05",
            "price": "26.89",
            "revenue": 46659
        },
        "2014-06": {
            "month": "2014-06",
            "price": "28.14",
            "revenue": 32511
        },
        "2014-07": {
            "month": "2014-07",
            "price": "28.98",
            "revenue": 30621
        },
        "2014-08": {
            "month": "2014-08",
            "price": "27.20",
            "revenue": 37537
        },
        "2014-09": {
            "month": "2014-09",
            "price": "25.82",
            "revenue": 33410
        },
        "2014-10": {
            "month": "2014-10",
            "price": "23.06",
            "revenue": 45936
        },
        "2014-11": {
            "month": "2014-11",
            "price": "22.26",
            "revenue": 38511
        },
        "2014-12": {
            "month": "2014-12",
            "price": "23.52",
            "revenue": 58030
        },
        "2015-01": {
            "month": "2015-01",
            "price": "24.38",
            "revenue": 40553
        },
        "2015-02": {
            "month": "2015-02",
            "price": "23.69",
            "revenue": 34938
        },
        "2015-03": {
            "month": "2015-03",
            "price": "23.75",
            "revenue": 31746
        },
        "2015-04": {
            "month": "2015-04",
            "price": "24.18",
            "revenue": 36192
        },
        "2015-05": {
            "month": "2015-05",
            "price": "23.49",
            "revenue": 39212
        },
        "2015-06": {
            "month": "2015-06",
            "price": "22.55",
            "revenue": 42416
        },
        "2015-07": {
            "month": "2015-07",
            "price": "21.76",
            "revenue": 42154
        },
        "2015-08": {
            "month": "2015-08",
            "price": "18.82",
            "revenue": 43560
        },
        "2015-09": {
            "month": "2015-09",
            "price": "18.00",
            "revenue": 39294
        },
        "2015-10": {
            "month": "2015-10",
            "price": "22.51",
            "revenue": 42952
        },
        "2015-11": {
            "month": "2015-11",
            "price": "22.35",
            "revenue": 54423
        },
        "2015-12": {
            "month": "2015-12",
            "price": "22.94",
            "revenue": 46549
        },
        "2016-01": {
            "month": "2016-01",
            "price": "20.67",
            "revenue": 44342
        },
        "2016-02": {
            "month": "2016-02",
            "price": "20.17",
            "revenue": 46792
        },
        "2016-03": {
            "month": "2016-03",
            "price": "21.56",
            "revenue": 51000
        },
        "2016-04": {
            "month": "2016-04",
            "price": "20.73",
            "revenue": 56193
        },
        "2016-05": {
            "month": "2016-05",
            "price": "25.27",
            "revenue": 45646
        },
        "2016-06": {
            "month": "2016-06",
            "price": "29.20",
            "revenue": 35856
        },
        "2016-07": {
            "month": "2016-07",
            "price": "25.04",
            "revenue": 32463
        },
        "2016-08": {
            "month": "2016-08",
            "price": "24.09",
            "revenue": 59557
        },
        "2016-09": {
            "month": "2016-09",
            "price": "21.36",
            "revenue": 54349
        },
        "2016-10": {
            "month": "2016-10",
            "price": "19.71",
            "revenue": 43403
        },
        "2016-11": {
            "month": "2016-11",
            "price": "19.65",
            "revenue": 34284
        },
        "2016-12": {
            "month": "2016-12",
            "price": "20.03",
            "revenue": 48286
        },
        "2017-01": {
            "month": "2017-01",
            "price": "20.06",
            "revenue": 41942
        },
        "2017-02": {
            "month": "2017-02",
            "price": "21.20",
            "revenue": 16786
        },
        "2017-03": {
            "month": "2017-03",
            "price": "20.91",
            "revenue": 19364
        },
        "2017-04": {
            "month": "2017-04",
            "price": "19.61",
            "revenue": 46276
        },
        "2017-05": {
            "month": "2017-05",
            "price": "21.70",
            "revenue": 44926
        },
        "2017-06": {
            "month": "2017-06",
            "price": "26.78",
            "revenue": 36669
        },
        "2017-07": {
            "month": "2017-07",
            "price": "28.34",
            "revenue": 38421
        },
        "2017-08": {
            "month": "2017-08",
            "price": "32.50",
            "revenue": 44299
        },
        "2017-09": {
            "month": "2017-09",
            "price": "30.02",
            "revenue": 28934
        },
        "2017-10": {
            "month": "2017-10",
            "price": "27.34",
            "revenue": 27038
        },
        "2017-11": {
            "month": "2017-11",
            "price": "23.79",
            "revenue": 38638
        },
        "2017-12": {
            "month": "2017-12",
            "price": "22.82",
            "revenue": 37393
        },
        "2018-01": {
            "month": "2018-01",
            "price": "22.72",
            "revenue": 48060
        },
        "2018-02": {
            "month": "2018-02",
            "price": "21.73",
            "revenue": 27084
        },
        "2018-03": {
            "month": "2018-03",
            "price": "23.77",
            "revenue": 38951
        },
        "2018-04": {
            "month": "2018-04",
            "price": "23.86",
            "revenue": 39475
        },
        "2018-05": {
            "month": "2018-05",
            "price": "23.61",
            "revenue": 51168
        },
        "2018-06": {
            "month": "2018-06",
            "price": "24.05",
            "revenue": 34538
        },
        "2018-07": {
            "month": "2018-07",
            "price": "22.94",
            "revenue": 46127
        },
        "2018-08": {
            "month": "2018-08",
            "price": "23.62",
            "revenue": 52494
        },
        "2018-09": {
            "month": "2018-09",
            "price": "23.10",
            "revenue": 35033
        },
        "2018-10": {
            "month": "2018-10",
            "price": "22.11",
            "revenue": 43378
        },
        "2018-11": {
            "month": "2018-11",
            "price": "20.65",
            "revenue": 46073
        },
        "2018-12": {
            "month": "2018-12",
            "price": "20.41",
            "revenue": 54257
        },
        "2019-01": {
            "month": "2019-01",
            "price": "21.13",
            "revenue": 52552
        },
        "2019-02": {
            "month": "2019-02",
            "price": "21.13",
            "revenue": 59168
        },
        "2019-03": {
            "month": "2019-03",
            "price": "22.62",
            "revenue": 57416
        },
        "2019-04": {
            "month": "2019-04",
            "price": "23.13",
            "revenue": 74094
        },
        "2019-05": {
            "month": "2019-05",
            "price": "22.49",
            "revenue": 45497
        },
        "2019-06": {
            "month": "2019-06",
            "price": "21.93",
            "revenue": 38056
        },
        "2019-07": {
            "month": "2019-07",
            "price": "27.22",
            "revenue": 69562
        },
        "2019-08": {
            "month": "2019-08",
            "price": "31.46",
            "revenue": 49362
        },
        "2019-09": {
            "month": "2019-09",
            "price": "31.77",
            "revenue": 42107
        },
        "2019-10": {
            "month": "2019-10",
            "price": "31.46",
            "revenue": 62158
        },
        "2019-11": {
            "month": "2019-11",
            "price": "29.61",
            "revenue": 79708
        },
        "2019-12": {
            "month": "2019-12",
            "price": "29.98",
            "revenue": 76136
        },
        "2020-01": {
            "month": "2020-01",
            "price": "29.52",
            "revenue": 71920
        },
        "2020-02": {
            "month": "2020-02",
            "price": "28.43",
            "revenue": 35961
        },
        "2020-03": {
            "month": "2020-03",
            "price": "26.43",
            "revenue": 54984
        },
        "2020-04": {
            "month": "2020-04",
            "price": "27.20",
            "revenue": 37453
        },
        "2020-05": {
            "month": "2020-05",
            "price": "34.48",
            "revenue": 35942
        },
        "2020-06": {
            "month": "2020-06",
            "price": "33.35",
            "revenue": 52585
        },
        "2020-07": {
            "month": "2020-07",
            "price": "33.73",
            "revenue": 33388
        },
        "2020-08": {
            "month": "2020-08",
            "price": "32.25",
            "revenue": 49179
        },
        "2020-09": {
            "month": "2020-09",
            "price": "32.05",
            "revenue": 47986
        },
        "2020-10": {
            "month": "2020-10",
            "price": "31.90",
            "revenue": 49665
        },
        "2020-11": {
            "month": "2020-11",
            "price": "30.04",
            "revenue": 48541
        },
        "2020-12": {
            "month": "2020-12",
            "price": "28.86",
            "revenue": 51954
        },
        "2021-01": {
            "month": "2021-01",
            "price": "27.82",
            "revenue": 50338
        },
        "2021-02": {
            "month": "2021-02",
            "price": "28.33",
            "revenue": 26876
        },
        "2021-03": {
            "month": "2021-03",
            "price": "28.24",
            "revenue": 33229
        },
        "2021-04": {
            "month": "2021-04",
            "price": "27.88",
            "revenue": 27472
        },
        "2021-05": {
            "month": "2021-05",
            "price": "26.92",
            "revenue": 32264
        },
        "2021-06": {
            "month": "2021-06",
            "price": "26.95",
            "revenue": 36917
        },
        "2021-07": {
            "month": "2021-07",
            "price": "24.94",
            "revenue": 41625
        },
        "2021-08": {
            "month": "2021-08",
            "price": "28.10",
            "revenue": 45434
        },
        "2021-09": {
            "month": "2021-09",
            "price": "48.84",
            "revenue": 37714
        },
        "2021-10": {
            "month": "2021-10",
            "price": "54.35",
            "revenue": 23889
        },
        "2021-11": {
            "month": "2021-11",
            "price": "57.38",
            "revenue": 24954
        },
        "2021-12": {
            "month": "2021-12",
            "price": "54.37",
            "revenue": 13696
        },
        "2022-01": {
            "month": "2022-01",
            "price": "44.61",
            "revenue": 25742
        },
        "2022-02": {
            "month": "2022-02",
            "price": "42.31",
            "revenue": 38111
        },
        "2022-03": {
            "month": "2022-03",
            "price": "41.54",
            "revenue": 34549
        },
        "2022-04": {
            "month": "2022-04",
            "price": "39.98",
            "revenue": 45627
        },
        "2022-05": {
            "month": "2022-05",
            "price": "40.50",
            "revenue": 43586
        },
        "2022-06": {
            "month": "2022-06",
            "price": "45.30",
            "revenue": 44195
        },
        "2022-07": {
            "month": "2022-07",
            "price": "44.49",
            "revenue": 31931
        },
        "2022-08": {
            "month": "2022-08",
            "price": "44.79",
            "revenue": 31853
        },
        "2022-09": {
            "month": "2022-09",
            "price": "44.90",
            "revenue": 34962
        },
        "2022-10": {
            "month": "2022-10",
            "price": "44.99",
            "revenue": 30757
        },
        "2022-11": {
            "month": "2022-11",
            "price": "43.92",
            "revenue": 34747
        },
        "2022-12": {
            "month": "2022-12",
            "price": "40.81",
            "revenue": 43875
        },
        "2023-01": {
            "month": "2023-01",
            "price": "39.59",
            "revenue": 41444
        },
        "2023-02": {
            "month": "2023-02",
            "price": "36.31",
            "revenue": 43305
        },
        "2023-03": {
            "month": "2023-03",
            "price": "35.57",
            "revenue": 26123
        },
        "2023-04": {
            "month": "2023-04",
            "price": "31.24",
            "revenue": 23420
        },
        "2023-05": {
            "month": "2023-05",
            "price": "30.22",
            "revenue": 24437
        }
    }
}
