{
    "summary": {
        "stock_name": "訊映",
        "stock_id": "4155",
        "category": "生技醫療",
        "main_business": "醫療器材製造業<br>醫療器材設備業<br>醫療器材零售業",
        "website_url": "http://www.okbiotech.com",
        "ceo": "賴家德",
        "pe_ratio": 100,
        "report_year_from": 2010,
        "report_year_to": 2023,
        "age": 14,
        "eps_negative_percentage": 0,
        "eps_growth_avg": {
            "last_all": -12.25,
            "last_2y": -16.53,
            "last_4y": -15.94,
            "last_8y": null,
            "last_12y": null,
            "last_16y": null,
            "last_20y": null,
            "at_2006_last_3y": null,
            "at_2007_last_3y": null,
            "at_2008_last_3y": null,
            "at_2009_last_3y": null,
            "at_2010_last_3y": null,
            "at_2011_last_3y": null,
            "at_2012_last_3y": null,
            "at_2013_last_3y": null,
            "at_2014_last_3y": null,
            "at_2015_last_3y": null,
            "at_2016_last_3y": null,
            "at_2017_last_3y": null,
            "at_2018_last_3y": null,
            "at_2019_last_3y": null,
            "at_2020_last_3y": null,
            "at_2021_last_3y": -22.34,
            "at_2022_last_3y": -0.15,
            "at_2023_last_3y": -14.19,
            "at_2024_last_3y": -14.19,
            "at_2006_last_all": null,
            "at_2007_last_all": null,
            "at_2008_last_all": null,
            "at_2009_last_all": null,
            "at_2010_last_all": null,
            "at_2011_last_all": null,
            "at_2012_last_all": null,
            "at_2013_last_all": null,
            "at_2014_last_all": null,
            "at_2015_last_all": null,
            "at_2016_last_all": null,
            "at_2017_last_all": null,
            "at_2018_last_all": -3.04,
            "at_2019_last_all": -9.67,
            "at_2020_last_all": -9.04,
            "at_2021_last_all": -21.33,
            "at_2022_last_all": -1.11,
            "at_2023_last_all": -12.25,
            "at_2024_last_all": -12.25
        },
        "latest_eps": 0.19,
        "latest_price": 24.55,
        "latest_roe": 1.1,
        "latest_gross_margin": 12.28,
        "latest_equity": 2385733,
        "latest_revenue": 275700,
        "latest_gross_profit": 33844,
        "latest_net_income": -920,
        "latest_debt_ratio": 26.03,
        "latest_current_ratio": 200.62,
        "latest_account_receivable_turnover_ratio": 0.64,
        "latest_inventory_turnover_ratio": 0.64,
        "latest_reinvestment_rate": 88.76,
        "latest_research_to_sale_ratio": 2.55
    },
    "eps_dividends": {
        "2001": {
            "cash": 0,
            "stock": 0,
            "eps": 0
        },
        "2002": {
            "cash": 0,
            "stock": 0,
            "eps": 0
        },
        "2003": {
            "cash": 0,
            "stock": 0,
            "eps": 0
        },
        "2004": {
            "cash": 0,
            "stock": 0,
            "eps": 0
        },
        "2005": {
            "cash": 0,
            "stock": 0,
            "eps": 0
        },
        "2006": {
            "cash": 0,
            "stock": 0,
            "eps": 0
        },
        "2007": {
            "cash": 0,
            "stock": 0,
            "eps": 0
        },
        "2008": {
            "cash": 0,
            "stock": 0,
            "eps": 0
        },
        "2009": {
            "cash": 0,
            "stock": 0,
            "eps": 0
        },
        "2010": {
            "cash": 0,
            "stock": 0,
            "eps": 0
        },
        "2011": {
            "cash": 2.19,
            "stock": 3.5,
            "eps": 0
        },
        "2012": {
            "cash": 0,
            "stock": 0,
            "eps": 2.37
        },
        "2013": {
            "cash": 0.4,
            "stock": 3,
            "eps": 0
        },
        "2014": {
            "cash": 0.4,
            "stock": 3,
            "eps": 0
        },
        "2015": {
            "cash": 0.2,
            "stock": 2,
            "eps": 0
        },
        "2016": {
            "cash": 1.55,
            "stock": 0,
            "eps": 0
        },
        "2017": {
            "cash": 1.55,
            "stock": 0,
            "eps": 1.96
        },
        "2018": {
            "cash": 1.52,
            "stock": 0.3,
            "eps": 2.18
        },
        "2019": {
            "cash": 2.25,
            "stock": 0,
            "eps": 1.68
        },
        "2020": {
            "cash": 1.45,
            "stock": 0,
            "eps": 1.56
        },
        "2021": {
            "cash": 1.4,
            "stock": 0,
            "eps": 0.46
        },
        "2022": {
            "cash": 1,
            "stock": 0,
            "eps": 1.53
        },
        "2023": {
            "cash": 1.26,
            "stock": 1.04,
            "eps": 0.32
        }
    },
    "dividends": {
        "2011-01-01": {
            "cash": 1.64,
            "stock": 1.9
        },
        "2011-03-10": {
            "cash": 0.55,
            "stock": 1.6
        },
        "2013-06-24": {
            "cash": 0.4,
            "stock": 3
        },
        "2014-08-29": {
            "cash": 0.4,
            "stock": 3
        },
        "2015-10-30": {
            "cash": 0.2,
            "stock": 2
        },
        "2016-03-22": {
            "cash": 1.55,
            "stock": 0
        },
        "2017-07-12": {
            "cash": 1.55,
            "stock": 0
        },
        "2018-03-14": {
            "cash": 1.52,
            "stock": 0.3
        },
        "2019-07-18": {
            "cash": 2.25,
            "stock": 0
        },
        "2020-07-15": {
            "cash": 1.45,
            "stock": 0
        },
        "2021-07-28": {
            "cash": 1.4,
            "stock": 0
        },
        "2022-07-28": {
            "cash": 1,
            "stock": 0
        },
        "2023-10-20": {
            "cash": 1.26,
            "stock": 1.04
        }
    },
    "prices": {
        "200101": "無",
        "200102": "無",
        "200103": "無",
        "200104": "無",
        "200105": "無",
        "200106": "無",
        "200107": "無",
        "200108": "無",
        "200109": "無",
        "200110": "無",
        "200111": "無",
        "200112": "無",
        "200201": "無",
        "200202": "無",
        "200203": "無",
        "200204": "無",
        "200205": "無",
        "200206": "無",
        "200207": "無",
        "200208": "無",
        "200209": "無",
        "200210": "無",
        "200211": "無",
        "200212": "無",
        "200301": "無",
        "200302": "無",
        "200303": "無",
        "200304": "無",
        "200305": "無",
        "200306": "無",
        "200307": "無",
        "200308": "無",
        "200309": "無",
        "200310": "無",
        "200311": "無",
        "200312": "無",
        "200401": "無",
        "200402": "無",
        "200403": "無",
        "200404": "無",
        "200405": "無",
        "200406": "無",
        "200407": "無",
        "200408": "無",
        "200409": "無",
        "200410": "無",
        "200411": "無",
        "200412": "無",
        "200501": "無",
        "200502": "無",
        "200503": "無",
        "200504": "無",
        "200505": "無",
        "200506": "無",
        "200507": "無",
        "200508": "無",
        "200509": "無",
        "200510": "無",
        "200511": "無",
        "200512": "無",
        "200601": "無",
        "200602": "無",
        "200603": "無",
        "200604": "無",
        "200605": "無",
        "200606": "無",
        "200607": "無",
        "200608": "無",
        "200609": "無",
        "200610": "無",
        "200611": "無",
        "200612": "無",
        "200701": "無",
        "200702": "無",
        "200703": "無",
        "200704": "無",
        "200705": "無",
        "200706": "無",
        "200707": "無",
        "200708": "無",
        "200709": "無",
        "200710": "無",
        "200711": "無",
        "200712": "無",
        "200801": "無",
        "200802": "無",
        "200803": "無",
        "200804": "無",
        "200805": "無",
        "200806": "無",
        "200807": "無",
        "200808": "無",
        "200809": "無",
        "200810": "無",
        "200811": "無",
        "200812": "無",
        "200901": "無",
        "200902": "無",
        "200903": "無",
        "200904": "無",
        "200905": "無",
        "200906": "無",
        "200907": "無",
        "200908": "無",
        "200909": "無",
        "200910": "無",
        "200911": "無",
        "200912": "無",
        "201001": "無",
        "201002": "無",
        "201003": "無",
        "201004": "無",
        "201005": "無",
        "201006": "無",
        "201007": "無",
        "201008": "無",
        "201009": "無",
        "201010": "無",
        "201011": "無",
        "201012": "44.26",
        "201101": "40.52",
        "201102": "38.95",
        "201103": "37.75",
        "201104": "37.26",
        "201105": "37.05",
        "201106": "34.97",
        "201107": "27.36",
        "201108": "23.25",
        "201109": "26.70",
        "201110": "31.17",
        "201111": "31.58",
        "201112": "31.96",
        "201201": "34.79",
        "201202": "40.97",
        "201203": "46.94",
        "201204": "56.35",
        "201205": "51.46",
        "201206": "41.91",
        "201207": "36.66",
        "201208": "34.53",
        "201209": "34.60",
        "201210": "36.18",
        "201211": "36.63",
        "201212": "40.89",
        "201301": "50.89",
        "201302": "55.46",
        "201303": "60.70",
        "201304": "67.93",
        "201305": "72.77",
        "201306": "76.88",
        "201307": "88.97",
        "201308": "77.00",
        "201309": "78.04",
        "201310": "69.68",
        "201311": "64.73",
        "201312": "68.88",
        "201401": "64.72",
        "201402": "61.73",
        "201403": "60.43",
        "201404": "57.18",
        "201405": "50.89",
        "201406": "54.91",
        "201407": "54.44",
        "201408": "39.84",
        "201409": "30.63",
        "201410": "27.07",
        "201411": "28.52",
        "201412": "36.40",
        "201501": "34.64",
        "201502": "35.28",
        "201503": "36.09",
        "201504": "36.01",
        "201505": "34.17",
        "201506": "30.50",
        "201507": "28.04",
        "201508": "25.92",
        "201509": "26.80",
        "201510": "25.50",
        "201511": "24.68",
        "201512": "30.00",
        "201601": "29.10",
        "201602": "27.99",
        "201603": "27.96",
        "201604": "26.95",
        "201605": "27.92",
        "201606": "27.68",
        "201607": "28.21",
        "201608": "28.56",
        "201609": "28.31",
        "201610": "31.96",
        "201611": "31.71",
        "201612": "30.86",
        "201701": "29.60",
        "201702": "30.52",
        "201703": "32.72",
        "201704": "33.03",
        "201705": "35.28",
        "201706": "38.64",
        "201707": "38.06",
        "201708": "37.49",
        "201709": "35.15",
        "201710": "35.34",
        "201711": "34.73",
        "201712": "32.90",
        "201801": "30.51",
        "201802": "27.83",
        "201803": "30.32",
        "201804": "31.32",
        "201805": "30.02",
        "201806": "29.32",
        "201807": "26.86",
        "201808": "25.94",
        "201809": "24.80",
        "201810": "25.52",
        "201811": "25.42",
        "201812": "25.15",
        "201901": "25.78",
        "201902": "26.27",
        "201903": "27.33",
        "201904": "29.58",
        "201905": "28.46",
        "201906": "28.50",
        "201907": "28.88",
        "201908": "29.27",
        "201909": "33.44",
        "201910": "37.98",
        "201911": "35.51",
        "201912": "33.49",
        "202001": "32.07",
        "202002": "33.22",
        "202003": "28.99",
        "202004": "27.28",
        "202005": "29.85",
        "202006": "30.32",
        "202007": "28.28",
        "202008": "27.04",
        "202009": "29.27",
        "202010": "29.67",
        "202011": "29.58",
        "202012": "27.46",
        "202101": "26.12",
        "202102": "25.84",
        "202103": "26.67",
        "202104": "26.47",
        "202105": "24.56",
        "202106": "25.43",
        "202107": "24.46",
        "202108": "23.11",
        "202109": "22.72",
        "202110": "23.12",
        "202111": "23.45",
        "202112": "23.21",
        "202201": "23.04",
        "202202": "23.08",
        "202203": "22.62",
        "202204": "23.69",
        "202205": "23.02",
        "202206": "23.55",
        "202207": "22.65",
        "202208": "23.21",
        "202209": "25.10",
        "202210": "23.60",
        "202211": "25.49",
        "202212": "27.04",
        "202301": "27.97",
        "202302": "32.86",
        "202303": "35.54",
        "202304": "34.31",
        "202305": "35.34",
        "202306": "36.24",
        "202307": "35.70",
        "202308": "32.57",
        "202309": "28.83",
        "202310": "24.64",
        "202311": "25.00",
        "202312": "25.44"
    },
    "quarters": {
        "20011": {
            "year_quarter": 20011,
            "year": 2001,
            "quarter": 1,
            "eps": null,
            "eps_growth_year": null,
            "eps_4q": null,
            "eps_4q_growth_year": null,
            "roe": null,
            "roe_4q": 0,
            "gross_profit": null,
            "gross_margin": null,
            "gross_margin_4q_avg": 0,
            "net_income": null,
            "net_income_4q": null,
            "revenue": null,
            "revenue_4q": null,
            "common_shares": null,
            "book_valuer_per_share": null,
            "book_valuer_per_share_4q_avg": 0,
            "equity": null,
            "current_ratio": null,
            "debt_ratio": null,
            "inventory_turnover_ratio": null,
            "account_receivable_turnover_ratio": null,
            "reinvestment_rate": null,
            "research_to_sale_ratio": null,
            "price_fair": 0,
            "eps_avg_yearly": 0,
            "eps_latest_yearly": 0,
            "eps_growth_yearly": 0
        },
        "20012": {
            "year_quarter": 20012,
            "year": 2001,
            "quarter": 2,
            "eps": null,
            "eps_growth_year": null,
            "eps_4q": null,
            "eps_4q_growth_year": null,
            "roe": null,
            "roe_4q": 0,
            "gross_profit": null,
            "gross_margin": null,
            "gross_margin_4q_avg": 0,
            "net_income": null,
            "net_income_4q": null,
            "revenue": null,
            "revenue_4q": null,
            "common_shares": null,
            "book_valuer_per_share": null,
            "book_valuer_per_share_4q_avg": 0,
            "equity": null,
            "current_ratio": null,
            "debt_ratio": null,
            "inventory_turnover_ratio": null,
            "account_receivable_turnover_ratio": null,
            "reinvestment_rate": null,
            "research_to_sale_ratio": null,
            "price_fair": 0,
            "eps_avg_yearly": 0,
            "eps_latest_yearly": 0,
            "eps_growth_yearly": 0
        },
        "20013": {
            "year_quarter": 20013,
            "year": 2001,
            "quarter": 3,
            "eps": null,
            "eps_growth_year": null,
            "eps_4q": null,
            "eps_4q_growth_year": null,
            "roe": null,
            "roe_4q": 0,
            "gross_profit": null,
            "gross_margin": null,
            "gross_margin_4q_avg": 0,
            "net_income": null,
            "net_income_4q": null,
            "revenue": null,
            "revenue_4q": null,
            "common_shares": null,
            "book_valuer_per_share": null,
            "book_valuer_per_share_4q_avg": 0,
            "equity": null,
            "current_ratio": null,
            "debt_ratio": null,
            "inventory_turnover_ratio": null,
            "account_receivable_turnover_ratio": null,
            "reinvestment_rate": null,
            "research_to_sale_ratio": null,
            "price_fair": 0,
            "eps_avg_yearly": 0,
            "eps_latest_yearly": 0,
            "eps_growth_yearly": 0
        },
        "20014": {
            "year_quarter": 20014,
            "year": 2001,
            "quarter": 4,
            "eps": null,
            "eps_growth_year": null,
            "eps_4q": null,
            "eps_4q_growth_year": null,
            "roe": null,
            "roe_4q": 0,
            "gross_profit": null,
            "gross_margin": null,
            "gross_margin_4q_avg": 0,
            "net_income": null,
            "net_income_4q": null,
            "revenue": null,
            "revenue_4q": null,
            "common_shares": null,
            "book_valuer_per_share": null,
            "book_valuer_per_share_4q_avg": 0,
            "equity": null,
            "current_ratio": null,
            "debt_ratio": null,
            "inventory_turnover_ratio": null,
            "account_receivable_turnover_ratio": null,
            "reinvestment_rate": null,
            "research_to_sale_ratio": null,
            "price_fair": 0,
            "eps_avg_yearly": 0,
            "eps_latest_yearly": 0,
            "eps_growth_yearly": 0
        },
        "20021": {
            "year_quarter": 20021,
            "year": 2002,
            "quarter": 1,
            "eps": null,
            "eps_growth_year": null,
            "eps_4q": null,
            "eps_4q_growth_year": null,
            "roe": null,
            "roe_4q": 0,
            "gross_profit": null,
            "gross_margin": null,
            "gross_margin_4q_avg": 0,
            "net_income": null,
            "net_income_4q": null,
            "revenue": null,
            "revenue_4q": null,
            "common_shares": null,
            "book_valuer_per_share": null,
            "book_valuer_per_share_4q_avg": 0,
            "equity": null,
            "current_ratio": null,
            "debt_ratio": null,
            "inventory_turnover_ratio": null,
            "account_receivable_turnover_ratio": null,
            "reinvestment_rate": null,
            "research_to_sale_ratio": null,
            "price_fair": 0,
            "eps_avg_yearly": 0,
            "eps_latest_yearly": 0,
            "eps_growth_yearly": 0
        },
        "20022": {
            "year_quarter": 20022,
            "year": 2002,
            "quarter": 2,
            "eps": null,
            "eps_growth_year": null,
            "eps_4q": null,
            "eps_4q_growth_year": null,
            "roe": null,
            "roe_4q": 0,
            "gross_profit": null,
            "gross_margin": null,
            "gross_margin_4q_avg": 0,
            "net_income": null,
            "net_income_4q": null,
            "revenue": null,
            "revenue_4q": null,
            "common_shares": null,
            "book_valuer_per_share": null,
            "book_valuer_per_share_4q_avg": 0,
            "equity": null,
            "current_ratio": null,
            "debt_ratio": null,
            "inventory_turnover_ratio": null,
            "account_receivable_turnover_ratio": null,
            "reinvestment_rate": null,
            "research_to_sale_ratio": null,
            "price_fair": 0,
            "eps_avg_yearly": 0,
            "eps_latest_yearly": 0,
            "eps_growth_yearly": 0
        },
        "20023": {
            "year_quarter": 20023,
            "year": 2002,
            "quarter": 3,
            "eps": null,
            "eps_growth_year": null,
            "eps_4q": null,
            "eps_4q_growth_year": null,
            "roe": null,
            "roe_4q": 0,
            "gross_profit": null,
            "gross_margin": null,
            "gross_margin_4q_avg": 0,
            "net_income": null,
            "net_income_4q": null,
            "revenue": null,
            "revenue_4q": null,
            "common_shares": null,
            "book_valuer_per_share": null,
            "book_valuer_per_share_4q_avg": 0,
            "equity": null,
            "current_ratio": null,
            "debt_ratio": null,
            "inventory_turnover_ratio": null,
            "account_receivable_turnover_ratio": null,
            "reinvestment_rate": null,
            "research_to_sale_ratio": null,
            "price_fair": 0,
            "eps_avg_yearly": 0,
            "eps_latest_yearly": 0,
            "eps_growth_yearly": 0
        },
        "20024": {
            "year_quarter": 20024,
            "year": 2002,
            "quarter": 4,
            "eps": null,
            "eps_growth_year": null,
            "eps_4q": null,
            "eps_4q_growth_year": null,
            "roe": null,
            "roe_4q": 0,
            "gross_profit": null,
            "gross_margin": null,
            "gross_margin_4q_avg": 0,
            "net_income": null,
            "net_income_4q": null,
            "revenue": null,
            "revenue_4q": null,
            "common_shares": null,
            "book_valuer_per_share": null,
            "book_valuer_per_share_4q_avg": 0,
            "equity": null,
            "current_ratio": null,
            "debt_ratio": null,
            "inventory_turnover_ratio": null,
            "account_receivable_turnover_ratio": null,
            "reinvestment_rate": null,
            "research_to_sale_ratio": null,
            "price_fair": 0,
            "eps_avg_yearly": 0,
            "eps_latest_yearly": 0,
            "eps_growth_yearly": 0
        },
        "20031": {
            "year_quarter": 20031,
            "year": 2003,
            "quarter": 1,
            "eps": null,
            "eps_growth_year": null,
            "eps_4q": null,
            "eps_4q_growth_year": null,
            "roe": null,
            "roe_4q": 0,
            "gross_profit": null,
            "gross_margin": null,
            "gross_margin_4q_avg": 0,
            "net_income": null,
            "net_income_4q": null,
            "revenue": null,
            "revenue_4q": null,
            "common_shares": null,
            "book_valuer_per_share": null,
            "book_valuer_per_share_4q_avg": 0,
            "equity": null,
            "current_ratio": null,
            "debt_ratio": null,
            "inventory_turnover_ratio": null,
            "account_receivable_turnover_ratio": null,
            "reinvestment_rate": null,
            "research_to_sale_ratio": null,
            "price_fair": 0,
            "eps_avg_yearly": 0,
            "eps_latest_yearly": 0,
            "eps_growth_yearly": 0
        },
        "20032": {
            "year_quarter": 20032,
            "year": 2003,
            "quarter": 2,
            "eps": null,
            "eps_growth_year": null,
            "eps_4q": null,
            "eps_4q_growth_year": null,
            "roe": null,
            "roe_4q": 0,
            "gross_profit": null,
            "gross_margin": null,
            "gross_margin_4q_avg": 0,
            "net_income": null,
            "net_income_4q": null,
            "revenue": null,
            "revenue_4q": null,
            "common_shares": null,
            "book_valuer_per_share": null,
            "book_valuer_per_share_4q_avg": 0,
            "equity": null,
            "current_ratio": null,
            "debt_ratio": null,
            "inventory_turnover_ratio": null,
            "account_receivable_turnover_ratio": null,
            "reinvestment_rate": null,
            "research_to_sale_ratio": null,
            "price_fair": 0,
            "eps_avg_yearly": 0,
            "eps_latest_yearly": 0,
            "eps_growth_yearly": 0
        },
        "20033": {
            "year_quarter": 20033,
            "year": 2003,
            "quarter": 3,
            "eps": null,
            "eps_growth_year": null,
            "eps_4q": null,
            "eps_4q_growth_year": null,
            "roe": null,
            "roe_4q": 0,
            "gross_profit": null,
            "gross_margin": null,
            "gross_margin_4q_avg": 0,
            "net_income": null,
            "net_income_4q": null,
            "revenue": null,
            "revenue_4q": null,
            "common_shares": null,
            "book_valuer_per_share": null,
            "book_valuer_per_share_4q_avg": 0,
            "equity": null,
            "current_ratio": null,
            "debt_ratio": null,
            "inventory_turnover_ratio": null,
            "account_receivable_turnover_ratio": null,
            "reinvestment_rate": null,
            "research_to_sale_ratio": null,
            "price_fair": 0,
            "eps_avg_yearly": 0,
            "eps_latest_yearly": 0,
            "eps_growth_yearly": 0
        },
        "20034": {
            "year_quarter": 20034,
            "year": 2003,
            "quarter": 4,
            "eps": null,
            "eps_growth_year": null,
            "eps_4q": null,
            "eps_4q_growth_year": null,
            "roe": null,
            "roe_4q": 0,
            "gross_profit": null,
            "gross_margin": null,
            "gross_margin_4q_avg": 0,
            "net_income": null,
            "net_income_4q": null,
            "revenue": null,
            "revenue_4q": null,
            "common_shares": null,
            "book_valuer_per_share": null,
            "book_valuer_per_share_4q_avg": 0,
            "equity": null,
            "current_ratio": null,
            "debt_ratio": null,
            "inventory_turnover_ratio": null,
            "account_receivable_turnover_ratio": null,
            "reinvestment_rate": null,
            "research_to_sale_ratio": null,
            "price_fair": 0,
            "eps_avg_yearly": 0,
            "eps_latest_yearly": 0,
            "eps_growth_yearly": 0
        },
        "20041": {
            "year_quarter": 20041,
            "year": 2004,
            "quarter": 1,
            "eps": null,
            "eps_growth_year": null,
            "eps_4q": null,
            "eps_4q_growth_year": null,
            "roe": null,
            "roe_4q": 0,
            "gross_profit": null,
            "gross_margin": null,
            "gross_margin_4q_avg": 0,
            "net_income": null,
            "net_income_4q": null,
            "revenue": null,
            "revenue_4q": null,
            "common_shares": null,
            "book_valuer_per_share": null,
            "book_valuer_per_share_4q_avg": 0,
            "equity": null,
            "current_ratio": null,
            "debt_ratio": null,
            "inventory_turnover_ratio": null,
            "account_receivable_turnover_ratio": null,
            "reinvestment_rate": null,
            "research_to_sale_ratio": null,
            "price_fair": 0,
            "eps_avg_yearly": 0,
            "eps_latest_yearly": 0,
            "eps_growth_yearly": 0
        },
        "20042": {
            "year_quarter": 20042,
            "year": 2004,
            "quarter": 2,
            "eps": null,
            "eps_growth_year": null,
            "eps_4q": null,
            "eps_4q_growth_year": null,
            "roe": null,
            "roe_4q": 0,
            "gross_profit": null,
            "gross_margin": null,
            "gross_margin_4q_avg": 0,
            "net_income": null,
            "net_income_4q": null,
            "revenue": null,
            "revenue_4q": null,
            "common_shares": null,
            "book_valuer_per_share": null,
            "book_valuer_per_share_4q_avg": 0,
            "equity": null,
            "current_ratio": null,
            "debt_ratio": null,
            "inventory_turnover_ratio": null,
            "account_receivable_turnover_ratio": null,
            "reinvestment_rate": null,
            "research_to_sale_ratio": null,
            "price_fair": 0,
            "eps_avg_yearly": 0,
            "eps_latest_yearly": 0,
            "eps_growth_yearly": 0
        },
        "20043": {
            "year_quarter": 20043,
            "year": 2004,
            "quarter": 3,
            "eps": null,
            "eps_growth_year": null,
            "eps_4q": null,
            "eps_4q_growth_year": null,
            "roe": null,
            "roe_4q": 0,
            "gross_profit": null,
            "gross_margin": null,
            "gross_margin_4q_avg": 0,
            "net_income": null,
            "net_income_4q": null,
            "revenue": null,
            "revenue_4q": null,
            "common_shares": null,
            "book_valuer_per_share": null,
            "book_valuer_per_share_4q_avg": 0,
            "equity": null,
            "current_ratio": null,
            "debt_ratio": null,
            "inventory_turnover_ratio": null,
            "account_receivable_turnover_ratio": null,
            "reinvestment_rate": null,
            "research_to_sale_ratio": null,
            "price_fair": 0,
            "eps_avg_yearly": 0,
            "eps_latest_yearly": 0,
            "eps_growth_yearly": 0
        },
        "20044": {
            "year_quarter": 20044,
            "year": 2004,
            "quarter": 4,
            "eps": null,
            "eps_growth_year": null,
            "eps_4q": null,
            "eps_4q_growth_year": null,
            "roe": null,
            "roe_4q": 0,
            "gross_profit": null,
            "gross_margin": null,
            "gross_margin_4q_avg": 0,
            "net_income": null,
            "net_income_4q": null,
            "revenue": null,
            "revenue_4q": null,
            "common_shares": null,
            "book_valuer_per_share": null,
            "book_valuer_per_share_4q_avg": 0,
            "equity": null,
            "current_ratio": null,
            "debt_ratio": null,
            "inventory_turnover_ratio": null,
            "account_receivable_turnover_ratio": null,
            "reinvestment_rate": null,
            "research_to_sale_ratio": null,
            "price_fair": 0,
            "eps_avg_yearly": 0,
            "eps_latest_yearly": 0,
            "eps_growth_yearly": 0
        },
        "20051": {
            "year_quarter": 20051,
            "year": 2005,
            "quarter": 1,
            "eps": null,
            "eps_growth_year": null,
            "eps_4q": null,
            "eps_4q_growth_year": null,
            "roe": null,
            "roe_4q": 0,
            "gross_profit": null,
            "gross_margin": null,
            "gross_margin_4q_avg": 0,
            "net_income": null,
            "net_income_4q": null,
            "revenue": null,
            "revenue_4q": null,
            "common_shares": null,
            "book_valuer_per_share": null,
            "book_valuer_per_share_4q_avg": 0,
            "equity": null,
            "current_ratio": null,
            "debt_ratio": null,
            "inventory_turnover_ratio": null,
            "account_receivable_turnover_ratio": null,
            "reinvestment_rate": null,
            "research_to_sale_ratio": null,
            "price_fair": 0,
            "eps_avg_yearly": 0,
            "eps_latest_yearly": 0,
            "eps_growth_yearly": 0
        },
        "20052": {
            "year_quarter": 20052,
            "year": 2005,
            "quarter": 2,
            "eps": null,
            "eps_growth_year": null,
            "eps_4q": null,
            "eps_4q_growth_year": null,
            "roe": null,
            "roe_4q": 0,
            "gross_profit": null,
            "gross_margin": null,
            "gross_margin_4q_avg": 0,
            "net_income": null,
            "net_income_4q": null,
            "revenue": null,
            "revenue_4q": null,
            "common_shares": null,
            "book_valuer_per_share": null,
            "book_valuer_per_share_4q_avg": 0,
            "equity": null,
            "current_ratio": null,
            "debt_ratio": null,
            "inventory_turnover_ratio": null,
            "account_receivable_turnover_ratio": null,
            "reinvestment_rate": null,
            "research_to_sale_ratio": null,
            "price_fair": 0,
            "eps_avg_yearly": 0,
            "eps_latest_yearly": 0,
            "eps_growth_yearly": 0
        },
        "20053": {
            "year_quarter": 20053,
            "year": 2005,
            "quarter": 3,
            "eps": null,
            "eps_growth_year": null,
            "eps_4q": null,
            "eps_4q_growth_year": null,
            "roe": null,
            "roe_4q": 0,
            "gross_profit": null,
            "gross_margin": null,
            "gross_margin_4q_avg": 0,
            "net_income": null,
            "net_income_4q": null,
            "revenue": null,
            "revenue_4q": null,
            "common_shares": null,
            "book_valuer_per_share": null,
            "book_valuer_per_share_4q_avg": 0,
            "equity": null,
            "current_ratio": null,
            "debt_ratio": null,
            "inventory_turnover_ratio": null,
            "account_receivable_turnover_ratio": null,
            "reinvestment_rate": null,
            "research_to_sale_ratio": null,
            "price_fair": 0,
            "eps_avg_yearly": 0,
            "eps_latest_yearly": 0,
            "eps_growth_yearly": 0
        },
        "20054": {
            "year_quarter": 20054,
            "year": 2005,
            "quarter": 4,
            "eps": null,
            "eps_growth_year": null,
            "eps_4q": null,
            "eps_4q_growth_year": null,
            "roe": null,
            "roe_4q": 0,
            "gross_profit": null,
            "gross_margin": null,
            "gross_margin_4q_avg": 0,
            "net_income": null,
            "net_income_4q": null,
            "revenue": null,
            "revenue_4q": null,
            "common_shares": null,
            "book_valuer_per_share": null,
            "book_valuer_per_share_4q_avg": 0,
            "equity": null,
            "current_ratio": null,
            "debt_ratio": null,
            "inventory_turnover_ratio": null,
            "account_receivable_turnover_ratio": null,
            "reinvestment_rate": null,
            "research_to_sale_ratio": null,
            "price_fair": 0,
            "eps_avg_yearly": 0,
            "eps_latest_yearly": 0,
            "eps_growth_yearly": 0
        },
        "20061": {
            "year_quarter": 20061,
            "year": 2006,
            "quarter": 1,
            "eps": null,
            "eps_growth_year": null,
            "eps_4q": null,
            "eps_4q_growth_year": null,
            "roe": null,
            "roe_4q": 0,
            "gross_profit": null,
            "gross_margin": null,
            "gross_margin_4q_avg": 0,
            "net_income": null,
            "net_income_4q": null,
            "revenue": null,
            "revenue_4q": null,
            "common_shares": null,
            "book_valuer_per_share": null,
            "book_valuer_per_share_4q_avg": 0,
            "equity": null,
            "current_ratio": null,
            "debt_ratio": null,
            "inventory_turnover_ratio": null,
            "account_receivable_turnover_ratio": null,
            "reinvestment_rate": null,
            "research_to_sale_ratio": null,
            "price_fair": 0,
            "eps_avg_yearly": 0,
            "eps_latest_yearly": 0,
            "eps_growth_yearly": 0
        },
        "20062": {
            "year_quarter": 20062,
            "year": 2006,
            "quarter": 2,
            "eps": null,
            "eps_growth_year": null,
            "eps_4q": null,
            "eps_4q_growth_year": null,
            "roe": null,
            "roe_4q": 0,
            "gross_profit": null,
            "gross_margin": null,
            "gross_margin_4q_avg": 0,
            "net_income": null,
            "net_income_4q": null,
            "revenue": null,
            "revenue_4q": null,
            "common_shares": null,
            "book_valuer_per_share": null,
            "book_valuer_per_share_4q_avg": 0,
            "equity": null,
            "current_ratio": null,
            "debt_ratio": null,
            "inventory_turnover_ratio": null,
            "account_receivable_turnover_ratio": null,
            "reinvestment_rate": null,
            "research_to_sale_ratio": null,
            "price_fair": 0,
            "eps_avg_yearly": 0,
            "eps_latest_yearly": 0,
            "eps_growth_yearly": 0
        },
        "20063": {
            "year_quarter": 20063,
            "year": 2006,
            "quarter": 3,
            "eps": null,
            "eps_growth_year": null,
            "eps_4q": null,
            "eps_4q_growth_year": null,
            "roe": null,
            "roe_4q": 0,
            "gross_profit": null,
            "gross_margin": null,
            "gross_margin_4q_avg": 0,
            "net_income": null,
            "net_income_4q": null,
            "revenue": null,
            "revenue_4q": null,
            "common_shares": null,
            "book_valuer_per_share": null,
            "book_valuer_per_share_4q_avg": 0,
            "equity": null,
            "current_ratio": null,
            "debt_ratio": null,
            "inventory_turnover_ratio": null,
            "account_receivable_turnover_ratio": null,
            "reinvestment_rate": null,
            "research_to_sale_ratio": null,
            "price_fair": 0,
            "eps_avg_yearly": 0,
            "eps_latest_yearly": 0,
            "eps_growth_yearly": 0
        },
        "20064": {
            "year_quarter": 20064,
            "year": 2006,
            "quarter": 4,
            "eps": null,
            "eps_growth_year": null,
            "eps_4q": null,
            "eps_4q_growth_year": null,
            "roe": null,
            "roe_4q": 0,
            "gross_profit": null,
            "gross_margin": null,
            "gross_margin_4q_avg": 0,
            "net_income": null,
            "net_income_4q": null,
            "revenue": null,
            "revenue_4q": null,
            "common_shares": null,
            "book_valuer_per_share": null,
            "book_valuer_per_share_4q_avg": 0,
            "equity": null,
            "current_ratio": null,
            "debt_ratio": null,
            "inventory_turnover_ratio": null,
            "account_receivable_turnover_ratio": null,
            "reinvestment_rate": null,
            "research_to_sale_ratio": null,
            "price_fair": 0,
            "eps_avg_yearly": 0,
            "eps_latest_yearly": 0,
            "eps_growth_yearly": 0
        },
        "20071": {
            "year_quarter": 20071,
            "year": 2007,
            "quarter": 1,
            "eps": null,
            "eps_growth_year": null,
            "eps_4q": null,
            "eps_4q_growth_year": null,
            "roe": null,
            "roe_4q": 0,
            "gross_profit": null,
            "gross_margin": null,
            "gross_margin_4q_avg": 0,
            "net_income": null,
            "net_income_4q": null,
            "revenue": null,
            "revenue_4q": null,
            "common_shares": null,
            "book_valuer_per_share": null,
            "book_valuer_per_share_4q_avg": 0,
            "equity": null,
            "current_ratio": null,
            "debt_ratio": null,
            "inventory_turnover_ratio": null,
            "account_receivable_turnover_ratio": null,
            "reinvestment_rate": null,
            "research_to_sale_ratio": null,
            "price_fair": 0,
            "eps_avg_yearly": 0,
            "eps_latest_yearly": 0,
            "eps_growth_yearly": 0
        },
        "20072": {
            "year_quarter": 20072,
            "year": 2007,
            "quarter": 2,
            "eps": null,
            "eps_growth_year": null,
            "eps_4q": null,
            "eps_4q_growth_year": null,
            "roe": null,
            "roe_4q": 0,
            "gross_profit": null,
            "gross_margin": null,
            "gross_margin_4q_avg": 0,
            "net_income": null,
            "net_income_4q": null,
            "revenue": null,
            "revenue_4q": null,
            "common_shares": null,
            "book_valuer_per_share": null,
            "book_valuer_per_share_4q_avg": 0,
            "equity": null,
            "current_ratio": null,
            "debt_ratio": null,
            "inventory_turnover_ratio": null,
            "account_receivable_turnover_ratio": null,
            "reinvestment_rate": null,
            "research_to_sale_ratio": null,
            "price_fair": 0,
            "eps_avg_yearly": 0,
            "eps_latest_yearly": 0,
            "eps_growth_yearly": 0
        },
        "20073": {
            "year_quarter": 20073,
            "year": 2007,
            "quarter": 3,
            "eps": null,
            "eps_growth_year": null,
            "eps_4q": null,
            "eps_4q_growth_year": null,
            "roe": null,
            "roe_4q": 0,
            "gross_profit": null,
            "gross_margin": null,
            "gross_margin_4q_avg": 0,
            "net_income": null,
            "net_income_4q": null,
            "revenue": null,
            "revenue_4q": null,
            "common_shares": null,
            "book_valuer_per_share": null,
            "book_valuer_per_share_4q_avg": 0,
            "equity": null,
            "current_ratio": null,
            "debt_ratio": null,
            "inventory_turnover_ratio": null,
            "account_receivable_turnover_ratio": null,
            "reinvestment_rate": null,
            "research_to_sale_ratio": null,
            "price_fair": 0,
            "eps_avg_yearly": 0,
            "eps_latest_yearly": 0,
            "eps_growth_yearly": 0
        },
        "20074": {
            "year_quarter": 20074,
            "year": 2007,
            "quarter": 4,
            "eps": null,
            "eps_growth_year": null,
            "eps_4q": null,
            "eps_4q_growth_year": null,
            "roe": null,
            "roe_4q": 0,
            "gross_profit": null,
            "gross_margin": null,
            "gross_margin_4q_avg": 0,
            "net_income": null,
            "net_income_4q": null,
            "revenue": null,
            "revenue_4q": null,
            "common_shares": null,
            "book_valuer_per_share": null,
            "book_valuer_per_share_4q_avg": 0,
            "equity": null,
            "current_ratio": null,
            "debt_ratio": null,
            "inventory_turnover_ratio": null,
            "account_receivable_turnover_ratio": null,
            "reinvestment_rate": null,
            "research_to_sale_ratio": null,
            "price_fair": 0,
            "eps_avg_yearly": 0,
            "eps_latest_yearly": 0,
            "eps_growth_yearly": 0
        },
        "20081": {
            "year_quarter": 20081,
            "year": 2008,
            "quarter": 1,
            "eps": null,
            "eps_growth_year": null,
            "eps_4q": null,
            "eps_4q_growth_year": null,
            "roe": null,
            "roe_4q": 0,
            "gross_profit": null,
            "gross_margin": null,
            "gross_margin_4q_avg": 0,
            "net_income": null,
            "net_income_4q": null,
            "revenue": null,
            "revenue_4q": null,
            "common_shares": null,
            "book_valuer_per_share": null,
            "book_valuer_per_share_4q_avg": 0,
            "equity": null,
            "current_ratio": null,
            "debt_ratio": null,
            "inventory_turnover_ratio": null,
            "account_receivable_turnover_ratio": null,
            "reinvestment_rate": null,
            "research_to_sale_ratio": null,
            "price_fair": 0,
            "eps_avg_yearly": 0,
            "eps_latest_yearly": 0,
            "eps_growth_yearly": 0
        },
        "20082": {
            "year_quarter": 20082,
            "year": 2008,
            "quarter": 2,
            "eps": null,
            "eps_growth_year": null,
            "eps_4q": null,
            "eps_4q_growth_year": null,
            "roe": null,
            "roe_4q": 0,
            "gross_profit": null,
            "gross_margin": null,
            "gross_margin_4q_avg": 0,
            "net_income": null,
            "net_income_4q": null,
            "revenue": null,
            "revenue_4q": null,
            "common_shares": null,
            "book_valuer_per_share": null,
            "book_valuer_per_share_4q_avg": 0,
            "equity": null,
            "current_ratio": null,
            "debt_ratio": null,
            "inventory_turnover_ratio": null,
            "account_receivable_turnover_ratio": null,
            "reinvestment_rate": null,
            "research_to_sale_ratio": null,
            "price_fair": 0,
            "eps_avg_yearly": 0,
            "eps_latest_yearly": 0,
            "eps_growth_yearly": 0
        },
        "20083": {
            "year_quarter": 20083,
            "year": 2008,
            "quarter": 3,
            "eps": null,
            "eps_growth_year": null,
            "eps_4q": null,
            "eps_4q_growth_year": null,
            "roe": null,
            "roe_4q": 0,
            "gross_profit": null,
            "gross_margin": null,
            "gross_margin_4q_avg": 0,
            "net_income": null,
            "net_income_4q": null,
            "revenue": null,
            "revenue_4q": null,
            "common_shares": null,
            "book_valuer_per_share": null,
            "book_valuer_per_share_4q_avg": 0,
            "equity": null,
            "current_ratio": null,
            "debt_ratio": null,
            "inventory_turnover_ratio": null,
            "account_receivable_turnover_ratio": null,
            "reinvestment_rate": null,
            "research_to_sale_ratio": null,
            "price_fair": 0,
            "eps_avg_yearly": 0,
            "eps_latest_yearly": 0,
            "eps_growth_yearly": 0
        },
        "20084": {
            "year_quarter": 20084,
            "year": 2008,
            "quarter": 4,
            "eps": null,
            "eps_growth_year": null,
            "eps_4q": null,
            "eps_4q_growth_year": null,
            "roe": null,
            "roe_4q": 0,
            "gross_profit": null,
            "gross_margin": null,
            "gross_margin_4q_avg": 0,
            "net_income": null,
            "net_income_4q": null,
            "revenue": null,
            "revenue_4q": null,
            "common_shares": null,
            "book_valuer_per_share": null,
            "book_valuer_per_share_4q_avg": 0,
            "equity": null,
            "current_ratio": null,
            "debt_ratio": null,
            "inventory_turnover_ratio": null,
            "account_receivable_turnover_ratio": null,
            "reinvestment_rate": null,
            "research_to_sale_ratio": null,
            "price_fair": 0,
            "eps_avg_yearly": 0,
            "eps_latest_yearly": 0,
            "eps_growth_yearly": 0
        },
        "20091": {
            "year_quarter": 20091,
            "year": 2009,
            "quarter": 1,
            "eps": null,
            "eps_growth_year": null,
            "eps_4q": null,
            "eps_4q_growth_year": null,
            "roe": null,
            "roe_4q": 0,
            "gross_profit": null,
            "gross_margin": null,
            "gross_margin_4q_avg": 0,
            "net_income": null,
            "net_income_4q": null,
            "revenue": null,
            "revenue_4q": null,
            "common_shares": null,
            "book_valuer_per_share": null,
            "book_valuer_per_share_4q_avg": 0,
            "equity": null,
            "current_ratio": null,
            "debt_ratio": null,
            "inventory_turnover_ratio": null,
            "account_receivable_turnover_ratio": null,
            "reinvestment_rate": null,
            "research_to_sale_ratio": null,
            "price_fair": 0,
            "eps_avg_yearly": 0,
            "eps_latest_yearly": 0,
            "eps_growth_yearly": 0
        },
        "20092": {
            "year_quarter": 20092,
            "year": 2009,
            "quarter": 2,
            "eps": null,
            "eps_growth_year": null,
            "eps_4q": null,
            "eps_4q_growth_year": null,
            "roe": null,
            "roe_4q": 0,
            "gross_profit": null,
            "gross_margin": null,
            "gross_margin_4q_avg": 0,
            "net_income": null,
            "net_income_4q": null,
            "revenue": null,
            "revenue_4q": null,
            "common_shares": null,
            "book_valuer_per_share": null,
            "book_valuer_per_share_4q_avg": 0,
            "equity": null,
            "current_ratio": null,
            "debt_ratio": null,
            "inventory_turnover_ratio": null,
            "account_receivable_turnover_ratio": null,
            "reinvestment_rate": null,
            "research_to_sale_ratio": null,
            "price_fair": 0,
            "eps_avg_yearly": 0,
            "eps_latest_yearly": 0,
            "eps_growth_yearly": 0
        },
        "20093": {
            "year_quarter": 20093,
            "year": 2009,
            "quarter": 3,
            "eps": null,
            "eps_growth_year": null,
            "eps_4q": null,
            "eps_4q_growth_year": null,
            "roe": null,
            "roe_4q": 0,
            "gross_profit": null,
            "gross_margin": null,
            "gross_margin_4q_avg": 0,
            "net_income": null,
            "net_income_4q": null,
            "revenue": null,
            "revenue_4q": null,
            "common_shares": null,
            "book_valuer_per_share": null,
            "book_valuer_per_share_4q_avg": 0,
            "equity": null,
            "current_ratio": null,
            "debt_ratio": null,
            "inventory_turnover_ratio": null,
            "account_receivable_turnover_ratio": null,
            "reinvestment_rate": null,
            "research_to_sale_ratio": null,
            "price_fair": 0,
            "eps_avg_yearly": 0,
            "eps_latest_yearly": 0,
            "eps_growth_yearly": 0
        },
        "20094": {
            "year_quarter": 20094,
            "year": 2009,
            "quarter": 4,
            "eps": null,
            "eps_growth_year": null,
            "eps_4q": null,
            "eps_4q_growth_year": null,
            "roe": null,
            "roe_4q": 0,
            "gross_profit": null,
            "gross_margin": null,
            "gross_margin_4q_avg": 0,
            "net_income": null,
            "net_income_4q": null,
            "revenue": null,
            "revenue_4q": null,
            "common_shares": 80000,
            "book_valuer_per_share": null,
            "book_valuer_per_share_4q_avg": 0,
            "equity": 121251,
            "current_ratio": null,
            "debt_ratio": null,
            "inventory_turnover_ratio": null,
            "account_receivable_turnover_ratio": null,
            "reinvestment_rate": null,
            "research_to_sale_ratio": null,
            "price_fair": 0,
            "eps_avg_yearly": 0,
            "eps_latest_yearly": 0,
            "eps_growth_yearly": 0
        },
        "20101": {
            "year_quarter": 20101,
            "year": 2010,
            "quarter": 1,
            "eps": null,
            "eps_growth_year": null,
            "eps_4q": null,
            "eps_4q_growth_year": null,
            "roe": null,
            "roe_4q": 0,
            "gross_profit": null,
            "gross_margin": null,
            "gross_margin_4q_avg": 0,
            "net_income": null,
            "net_income_4q": null,
            "revenue": null,
            "revenue_4q": null,
            "common_shares": null,
            "book_valuer_per_share": null,
            "book_valuer_per_share_4q_avg": 0,
            "equity": null,
            "current_ratio": null,
            "debt_ratio": null,
            "inventory_turnover_ratio": null,
            "account_receivable_turnover_ratio": null,
            "reinvestment_rate": null,
            "research_to_sale_ratio": null,
            "price_fair": 0,
            "eps_avg_yearly": 0,
            "eps_latest_yearly": 0,
            "eps_growth_yearly": 0
        },
        "20102": {
            "year_quarter": 20102,
            "year": 2010,
            "quarter": 2,
            "eps": null,
            "eps_growth_year": null,
            "eps_4q": null,
            "eps_4q_growth_year": null,
            "roe": null,
            "roe_4q": 0,
            "gross_profit": null,
            "gross_margin": null,
            "gross_margin_4q_avg": 0,
            "net_income": null,
            "net_income_4q": null,
            "revenue": null,
            "revenue_4q": null,
            "common_shares": 155630,
            "book_valuer_per_share": null,
            "book_valuer_per_share_4q_avg": 0,
            "equity": 214200,
            "current_ratio": null,
            "debt_ratio": null,
            "inventory_turnover_ratio": null,
            "account_receivable_turnover_ratio": null,
            "reinvestment_rate": null,
            "research_to_sale_ratio": null,
            "price_fair": 0,
            "eps_avg_yearly": 0,
            "eps_latest_yearly": 0,
            "eps_growth_yearly": 0
        },
        "20103": {
            "year_quarter": 20103,
            "year": 2010,
            "quarter": 3,
            "eps": null,
            "eps_growth_year": null,
            "eps_4q": null,
            "eps_4q_growth_year": null,
            "roe": null,
            "roe_4q": 0,
            "gross_profit": null,
            "gross_margin": null,
            "gross_margin_4q_avg": 0,
            "net_income": null,
            "net_income_4q": null,
            "revenue": null,
            "revenue_4q": null,
            "common_shares": null,
            "book_valuer_per_share": null,
            "book_valuer_per_share_4q_avg": 0,
            "equity": null,
            "current_ratio": null,
            "debt_ratio": null,
            "inventory_turnover_ratio": null,
            "account_receivable_turnover_ratio": null,
            "reinvestment_rate": null,
            "research_to_sale_ratio": null,
            "price_fair": 0,
            "eps_avg_yearly": 0,
            "eps_latest_yearly": 0,
            "eps_growth_yearly": 0
        },
        "20104": {
            "year_quarter": 20104,
            "year": 2010,
            "quarter": 4,
            "eps": null,
            "eps_growth_year": null,
            "eps_4q": null,
            "eps_4q_growth_year": null,
            "roe": null,
            "roe_4q": 0,
            "gross_profit": null,
            "gross_margin": null,
            "gross_margin_4q_avg": 0,
            "net_income": null,
            "net_income_4q": null,
            "revenue": null,
            "revenue_4q": null,
            "common_shares": 155630,
            "book_valuer_per_share": 14.83,
            "book_valuer_per_share_4q_avg": 3.71,
            "equity": 230784,
            "current_ratio": 231.73,
            "debt_ratio": 29.07,
            "inventory_turnover_ratio": null,
            "account_receivable_turnover_ratio": null,
            "reinvestment_rate": null,
            "research_to_sale_ratio": null,
            "price_fair": 0,
            "eps_avg_yearly": 0,
            "eps_latest_yearly": 0,
            "eps_growth_yearly": 0
        },
        "20111": {
            "year_quarter": 20111,
            "year": 2011,
            "quarter": 1,
            "eps": null,
            "eps_growth_year": null,
            "eps_4q": null,
            "eps_4q_growth_year": null,
            "roe": null,
            "roe_4q": 0,
            "gross_profit": 22125,
            "gross_margin": null,
            "gross_margin_4q_avg": 0,
            "net_income": 9396,
            "net_income_4q": null,
            "revenue": 99559,
            "revenue_4q": null,
            "common_shares": 155630,
            "book_valuer_per_share": null,
            "book_valuer_per_share_4q_avg": 3.71,
            "equity": 241155,
            "current_ratio": null,
            "debt_ratio": null,
            "inventory_turnover_ratio": null,
            "account_receivable_turnover_ratio": null,
            "reinvestment_rate": null,
            "research_to_sale_ratio": null,
            "price_fair": 0,
            "eps_avg_yearly": 0,
            "eps_latest_yearly": 0,
            "eps_growth_yearly": 0
        },
        "20112": {
            "year_quarter": 20112,
            "year": 2011,
            "quarter": 2,
            "eps": null,
            "eps_growth_year": null,
            "eps_4q": null,
            "eps_4q_growth_year": null,
            "roe": null,
            "roe_4q": 0,
            "gross_profit": 21608,
            "gross_margin": null,
            "gross_margin_4q_avg": 0,
            "net_income": 5407,
            "net_income_4q": null,
            "revenue": 119025,
            "revenue_4q": null,
            "common_shares": 183611,
            "book_valuer_per_share": 13.26,
            "book_valuer_per_share_4q_avg": 7.02,
            "equity": 243544,
            "current_ratio": 223.22,
            "debt_ratio": 31.16,
            "inventory_turnover_ratio": null,
            "account_receivable_turnover_ratio": null,
            "reinvestment_rate": null,
            "research_to_sale_ratio": null,
            "price_fair": 0,
            "eps_avg_yearly": 0,
            "eps_latest_yearly": 0,
            "eps_growth_yearly": 0
        },
        "20113": {
            "year_quarter": 20113,
            "year": 2011,
            "quarter": 3,
            "eps": null,
            "eps_growth_year": null,
            "eps_4q": null,
            "eps_4q_growth_year": null,
            "roe": null,
            "roe_4q": 0,
            "gross_profit": null,
            "gross_margin": null,
            "gross_margin_4q_avg": 0,
            "net_income": null,
            "net_income_4q": null,
            "revenue": null,
            "revenue_4q": null,
            "common_shares": null,
            "book_valuer_per_share": null,
            "book_valuer_per_share_4q_avg": 7.02,
            "equity": null,
            "current_ratio": null,
            "debt_ratio": null,
            "inventory_turnover_ratio": null,
            "account_receivable_turnover_ratio": null,
            "reinvestment_rate": null,
            "research_to_sale_ratio": null,
            "price_fair": 0,
            "eps_avg_yearly": 0,
            "eps_latest_yearly": 0,
            "eps_growth_yearly": 0
        },
        "20114": {
            "year_quarter": 20114,
            "year": 2011,
            "quarter": 4,
            "eps": null,
            "eps_growth_year": null,
            "eps_4q": null,
            "eps_4q_growth_year": null,
            "roe": null,
            "roe_4q": 0,
            "gross_profit": null,
            "gross_margin": null,
            "gross_margin_4q_avg": 0,
            "net_income": null,
            "net_income_4q": null,
            "revenue": null,
            "revenue_4q": null,
            "common_shares": 183611,
            "book_valuer_per_share": 16.51,
            "book_valuer_per_share_4q_avg": 7.44,
            "equity": 303113,
            "current_ratio": 255.26,
            "debt_ratio": 37.68,
            "inventory_turnover_ratio": null,
            "account_receivable_turnover_ratio": null,
            "reinvestment_rate": null,
            "research_to_sale_ratio": null,
            "price_fair": 0,
            "eps_avg_yearly": 0,
            "eps_latest_yearly": 0,
            "eps_growth_yearly": 0
        },
        "20121": {
            "year_quarter": 20121,
            "year": 2012,
            "quarter": 1,
            "eps": 1.35,
            "eps_growth_year": null,
            "eps_4q": null,
            "eps_4q_growth_year": null,
            "roe": 7.86,
            "roe_4q": 7.86,
            "gross_profit": 47518,
            "gross_margin": 30.14,
            "gross_margin_4q_avg": 7.54,
            "net_income": 24879,
            "net_income_4q": null,
            "revenue": 157667,
            "revenue_4q": null,
            "common_shares": 183611,
            "book_valuer_per_share": 17.95,
            "book_valuer_per_share_4q_avg": 11.93,
            "equity": 329575,
            "current_ratio": 270.57,
            "debt_ratio": 36.09,
            "inventory_turnover_ratio": 1.05,
            "account_receivable_turnover_ratio": 1.47,
            "reinvestment_rate": null,
            "research_to_sale_ratio": 2.43,
            "price_fair": 0,
            "eps_avg_yearly": 0,
            "eps_latest_yearly": 0,
            "eps_growth_yearly": 0
        },
        "20122": {
            "year_quarter": 20122,
            "year": 2012,
            "quarter": 2,
            "eps": 1.02,
            "eps_growth_year": null,
            "eps_4q": null,
            "eps_4q_growth_year": null,
            "roe": 6.88,
            "roe_4q": 14.74,
            "gross_profit": 46614,
            "gross_margin": 31.21,
            "gross_margin_4q_avg": 15.34,
            "net_income": 22811,
            "net_income_4q": null,
            "revenue": 149335,
            "revenue_4q": null,
            "common_shares": 224407,
            "book_valuer_per_share": 14.87,
            "book_valuer_per_share_4q_avg": 12.33,
            "equity": 333615,
            "current_ratio": 229.92,
            "debt_ratio": 41.03,
            "inventory_turnover_ratio": 1.01,
            "account_receivable_turnover_ratio": 1.27,
            "reinvestment_rate": null,
            "research_to_sale_ratio": 3.13,
            "price_fair": 12.24,
            "eps_avg_yearly": 4.08,
            "eps_latest_yearly": 4.08,
            "eps_growth_yearly": -97.78
        },
        "20123": {
            "year_quarter": 20123,
            "year": 2012,
            "quarter": 3,
            "eps": null,
            "eps_growth_year": null,
            "eps_4q": null,
            "eps_4q_growth_year": null,
            "roe": null,
            "roe_4q": 14.74,
            "gross_profit": null,
            "gross_margin": null,
            "gross_margin_4q_avg": 15.34,
            "net_income": null,
            "net_income_4q": null,
            "revenue": null,
            "revenue_4q": null,
            "common_shares": null,
            "book_valuer_per_share": null,
            "book_valuer_per_share_4q_avg": 12.33,
            "equity": null,
            "current_ratio": null,
            "debt_ratio": null,
            "inventory_turnover_ratio": null,
            "account_receivable_turnover_ratio": null,
            "reinvestment_rate": null,
            "research_to_sale_ratio": null,
            "price_fair": 12.24,
            "eps_avg_yearly": 4.08,
            "eps_latest_yearly": 4.08,
            "eps_growth_yearly": -97.78
        },
        "20124": {
            "year_quarter": 20124,
            "year": 2012,
            "quarter": 4,
            "eps": null,
            "eps_growth_year": null,
            "eps_4q": null,
            "eps_4q_growth_year": null,
            "roe": null,
            "roe_4q": 14.74,
            "gross_profit": null,
            "gross_margin": null,
            "gross_margin_4q_avg": 15.34,
            "net_income": null,
            "net_income_4q": null,
            "revenue": null,
            "revenue_4q": null,
            "common_shares": 224407,
            "book_valuer_per_share": 18.35,
            "book_valuer_per_share_4q_avg": 12.79,
            "equity": 452095,
            "current_ratio": 194.48,
            "debt_ratio": 41.87,
            "inventory_turnover_ratio": null,
            "account_receivable_turnover_ratio": null,
            "reinvestment_rate": null,
            "research_to_sale_ratio": null,
            "price_fair": 12.24,
            "eps_avg_yearly": 4.08,
            "eps_latest_yearly": 4.08,
            "eps_growth_yearly": -97.78
        },
        "20131": {
            "year_quarter": 20131,
            "year": 2013,
            "quarter": 1,
            "eps": null,
            "eps_growth_year": null,
            "eps_4q": null,
            "eps_4q_growth_year": null,
            "roe": null,
            "roe_4q": 6.88,
            "gross_profit": null,
            "gross_margin": null,
            "gross_margin_4q_avg": 7.8,
            "net_income": null,
            "net_income_4q": null,
            "revenue": null,
            "revenue_4q": null,
            "common_shares": null,
            "book_valuer_per_share": null,
            "book_valuer_per_share_4q_avg": 8.31,
            "equity": null,
            "current_ratio": null,
            "debt_ratio": null,
            "inventory_turnover_ratio": null,
            "account_receivable_turnover_ratio": null,
            "reinvestment_rate": null,
            "research_to_sale_ratio": null,
            "price_fair": 12.24,
            "eps_avg_yearly": 4.08,
            "eps_latest_yearly": 4.08,
            "eps_growth_yearly": -97.78
        },
        "20132": {
            "year_quarter": 20132,
            "year": 2013,
            "quarter": 2,
            "eps": null,
            "eps_growth_year": null,
            "eps_4q": null,
            "eps_4q_growth_year": null,
            "roe": null,
            "roe_4q": 0,
            "gross_profit": null,
            "gross_margin": null,
            "gross_margin_4q_avg": 0,
            "net_income": null,
            "net_income_4q": null,
            "revenue": null,
            "revenue_4q": null,
            "common_shares": 253598,
            "book_valuer_per_share": 21.67,
            "book_valuer_per_share_4q_avg": 10.01,
            "equity": 549542,
            "current_ratio": 90.57,
            "debt_ratio": 59.85,
            "inventory_turnover_ratio": null,
            "account_receivable_turnover_ratio": null,
            "reinvestment_rate": null,
            "research_to_sale_ratio": null,
            "price_fair": 12.24,
            "eps_avg_yearly": 4.08,
            "eps_latest_yearly": 4.08,
            "eps_growth_yearly": -97.78
        },
        "20133": {
            "year_quarter": 20133,
            "year": 2013,
            "quarter": 3,
            "eps": null,
            "eps_growth_year": null,
            "eps_4q": null,
            "eps_4q_growth_year": null,
            "roe": null,
            "roe_4q": 0,
            "gross_profit": null,
            "gross_margin": null,
            "gross_margin_4q_avg": 0,
            "net_income": null,
            "net_income_4q": null,
            "revenue": null,
            "revenue_4q": null,
            "common_shares": null,
            "book_valuer_per_share": null,
            "book_valuer_per_share_4q_avg": 10.01,
            "equity": null,
            "current_ratio": null,
            "debt_ratio": null,
            "inventory_turnover_ratio": null,
            "account_receivable_turnover_ratio": null,
            "reinvestment_rate": null,
            "research_to_sale_ratio": null,
            "price_fair": 12.24,
            "eps_avg_yearly": 4.08,
            "eps_latest_yearly": 4.08,
            "eps_growth_yearly": -97.78
        },
        "20134": {
            "year_quarter": 20134,
            "year": 2013,
            "quarter": 4,
            "eps": null,
            "eps_growth_year": null,
            "eps_4q": null,
            "eps_4q_growth_year": null,
            "roe": null,
            "roe_4q": 0,
            "gross_profit": null,
            "gross_margin": null,
            "gross_margin_4q_avg": 0,
            "net_income": null,
            "net_income_4q": null,
            "revenue": null,
            "revenue_4q": null,
            "common_shares": 343947,
            "book_valuer_per_share": 17.73,
            "book_valuer_per_share_4q_avg": 9.85,
            "equity": 609650,
            "current_ratio": 101.67,
            "debt_ratio": 58.15,
            "inventory_turnover_ratio": null,
            "account_receivable_turnover_ratio": null,
            "reinvestment_rate": null,
            "research_to_sale_ratio": null,
            "price_fair": 12.24,
            "eps_avg_yearly": 4.08,
            "eps_latest_yearly": 4.08,
            "eps_growth_yearly": -97.78
        },
        "20141": {
            "year_quarter": 20141,
            "year": 2014,
            "quarter": 1,
            "eps": null,
            "eps_growth_year": null,
            "eps_4q": null,
            "eps_4q_growth_year": null,
            "roe": null,
            "roe_4q": 0,
            "gross_profit": null,
            "gross_margin": null,
            "gross_margin_4q_avg": 0,
            "net_income": null,
            "net_income_4q": null,
            "revenue": null,
            "revenue_4q": null,
            "common_shares": null,
            "book_valuer_per_share": null,
            "book_valuer_per_share_4q_avg": 9.85,
            "equity": null,
            "current_ratio": null,
            "debt_ratio": null,
            "inventory_turnover_ratio": null,
            "account_receivable_turnover_ratio": null,
            "reinvestment_rate": null,
            "research_to_sale_ratio": null,
            "price_fair": 12.24,
            "eps_avg_yearly": 4.08,
            "eps_latest_yearly": 4.08,
            "eps_growth_yearly": -97.78
        },
        "20142": {
            "year_quarter": 20142,
            "year": 2014,
            "quarter": 2,
            "eps": null,
            "eps_growth_year": null,
            "eps_4q": null,
            "eps_4q_growth_year": null,
            "roe": null,
            "roe_4q": 0,
            "gross_profit": null,
            "gross_margin": null,
            "gross_margin_4q_avg": 0,
            "net_income": null,
            "net_income_4q": null,
            "revenue": null,
            "revenue_4q": null,
            "common_shares": 398966,
            "book_valuer_per_share": 20.48,
            "book_valuer_per_share_4q_avg": 9.55,
            "equity": 817111,
            "current_ratio": 131.38,
            "debt_ratio": 46.05,
            "inventory_turnover_ratio": null,
            "account_receivable_turnover_ratio": null,
            "reinvestment_rate": null,
            "research_to_sale_ratio": null,
            "price_fair": 12.24,
            "eps_avg_yearly": 4.08,
            "eps_latest_yearly": 4.08,
            "eps_growth_yearly": -97.78
        },
        "20143": {
            "year_quarter": 20143,
            "year": 2014,
            "quarter": 3,
            "eps": null,
            "eps_growth_year": null,
            "eps_4q": null,
            "eps_4q_growth_year": null,
            "roe": null,
            "roe_4q": 0,
            "gross_profit": null,
            "gross_margin": null,
            "gross_margin_4q_avg": 0,
            "net_income": null,
            "net_income_4q": null,
            "revenue": null,
            "revenue_4q": null,
            "common_shares": null,
            "book_valuer_per_share": null,
            "book_valuer_per_share_4q_avg": 9.55,
            "equity": null,
            "current_ratio": null,
            "debt_ratio": null,
            "inventory_turnover_ratio": null,
            "account_receivable_turnover_ratio": null,
            "reinvestment_rate": null,
            "research_to_sale_ratio": null,
            "price_fair": 12.24,
            "eps_avg_yearly": 4.08,
            "eps_latest_yearly": 4.08,
            "eps_growth_yearly": -97.78
        },
        "20144": {
            "year_quarter": 20144,
            "year": 2014,
            "quarter": 4,
            "eps": null,
            "eps_growth_year": null,
            "eps_4q": null,
            "eps_4q_growth_year": null,
            "roe": null,
            "roe_4q": 0,
            "gross_profit": null,
            "gross_margin": null,
            "gross_margin_4q_avg": 0,
            "net_income": null,
            "net_income_4q": null,
            "revenue": null,
            "revenue_4q": null,
            "common_shares": 525427,
            "book_valuer_per_share": 16.17,
            "book_valuer_per_share_4q_avg": 9.16,
            "equity": 849478,
            "current_ratio": 161.49,
            "debt_ratio": 39.78,
            "inventory_turnover_ratio": null,
            "account_receivable_turnover_ratio": null,
            "reinvestment_rate": null,
            "research_to_sale_ratio": null,
            "price_fair": 12.24,
            "eps_avg_yearly": 4.08,
            "eps_latest_yearly": 4.08,
            "eps_growth_yearly": -97.78
        },
        "20151": {
            "year_quarter": 20151,
            "year": 2015,
            "quarter": 1,
            "eps": null,
            "eps_growth_year": null,
            "eps_4q": null,
            "eps_4q_growth_year": null,
            "roe": null,
            "roe_4q": 0,
            "gross_profit": null,
            "gross_margin": null,
            "gross_margin_4q_avg": 0,
            "net_income": null,
            "net_income_4q": null,
            "revenue": null,
            "revenue_4q": null,
            "common_shares": null,
            "book_valuer_per_share": null,
            "book_valuer_per_share_4q_avg": 9.16,
            "equity": null,
            "current_ratio": null,
            "debt_ratio": null,
            "inventory_turnover_ratio": null,
            "account_receivable_turnover_ratio": null,
            "reinvestment_rate": null,
            "research_to_sale_ratio": null,
            "price_fair": 12.24,
            "eps_avg_yearly": 4.08,
            "eps_latest_yearly": 4.08,
            "eps_growth_yearly": -97.78
        },
        "20152": {
            "year_quarter": 20152,
            "year": 2015,
            "quarter": 2,
            "eps": null,
            "eps_growth_year": null,
            "eps_4q": null,
            "eps_4q_growth_year": null,
            "roe": null,
            "roe_4q": 0,
            "gross_profit": null,
            "gross_margin": null,
            "gross_margin_4q_avg": 0,
            "net_income": null,
            "net_income_4q": null,
            "revenue": null,
            "revenue_4q": null,
            "common_shares": 530037,
            "book_valuer_per_share": 17.15,
            "book_valuer_per_share_4q_avg": 8.33,
            "equity": 909096,
            "current_ratio": 184.84,
            "debt_ratio": 37.19,
            "inventory_turnover_ratio": null,
            "account_receivable_turnover_ratio": null,
            "reinvestment_rate": null,
            "research_to_sale_ratio": null,
            "price_fair": 12.24,
            "eps_avg_yearly": 4.08,
            "eps_latest_yearly": 4.08,
            "eps_growth_yearly": -97.78
        },
        "20153": {
            "year_quarter": 20153,
            "year": 2015,
            "quarter": 3,
            "eps": null,
            "eps_growth_year": null,
            "eps_4q": null,
            "eps_4q_growth_year": null,
            "roe": null,
            "roe_4q": 0,
            "gross_profit": null,
            "gross_margin": null,
            "gross_margin_4q_avg": 0,
            "net_income": null,
            "net_income_4q": null,
            "revenue": null,
            "revenue_4q": null,
            "common_shares": null,
            "book_valuer_per_share": null,
            "book_valuer_per_share_4q_avg": 8.33,
            "equity": null,
            "current_ratio": null,
            "debt_ratio": null,
            "inventory_turnover_ratio": null,
            "account_receivable_turnover_ratio": null,
            "reinvestment_rate": null,
            "research_to_sale_ratio": null,
            "price_fair": 12.24,
            "eps_avg_yearly": 4.08,
            "eps_latest_yearly": 4.08,
            "eps_growth_yearly": -97.78
        },
        "20154": {
            "year_quarter": 20154,
            "year": 2015,
            "quarter": 4,
            "eps": null,
            "eps_growth_year": null,
            "eps_4q": null,
            "eps_4q_growth_year": null,
            "roe": null,
            "roe_4q": 0,
            "gross_profit": null,
            "gross_margin": null,
            "gross_margin_4q_avg": 0,
            "net_income": null,
            "net_income_4q": null,
            "revenue": null,
            "revenue_4q": null,
            "common_shares": 651843,
            "book_valuer_per_share": 14.76,
            "book_valuer_per_share_4q_avg": 7.98,
            "equity": 950155,
            "current_ratio": 223.65,
            "debt_ratio": 34.27,
            "inventory_turnover_ratio": null,
            "account_receivable_turnover_ratio": null,
            "reinvestment_rate": null,
            "research_to_sale_ratio": null,
            "price_fair": 12.24,
            "eps_avg_yearly": 4.08,
            "eps_latest_yearly": 4.08,
            "eps_growth_yearly": -97.78
        },
        "20161": {
            "year_quarter": 20161,
            "year": 2016,
            "quarter": 1,
            "eps": null,
            "eps_growth_year": null,
            "eps_4q": null,
            "eps_4q_growth_year": null,
            "roe": null,
            "roe_4q": 0,
            "gross_profit": null,
            "gross_margin": null,
            "gross_margin_4q_avg": 0,
            "net_income": null,
            "net_income_4q": null,
            "revenue": null,
            "revenue_4q": null,
            "common_shares": null,
            "book_valuer_per_share": null,
            "book_valuer_per_share_4q_avg": 7.98,
            "equity": null,
            "current_ratio": null,
            "debt_ratio": null,
            "inventory_turnover_ratio": null,
            "account_receivable_turnover_ratio": null,
            "reinvestment_rate": null,
            "research_to_sale_ratio": null,
            "price_fair": 12.24,
            "eps_avg_yearly": 4.08,
            "eps_latest_yearly": 4.08,
            "eps_growth_yearly": -97.78
        },
        "20162": {
            "year_quarter": 20162,
            "year": 2016,
            "quarter": 2,
            "eps": null,
            "eps_growth_year": null,
            "eps_4q": null,
            "eps_4q_growth_year": null,
            "roe": null,
            "roe_4q": 0,
            "gross_profit": null,
            "gross_margin": null,
            "gross_margin_4q_avg": 0,
            "net_income": null,
            "net_income_4q": null,
            "revenue": null,
            "revenue_4q": null,
            "common_shares": 653667,
            "book_valuer_per_share": 14.28,
            "book_valuer_per_share_4q_avg": 7.26,
            "equity": 922121,
            "current_ratio": 160.09,
            "debt_ratio": 41.55,
            "inventory_turnover_ratio": null,
            "account_receivable_turnover_ratio": null,
            "reinvestment_rate": null,
            "research_to_sale_ratio": null,
            "price_fair": 0,
            "eps_avg_yearly": 0,
            "eps_latest_yearly": 0,
            "eps_growth_yearly": 0
        },
        "20163": {
            "year_quarter": 20163,
            "year": 2016,
            "quarter": 3,
            "eps": null,
            "eps_growth_year": null,
            "eps_4q": null,
            "eps_4q_growth_year": null,
            "roe": null,
            "roe_4q": 0,
            "gross_profit": null,
            "gross_margin": null,
            "gross_margin_4q_avg": 0,
            "net_income": null,
            "net_income_4q": null,
            "revenue": null,
            "revenue_4q": null,
            "common_shares": null,
            "book_valuer_per_share": null,
            "book_valuer_per_share_4q_avg": 7.26,
            "equity": null,
            "current_ratio": null,
            "debt_ratio": null,
            "inventory_turnover_ratio": null,
            "account_receivable_turnover_ratio": null,
            "reinvestment_rate": null,
            "research_to_sale_ratio": null,
            "price_fair": 0,
            "eps_avg_yearly": 0,
            "eps_latest_yearly": 0,
            "eps_growth_yearly": 0
        },
        "20164": {
            "year_quarter": 20164,
            "year": 2016,
            "quarter": 4,
            "eps": null,
            "eps_growth_year": null,
            "eps_4q": null,
            "eps_4q_growth_year": null,
            "roe": null,
            "roe_4q": 0,
            "gross_profit": null,
            "gross_margin": null,
            "gross_margin_4q_avg": 0,
            "net_income": null,
            "net_income_4q": null,
            "revenue": null,
            "revenue_4q": null,
            "common_shares": 653667,
            "book_valuer_per_share": 14.63,
            "book_valuer_per_share_4q_avg": 7.23,
            "equity": 944804,
            "current_ratio": 179.29,
            "debt_ratio": 36.82,
            "inventory_turnover_ratio": null,
            "account_receivable_turnover_ratio": null,
            "reinvestment_rate": null,
            "research_to_sale_ratio": null,
            "price_fair": 0,
            "eps_avg_yearly": 0,
            "eps_latest_yearly": 0,
            "eps_growth_yearly": 0
        },
        "20171": {
            "year_quarter": 20171,
            "year": 2017,
            "quarter": 1,
            "eps": 0.42,
            "eps_growth_year": null,
            "eps_4q": null,
            "eps_4q_growth_year": null,
            "roe": 2.74,
            "roe_4q": 2.74,
            "gross_profit": 64343,
            "gross_margin": 22.24,
            "gross_margin_4q_avg": 5.56,
            "net_income": 26289,
            "net_income_4q": null,
            "revenue": 289279,
            "revenue_4q": null,
            "common_shares": 655962,
            "book_valuer_per_share": 15.02,
            "book_valuer_per_share_4q_avg": 10.98,
            "equity": 973426,
            "current_ratio": 170.89,
            "debt_ratio": 37.9,
            "inventory_turnover_ratio": 1.27,
            "account_receivable_turnover_ratio": 1.41,
            "reinvestment_rate": null,
            "research_to_sale_ratio": 2.31,
            "price_fair": 0,
            "eps_avg_yearly": 0,
            "eps_latest_yearly": 0,
            "eps_growth_yearly": 0
        },
        "20172": {
            "year_quarter": 20172,
            "year": 2017,
            "quarter": 2,
            "eps": 0.53,
            "eps_growth_year": null,
            "eps_4q": null,
            "eps_4q_growth_year": null,
            "roe": 3.53,
            "roe_4q": 6.27,
            "gross_profit": 67806,
            "gross_margin": 20.08,
            "gross_margin_4q_avg": 10.58,
            "net_income": 33273,
            "net_income_4q": null,
            "revenue": 337717,
            "revenue_4q": null,
            "common_shares": 655962,
            "book_valuer_per_share": 14.08,
            "book_valuer_per_share_4q_avg": 10.93,
            "equity": 912316,
            "current_ratio": 136.11,
            "debt_ratio": 47.63,
            "inventory_turnover_ratio": 1.34,
            "account_receivable_turnover_ratio": 1.46,
            "reinvestment_rate": null,
            "research_to_sale_ratio": 2.06,
            "price_fair": 74.2,
            "eps_avg_yearly": 2.12,
            "eps_latest_yearly": 2.12,
            "eps_growth_yearly": 104.76
        },
        "20173": {
            "year_quarter": 20173,
            "year": 2017,
            "quarter": 3,
            "eps": 0.63,
            "eps_growth_year": null,
            "eps_4q": null,
            "eps_4q_growth_year": null,
            "roe": 4.23,
            "roe_4q": 10.5,
            "gross_profit": 83282,
            "gross_margin": 23.88,
            "gross_margin_4q_avg": 16.55,
            "net_income": 39453,
            "net_income_4q": null,
            "revenue": 348721,
            "revenue_4q": null,
            "common_shares": 655962,
            "book_valuer_per_share": 14.73,
            "book_valuer_per_share_4q_avg": 14.62,
            "equity": 954547,
            "current_ratio": 135.84,
            "debt_ratio": 41.37,
            "inventory_turnover_ratio": 1.28,
            "account_receivable_turnover_ratio": 1.39,
            "reinvestment_rate": null,
            "research_to_sale_ratio": 2.97,
            "price_fair": 81.2,
            "eps_avg_yearly": 2.32,
            "eps_latest_yearly": 2.52,
            "eps_growth_yearly": 90.12
        },
        "20174": {
            "year_quarter": 20174,
            "year": 2017,
            "quarter": 4,
            "eps": 0.38,
            "eps_growth_year": null,
            "eps_4q": 1.73,
            "eps_4q_growth_year": null,
            "roe": 2.57,
            "roe_4q": 13.07,
            "gross_profit": 65885,
            "gross_margin": 25.6,
            "gross_margin_4q_avg": 22.95,
            "net_income": 27794,
            "net_income_4q": null,
            "revenue": 257359,
            "revenue_4q": null,
            "common_shares": 740622,
            "book_valuer_per_share": 16.46,
            "book_valuer_per_share_4q_avg": 15.07,
            "equity": 1206036,
            "current_ratio": 183.78,
            "debt_ratio": 35.99,
            "inventory_turnover_ratio": 0.99,
            "account_receivable_turnover_ratio": 1.15,
            "reinvestment_rate": null,
            "research_to_sale_ratio": 3.34,
            "price_fair": 35.25,
            "eps_avg_yearly": 2.05,
            "eps_latest_yearly": 1.52,
            "eps_growth_yearly": 7.17
        },
        "20181": {
            "year_quarter": 20181,
            "year": 2018,
            "quarter": 1,
            "eps": 0.59,
            "eps_growth_year": 40.48,
            "eps_4q": 1.95,
            "eps_4q_growth_year": null,
            "roe": 3.43,
            "roe_4q": 13.76,
            "gross_profit": 72593,
            "gross_margin": 24.62,
            "gross_margin_4q_avg": 23.55,
            "net_income": 42065,
            "net_income_4q": null,
            "revenue": 294809,
            "revenue_4q": null,
            "common_shares": 740522,
            "book_valuer_per_share": 17.06,
            "book_valuer_per_share_4q_avg": 15.58,
            "equity": 1250014,
            "current_ratio": 177.74,
            "debt_ratio": 37.31,
            "inventory_turnover_ratio": 1.16,
            "account_receivable_turnover_ratio": 1.35,
            "reinvestment_rate": null,
            "research_to_sale_ratio": 3.82,
            "price_fair": 74.55,
            "eps_avg_yearly": 2.13,
            "eps_latest_yearly": 2.36,
            "eps_growth_yearly": 60.64
        },
        "20182": {
            "year_quarter": 20182,
            "year": 2018,
            "quarter": 2,
            "eps": 0.39,
            "eps_growth_year": -26.42,
            "eps_4q": 1.84,
            "eps_4q_growth_year": null,
            "roe": 2.43,
            "roe_4q": 12.66,
            "gross_profit": 48669,
            "gross_margin": 18.99,
            "gross_margin_4q_avg": 23.27,
            "net_income": 29413,
            "net_income_4q": null,
            "revenue": 256233,
            "revenue_4q": null,
            "common_shares": 740522,
            "book_valuer_per_share": 16.01,
            "book_valuer_per_share_4q_avg": 16.07,
            "equity": 1172923,
            "current_ratio": 146.69,
            "debt_ratio": 40.28,
            "inventory_turnover_ratio": 0.98,
            "account_receivable_turnover_ratio": 1.1,
            "reinvestment_rate": null,
            "research_to_sale_ratio": 3.73,
            "price_fair": 63.29,
            "eps_avg_yearly": 2.02,
            "eps_latest_yearly": 1.56,
            "eps_growth_yearly": 21.39
        },
        "20183": {
            "year_quarter": 20183,
            "year": 2018,
            "quarter": 3,
            "eps": 0.65,
            "eps_growth_year": 3.17,
            "eps_4q": 1.97,
            "eps_4q_growth_year": null,
            "roe": 4.11,
            "roe_4q": 12.540000000000001,
            "gross_profit": 83772,
            "gross_margin": 31.4,
            "gross_margin_4q_avg": 25.15,
            "net_income": 49190,
            "net_income_4q": null,
            "revenue": 266755,
            "revenue_4q": null,
            "common_shares": 762498,
            "book_valuer_per_share": 16.21,
            "book_valuer_per_share_4q_avg": 16.44,
            "equity": 1222112,
            "current_ratio": 290.11,
            "debt_ratio": 29.39,
            "inventory_turnover_ratio": 0.81,
            "account_receivable_turnover_ratio": 1.12,
            "reinvestment_rate": null,
            "research_to_sale_ratio": 4.07,
            "price_fair": 73.97,
            "eps_avg_yearly": 2.11,
            "eps_latest_yearly": 2.6,
            "eps_growth_yearly": 62.27
        },
        "20184": {
            "year_quarter": 20184,
            "year": 2018,
            "quarter": 4,
            "eps": 0.55,
            "eps_growth_year": 45.05,
            "eps_4q": 2.18,
            "eps_4q_growth_year": 26.06,
            "roe": 3.2,
            "roe_4q": 13.17,
            "gross_profit": 97075,
            "gross_margin": 32.09,
            "gross_margin_4q_avg": 26.78,
            "net_income": 39843,
            "net_income_4q": null,
            "revenue": 302549,
            "revenue_4q": null,
            "common_shares": 754498,
            "book_valuer_per_share": 16.88,
            "book_valuer_per_share_4q_avg": 16.54,
            "equity": 1268021,
            "current_ratio": 246.96,
            "debt_ratio": 31.49,
            "inventory_turnover_ratio": 0.82,
            "account_receivable_turnover_ratio": 1.22,
            "reinvestment_rate": null,
            "research_to_sale_ratio": 3.01,
            "price_fair": 74.4,
            "eps_avg_yearly": 2.13,
            "eps_latest_yearly": 2.2,
            "eps_growth_yearly": 44.58
        },
        "20191": {
            "year_quarter": 20191,
            "year": 2019,
            "quarter": 1,
            "eps": 0.39,
            "eps_growth_year": -33.9,
            "eps_4q": 2.01,
            "eps_4q_growth_year": 3.14,
            "roe": 2.1,
            "roe_4q": 11.84,
            "gross_profit": 69320,
            "gross_margin": 24.59,
            "gross_margin_4q_avg": 26.77,
            "net_income": 27020,
            "net_income_4q": null,
            "revenue": 281925,
            "revenue_4q": null,
            "common_shares": 754498,
            "book_valuer_per_share": 17.33,
            "book_valuer_per_share_4q_avg": 16.61,
            "equity": 1308178,
            "current_ratio": 260.13,
            "debt_ratio": 30.53,
            "inventory_turnover_ratio": 0.75,
            "account_receivable_turnover_ratio": 1.18,
            "reinvestment_rate": null,
            "research_to_sale_ratio": 2.24,
            "price_fair": 70.83,
            "eps_avg_yearly": 2.06,
            "eps_latest_yearly": 1.56,
            "eps_growth_yearly": 24.47
        },
        "20192": {
            "year_quarter": 20192,
            "year": 2019,
            "quarter": 2,
            "eps": 0.34,
            "eps_growth_year": -12.82,
            "eps_4q": 1.95,
            "eps_4q_growth_year": 5.99,
            "roe": 1.77,
            "roe_4q": 11.18,
            "gross_profit": 74602,
            "gross_margin": 25.44,
            "gross_margin_4q_avg": 28.38,
            "net_income": 21699,
            "net_income_4q": null,
            "revenue": 293280,
            "revenue_4q": null,
            "common_shares": 754498,
            "book_valuer_per_share": 15.22,
            "book_valuer_per_share_4q_avg": 16.41,
            "equity": 1148854,
            "current_ratio": 161.61,
            "debt_ratio": 38.74,
            "inventory_turnover_ratio": 0.69,
            "account_receivable_turnover_ratio": 1.14,
            "reinvestment_rate": null,
            "research_to_sale_ratio": 2.16,
            "price_fair": 51.52,
            "eps_avg_yearly": 1.98,
            "eps_latest_yearly": 1.36,
            "eps_growth_yearly": 16.05
        },
        "20193": {
            "year_quarter": 20193,
            "year": 2019,
            "quarter": 3,
            "eps": 0.52,
            "eps_growth_year": -20,
            "eps_4q": 1.8,
            "eps_4q_growth_year": -8.54,
            "roe": 3.02,
            "roe_4q": 10.09,
            "gross_profit": 74962,
            "gross_margin": 25.77,
            "gross_margin_4q_avg": 26.97,
            "net_income": 35261,
            "net_income_4q": null,
            "revenue": 290936,
            "revenue_4q": null,
            "common_shares": 754498,
            "book_valuer_per_share": 15.78,
            "book_valuer_per_share_4q_avg": 16.3,
            "equity": 1186636,
            "current_ratio": 205.03,
            "debt_ratio": 40.86,
            "inventory_turnover_ratio": 0.61,
            "account_receivable_turnover_ratio": 1.06,
            "reinvestment_rate": null,
            "research_to_sale_ratio": 4.04,
            "price_fair": 69.58,
            "eps_avg_yearly": 1.99,
            "eps_latest_yearly": 2.08,
            "eps_growth_yearly": 35.62
        },
        "20194": {
            "year_quarter": 20194,
            "year": 2019,
            "quarter": 4,
            "eps": 0.43,
            "eps_growth_year": -21.83,
            "eps_4q": 1.63,
            "eps_4q_growth_year": -25.48,
            "roe": 2.31,
            "roe_4q": 9.2,
            "gross_profit": 77241,
            "gross_margin": 20.59,
            "gross_margin_4q_avg": 24.1,
            "net_income": 28703,
            "net_income_4q": null,
            "revenue": 375111,
            "revenue_4q": null,
            "common_shares": 786211,
            "book_valuer_per_share": 16.68,
            "book_valuer_per_share_4q_avg": 16.25,
            "equity": 1302088,
            "current_ratio": 171.98,
            "debt_ratio": 41.36,
            "inventory_turnover_ratio": 0.82,
            "account_receivable_turnover_ratio": 1.38,
            "reinvestment_rate": null,
            "research_to_sale_ratio": 2.17,
            "price_fair": 68.73,
            "eps_avg_yearly": 1.96,
            "eps_latest_yearly": 1.72,
            "eps_growth_yearly": 26.09
        },
        "20201": {
            "year_quarter": 20201,
            "year": 2020,
            "quarter": 1,
            "eps": 0.61,
            "eps_growth_year": 56.41,
            "eps_4q": 1.83,
            "eps_4q_growth_year": -8.68,
            "roe": 3.69,
            "roe_4q": 10.79,
            "gross_profit": 100351,
            "gross_margin": 27.06,
            "gross_margin_4q_avg": 24.72,
            "net_income": 47069,
            "net_income_4q": null,
            "revenue": 370790,
            "revenue_4q": null,
            "common_shares": 794337,
            "book_valuer_per_share": 15.82,
            "book_valuer_per_share_4q_avg": 15.88,
            "equity": 1248583,
            "current_ratio": 148.68,
            "debt_ratio": 45.5,
            "inventory_turnover_ratio": 0.76,
            "account_receivable_turnover_ratio": 1.25,
            "reinvestment_rate": null,
            "research_to_sale_ratio": 2.9,
            "price_fair": 70.12,
            "eps_avg_yearly": 2,
            "eps_latest_yearly": 2.44,
            "eps_growth_yearly": 37.87
        },
        "20202": {
            "year_quarter": 20202,
            "year": 2020,
            "quarter": 2,
            "eps": 0.27,
            "eps_growth_year": -20.59,
            "eps_4q": 1.78,
            "eps_4q_growth_year": -8.6,
            "roe": 1.55,
            "roe_4q": 10.57,
            "gross_profit": 53210,
            "gross_margin": 16.66,
            "gross_margin_4q_avg": 22.52,
            "net_income": 19603,
            "net_income_4q": null,
            "revenue": 319298,
            "revenue_4q": null,
            "common_shares": 794337,
            "book_valuer_per_share": 16.28,
            "book_valuer_per_share_4q_avg": 16.14,
            "equity": 1283190,
            "current_ratio": 147.75,
            "debt_ratio": 43.21,
            "inventory_turnover_ratio": 0.73,
            "account_receivable_turnover_ratio": 1.08,
            "reinvestment_rate": null,
            "research_to_sale_ratio": 2.37,
            "price_fair": 53.73,
            "eps_avg_yearly": 1.93,
            "eps_latest_yearly": 1.08,
            "eps_growth_yearly": 17.81
        },
        "20203": {
            "year_quarter": 20203,
            "year": 2020,
            "quarter": 3,
            "eps": 0.3,
            "eps_growth_year": -42.31,
            "eps_4q": 1.36,
            "eps_4q_growth_year": -24.51,
            "roe": 1.55,
            "roe_4q": 9.1,
            "gross_profit": 72312,
            "gross_margin": 21.15,
            "gross_margin_4q_avg": 21.37,
            "net_income": 23233,
            "net_income_4q": null,
            "revenue": 341932,
            "revenue_4q": null,
            "common_shares": 949337,
            "book_valuer_per_share": 18.06,
            "book_valuer_per_share_4q_avg": 16.71,
            "equity": 1705840,
            "current_ratio": 229.43,
            "debt_ratio": 33.67,
            "inventory_turnover_ratio": 0.71,
            "account_receivable_turnover_ratio": 1.19,
            "reinvestment_rate": null,
            "research_to_sale_ratio": 4.19,
            "price_fair": 55.85,
            "eps_avg_yearly": 1.88,
            "eps_latest_yearly": 1.2,
            "eps_growth_yearly": 19.71
        },
        "20204": {
            "year_quarter": 20204,
            "year": 2020,
            "quarter": 4,
            "eps": 0.38,
            "eps_growth_year": -11.47,
            "eps_4q": 1.39,
            "eps_4q_growth_year": -14.81,
            "roe": 1.82,
            "roe_4q": 8.61,
            "gross_profit": 100081,
            "gross_margin": 22.12,
            "gross_margin_4q_avg": 21.75,
            "net_income": 31398,
            "net_income_4q": null,
            "revenue": 452393,
            "revenue_4q": null,
            "common_shares": 949337,
            "book_valuer_per_share": 18.46,
            "book_valuer_per_share_4q_avg": 17.16,
            "equity": 1739138,
            "current_ratio": 195.22,
            "debt_ratio": 31.4,
            "inventory_turnover_ratio": 0.96,
            "account_receivable_turnover_ratio": 1.53,
            "reinvestment_rate": 18.45,
            "research_to_sale_ratio": 2.83,
            "price_fair": 64.96,
            "eps_avg_yearly": 1.86,
            "eps_latest_yearly": 1.52,
            "eps_growth_yearly": 25.51
        },
        "20211": {
            "year_quarter": 20211,
            "year": 2021,
            "quarter": 1,
            "eps": 0.32,
            "eps_growth_year": -47.54,
            "eps_4q": 1.2,
            "eps_4q_growth_year": -34.66,
            "roe": 1.61,
            "roe_4q": 6.53,
            "gross_profit": 48742,
            "gross_margin": 16.47,
            "gross_margin_4q_avg": 19.1,
            "net_income": 27337,
            "net_income_4q": null,
            "revenue": 295945,
            "revenue_4q": null,
            "common_shares": 949337,
            "book_valuer_per_share": 17.42,
            "book_valuer_per_share_4q_avg": 17.56,
            "equity": 1648724,
            "current_ratio": 165.96,
            "debt_ratio": 35.82,
            "inventory_turnover_ratio": 0.67,
            "account_receivable_turnover_ratio": 0.9,
            "reinvestment_rate": 19.13,
            "research_to_sale_ratio": 2.93,
            "price_fair": 54.53,
            "eps_avg_yearly": 1.82,
            "eps_latest_yearly": 1.28,
            "eps_growth_yearly": 19.96
        },
        "20212": {
            "year_quarter": 20212,
            "year": 2021,
            "quarter": 2,
            "eps": 0,
            "eps_growth_year": -100,
            "eps_4q": 0.97,
            "eps_4q_growth_year": -45.37,
            "roe": -0.2,
            "roe_4q": 4.78,
            "gross_profit": 43745,
            "gross_margin": 14.56,
            "gross_margin_4q_avg": 18.58,
            "net_income": -3265,
            "net_income_4q": null,
            "revenue": 300510,
            "revenue_4q": null,
            "common_shares": 949337,
            "book_valuer_per_share": 17.57,
            "book_valuer_per_share_4q_avg": 17.88,
            "equity": 1660129,
            "current_ratio": 220.61,
            "debt_ratio": 39.67,
            "inventory_turnover_ratio": 0.66,
            "account_receivable_turnover_ratio": 0.83,
            "reinvestment_rate": 19.82,
            "research_to_sale_ratio": 1.94,
            "price_fair": 43.76,
            "eps_avg_yearly": 1.8,
            "eps_latest_yearly": 1.28,
            "eps_growth_yearly": 14.31
        },
        "20213": {
            "year_quarter": 20213,
            "year": 2021,
            "quarter": 3,
            "eps": 0.16,
            "eps_growth_year": -46.67,
            "eps_4q": 0.85,
            "eps_4q_growth_year": -37.59,
            "roe": 0.76,
            "roe_4q": 3.99,
            "gross_profit": 42856,
            "gross_margin": 13.87,
            "gross_margin_4q_avg": 16.76,
            "net_income": 12810,
            "net_income_4q": null,
            "revenue": 309091,
            "revenue_4q": null,
            "common_shares": 949337,
            "book_valuer_per_share": 17.84,
            "book_valuer_per_share_4q_avg": 17.82,
            "equity": 1696261,
            "current_ratio": 217.12,
            "debt_ratio": 38.91,
            "inventory_turnover_ratio": 0.7,
            "account_receivable_turnover_ratio": 0.81,
            "reinvestment_rate": 22.23,
            "research_to_sale_ratio": 1.9,
            "price_fair": 34.87,
            "eps_avg_yearly": 1.75,
            "eps_latest_yearly": 1.28,
            "eps_growth_yearly": 9.94
        },
        "20214": {
            "year_quarter": 20214,
            "year": 2021,
            "quarter": 4,
            "eps": -0.02,
            "eps_growth_year": -103.95,
            "eps_4q": 0.46,
            "eps_4q_growth_year": -66.95,
            "roe": -0.32,
            "roe_4q": 1.85,
            "gross_profit": 51483,
            "gross_margin": 14.39,
            "gross_margin_4q_avg": 14.82,
            "net_income": -5460,
            "net_income_4q": null,
            "revenue": 357832,
            "revenue_4q": null,
            "common_shares": 949337,
            "book_valuer_per_share": 17.95,
            "book_valuer_per_share_4q_avg": 17.7,
            "equity": 1703012,
            "current_ratio": 212.55,
            "debt_ratio": 39.45,
            "inventory_turnover_ratio": 0.82,
            "account_receivable_turnover_ratio": 0.92,
            "reinvestment_rate": 16.55,
            "research_to_sale_ratio": 2.34,
            "price_fair": 58.14,
            "eps_avg_yearly": 1.77,
            "eps_latest_yearly": 1.28,
            "eps_growth_yearly": 22.92
        },
        "20221": {
            "year_quarter": 20221,
            "year": 2022,
            "quarter": 1,
            "eps": 0.52,
            "eps_growth_year": 62.5,
            "eps_4q": 0.66,
            "eps_4q_growth_year": -45.12,
            "roe": 2.65,
            "roe_4q": 2.8899999999999997,
            "gross_profit": 89627,
            "gross_margin": 21.49,
            "gross_margin_4q_avg": 16.08,
            "net_income": 45427,
            "net_income_4q": null,
            "revenue": 417129,
            "revenue_4q": null,
            "common_shares": 949337,
            "book_valuer_per_share": 18.17,
            "book_valuer_per_share_4q_avg": 17.88,
            "equity": 1720064,
            "current_ratio": 232.1,
            "debt_ratio": 37.4,
            "inventory_turnover_ratio": 0.9,
            "account_receivable_turnover_ratio": 0.99,
            "reinvestment_rate": 24.09,
            "research_to_sale_ratio": 3.18,
            "price_fair": 28.16,
            "eps_avg_yearly": 1.72,
            "eps_latest_yearly": 1.28,
            "eps_growth_yearly": 6.41
        },
        "20222": {
            "year_quarter": 20222,
            "year": 2022,
            "quarter": 2,
            "eps": 0.57,
            "eps_growth_year": null,
            "eps_4q": 1.23,
            "eps_4q_growth_year": 25.93,
            "roe": 3.06,
            "roe_4q": 6.1499999999999995,
            "gross_profit": 115177,
            "gross_margin": 26.42,
            "gross_margin_4q_avg": 19.04,
            "net_income": 52265,
            "net_income_4q": null,
            "revenue": 435893,
            "revenue_4q": null,
            "common_shares": 949337,
            "book_valuer_per_share": 17.96,
            "book_valuer_per_share_4q_avg": 17.98,
            "equity": 1699126,
            "current_ratio": 200.32,
            "debt_ratio": 41.25,
            "inventory_turnover_ratio": 0.92,
            "account_receivable_turnover_ratio": 0.86,
            "reinvestment_rate": 19.03,
            "research_to_sale_ratio": 3.21,
            "price_fair": 54.92,
            "eps_avg_yearly": 1.78,
            "eps_latest_yearly": 2.28,
            "eps_growth_yearly": 20.91
        },
        "20223": {
            "year_quarter": 20223,
            "year": 2022,
            "quarter": 3,
            "eps": 0.49,
            "eps_growth_year": 206.25,
            "eps_4q": 1.54,
            "eps_4q_growth_year": 81.56,
            "roe": 2.64,
            "roe_4q": 8.03,
            "gross_profit": 68902,
            "gross_margin": 22.34,
            "gross_margin_4q_avg": 21.16,
            "net_income": 45741,
            "net_income_4q": null,
            "revenue": 308371,
            "revenue_4q": null,
            "common_shares": 956730,
            "book_valuer_per_share": 18.46,
            "book_valuer_per_share_4q_avg": 18.14,
            "equity": 1759528,
            "current_ratio": 174.11,
            "debt_ratio": 41.46,
            "inventory_turnover_ratio": 0.64,
            "account_receivable_turnover_ratio": 0.58,
            "reinvestment_rate": 73.01,
            "research_to_sale_ratio": 3.82,
            "price_fair": 5.17,
            "eps_avg_yearly": 1.72,
            "eps_latest_yearly": 1.96,
            "eps_growth_yearly": -5.99
        },
        "20224": {
            "year_quarter": 20224,
            "year": 2022,
            "quarter": 4,
            "eps": -0.05,
            "eps_growth_year": null,
            "eps_4q": 1.44,
            "eps_4q_growth_year": 214.93,
            "roe": -0.37,
            "roe_4q": 7.98,
            "gross_profit": 71252,
            "gross_margin": 22.12,
            "gross_margin_4q_avg": 23.09,
            "net_income": -6707,
            "net_income_4q": null,
            "revenue": 322130,
            "revenue_4q": null,
            "common_shares": 995023,
            "book_valuer_per_share": 18.54,
            "book_valuer_per_share_4q_avg": 18.28,
            "equity": 1846412,
            "current_ratio": 184.32,
            "debt_ratio": 39.68,
            "inventory_turnover_ratio": 0.61,
            "account_receivable_turnover_ratio": 0.72,
            "reinvestment_rate": 71.92,
            "research_to_sale_ratio": 3,
            "price_fair": 5.04,
            "eps_avg_yearly": 1.68,
            "eps_latest_yearly": 1.96,
            "eps_growth_yearly": -0.94
        },
        "20231": {
            "year_quarter": 20231,
            "year": 2023,
            "quarter": 1,
            "eps": 0.18,
            "eps_growth_year": -65.38,
            "eps_4q": 0.98,
            "eps_4q_growth_year": 49.36,
            "roe": 0.85,
            "roe_4q": 6.18,
            "gross_profit": 74946,
            "gross_margin": 23.35,
            "gross_margin_4q_avg": 23.56,
            "net_income": 17437,
            "net_income_4q": null,
            "revenue": 321031,
            "revenue_4q": null,
            "common_shares": 1148692,
            "book_valuer_per_share": 19.47,
            "book_valuer_per_share_4q_avg": 18.61,
            "equity": 2237921,
            "current_ratio": 185.69,
            "debt_ratio": 27.25,
            "inventory_turnover_ratio": 0.59,
            "account_receivable_turnover_ratio": 0.82,
            "reinvestment_rate": 77.89,
            "research_to_sale_ratio": 3.03,
            "price_fair": 34.86,
            "eps_avg_yearly": 1.69,
            "eps_latest_yearly": 1.96,
            "eps_growth_yearly": 10.6
        },
        "20232": {
            "year_quarter": 20232,
            "year": 2023,
            "quarter": 2,
            "eps": 0.13,
            "eps_growth_year": -77.19,
            "eps_4q": 0.57,
            "eps_4q_growth_year": -53.11,
            "roe": 0.59,
            "roe_4q": 3.71,
            "gross_profit": 67620,
            "gross_margin": 21.17,
            "gross_margin_4q_avg": 22.25,
            "net_income": 12991,
            "net_income_4q": null,
            "revenue": 319389,
            "revenue_4q": null,
            "common_shares": 1168926,
            "book_valuer_per_share": 18.4,
            "book_valuer_per_share_4q_avg": 18.72,
            "equity": 2150526,
            "current_ratio": 180.76,
            "debt_ratio": 27.55,
            "inventory_turnover_ratio": 0.65,
            "account_receivable_turnover_ratio": 0.8,
            "reinvestment_rate": 80.51,
            "research_to_sale_ratio": 4.33,
            "price_fair": 23.51,
            "eps_avg_yearly": 1.61,
            "eps_latest_yearly": 0.52,
            "eps_growth_yearly": 4.62
        },
        "20233": {
            "year_quarter": 20233,
            "year": 2023,
            "quarter": 3,
            "eps": 0.01,
            "eps_growth_year": -97.96,
            "eps_4q": 0.19,
            "eps_4q_growth_year": -87.87,
            "roe": -0.04,
            "roe_4q": 1.0299999999999998,
            "gross_profit": 33844,
            "gross_margin": 12.28,
            "gross_margin_4q_avg": 19.73,
            "net_income": -920,
            "net_income_4q": null,
            "revenue": 275700,
            "revenue_4q": null,
            "common_shares": 1296687,
            "book_valuer_per_share": 18.42,
            "book_valuer_per_share_4q_avg": 18.71,
            "equity": 2385733,
            "current_ratio": 200.62,
            "debt_ratio": 26.03,
            "inventory_turnover_ratio": 0.64,
            "account_receivable_turnover_ratio": 0.64,
            "reinvestment_rate": 88.76,
            "research_to_sale_ratio": 2.55,
            "price_fair": 4.21,
            "eps_avg_yearly": 1.4,
            "eps_latest_yearly": 0.04,
            "eps_growth_yearly": -53.48
        }
    },
    "months": {
        "2010-12": {
            "month": "2010-12",
            "price": "44.26",
            "revenue": 35697
        },
        "2011-01": {
            "month": "2011-01",
            "price": "40.52",
            "revenue": 38319
        },
        "2011-02": {
            "month": "2011-02",
            "price": "38.95",
            "revenue": 32957
        },
        "2011-03": {
            "month": "2011-03",
            "price": "37.75",
            "revenue": 28283
        },
        "2011-04": {
            "month": "2011-04",
            "price": "37.26",
            "revenue": 40213
        },
        "2011-05": {
            "month": "2011-05",
            "price": "37.05",
            "revenue": 37406
        },
        "2011-06": {
            "month": "2011-06",
            "price": "34.97",
            "revenue": 41405
        },
        "2011-07": {
            "month": "2011-07",
            "price": "27.36",
            "revenue": 35041
        },
        "2011-08": {
            "month": "2011-08",
            "price": "23.25",
            "revenue": 33731
        },
        "2011-09": {
            "month": "2011-09",
            "price": "26.70",
            "revenue": 63601
        },
        "2011-10": {
            "month": "2011-10",
            "price": "31.17",
            "revenue": 50750
        },
        "2011-11": {
            "month": "2011-11",
            "price": "31.58",
            "revenue": 52925
        },
        "2011-12": {
            "month": "2011-12",
            "price": "31.96",
            "revenue": 47906
        },
        "2012-01": {
            "month": "2012-01",
            "price": "34.79",
            "revenue": 53921
        },
        "2012-02": {
            "month": "2012-02",
            "price": "40.97",
            "revenue": 48723
        },
        "2012-03": {
            "month": "2012-03",
            "price": "46.94",
            "revenue": 55023
        },
        "2012-04": {
            "month": "2012-04",
            "price": "56.35",
            "revenue": 55582
        },
        "2012-05": {
            "month": "2012-05",
            "price": "51.46",
            "revenue": 43813
        },
        "2012-06": {
            "month": "2012-06",
            "price": "41.91",
            "revenue": 49939
        },
        "2012-07": {
            "month": "2012-07",
            "price": "36.66",
            "revenue": 54347
        },
        "2012-08": {
            "month": "2012-08",
            "price": "34.53",
            "revenue": 48995
        },
        "2012-09": {
            "month": "2012-09",
            "price": "34.60",
            "revenue": 50302
        },
        "2012-10": {
            "month": "2012-10",
            "price": "36.18",
            "revenue": 64830
        },
        "2012-11": {
            "month": "2012-11",
            "price": "36.63",
            "revenue": 64092
        },
        "2012-12": {
            "month": "2012-12",
            "price": "40.89",
            "revenue": 67129
        },
        "2013-01": {
            "month": "2013-01",
            "price": "50.89",
            "revenue": 80311
        },
        "2013-02": {
            "month": "2013-02",
            "price": "55.46",
            "revenue": 52187
        },
        "2013-03": {
            "month": "2013-03",
            "price": "60.70",
            "revenue": 71266
        },
        "2013-04": {
            "month": "2013-04",
            "price": "67.93",
            "revenue": 100918
        },
        "2013-05": {
            "month": "2013-05",
            "price": "72.77",
            "revenue": 103260
        },
        "2013-06": {
            "month": "2013-06",
            "price": "76.88",
            "revenue": 105963
        },
        "2013-07": {
            "month": "2013-07",
            "price": "88.97",
            "revenue": 126801
        },
        "2013-08": {
            "month": "2013-08",
            "price": "77.00",
            "revenue": 124791
        },
        "2013-09": {
            "month": "2013-09",
            "price": "78.04",
            "revenue": 104730
        },
        "2013-10": {
            "month": "2013-10",
            "price": "69.68",
            "revenue": 58309
        },
        "2013-11": {
            "month": "2013-11",
            "price": "64.73",
            "revenue": 86223
        },
        "2013-12": {
            "month": "2013-12",
            "price": "68.88",
            "revenue": 59521
        },
        "2014-01": {
            "month": "2014-01",
            "price": "64.72",
            "revenue": 65540
        },
        "2014-02": {
            "month": "2014-02",
            "price": "61.73",
            "revenue": 68069
        },
        "2014-03": {
            "month": "2014-03",
            "price": "60.43",
            "revenue": 71342
        },
        "2014-04": {
            "month": "2014-04",
            "price": "57.18",
            "revenue": 50576
        },
        "2014-05": {
            "month": "2014-05",
            "price": "50.89",
            "revenue": 56737
        },
        "2014-06": {
            "month": "2014-06",
            "price": "54.91",
            "revenue": 61524
        },
        "2014-07": {
            "month": "2014-07",
            "price": "54.44",
            "revenue": 45604
        },
        "2014-08": {
            "month": "2014-08",
            "price": "39.84",
            "revenue": 51329
        },
        "2014-09": {
            "month": "2014-09",
            "price": "30.63",
            "revenue": 37845
        },
        "2014-10": {
            "month": "2014-10",
            "price": "27.07",
            "revenue": 26931
        },
        "2014-11": {
            "month": "2014-11",
            "price": "28.52",
            "revenue": 50633
        },
        "2014-12": {
            "month": "2014-12",
            "price": "36.40",
            "revenue": 47352
        },
        "2015-01": {
            "month": "2015-01",
            "price": "34.64",
            "revenue": 47703
        },
        "2015-02": {
            "month": "2015-02",
            "price": "35.28",
            "revenue": 44399
        },
        "2015-03": {
            "month": "2015-03",
            "price": "36.09",
            "revenue": 73227
        },
        "2015-04": {
            "month": "2015-04",
            "price": "36.01",
            "revenue": 77356
        },
        "2015-05": {
            "month": "2015-05",
            "price": "34.17",
            "revenue": 72569
        },
        "2015-06": {
            "month": "2015-06",
            "price": "30.50",
            "revenue": 81565
        },
        "2015-07": {
            "month": "2015-07",
            "price": "28.04",
            "revenue": 73295
        },
        "2015-08": {
            "month": "2015-08",
            "price": "25.92",
            "revenue": 59809
        },
        "2015-09": {
            "month": "2015-09",
            "price": "26.80",
            "revenue": 72007
        },
        "2015-10": {
            "month": "2015-10",
            "price": "25.50",
            "revenue": 70832
        },
        "2015-11": {
            "month": "2015-11",
            "price": "24.68",
            "revenue": 101865
        },
        "2015-12": {
            "month": "2015-12",
            "price": "30.00",
            "revenue": 83630
        },
        "2016-01": {
            "month": "2016-01",
            "price": "29.10",
            "revenue": 83634
        },
        "2016-02": {
            "month": "2016-02",
            "price": "27.99",
            "revenue": 71142
        },
        "2016-03": {
            "month": "2016-03",
            "price": "27.96",
            "revenue": 83652
        },
        "2016-04": {
            "month": "2016-04",
            "price": "26.95",
            "revenue": 69293
        },
        "2016-05": {
            "month": "2016-05",
            "price": "27.92",
            "revenue": 81541
        },
        "2016-06": {
            "month": "2016-06",
            "price": "27.68",
            "revenue": 96076
        },
        "2016-07": {
            "month": "2016-07",
            "price": "28.21",
            "revenue": 88406
        },
        "2016-08": {
            "month": "2016-08",
            "price": "28.56",
            "revenue": 80458
        },
        "2016-09": {
            "month": "2016-09",
            "price": "28.31",
            "revenue": 81271
        },
        "2016-10": {
            "month": "2016-10",
            "price": "31.96",
            "revenue": 90363
        },
        "2016-11": {
            "month": "2016-11",
            "price": "31.71",
            "revenue": 109318
        },
        "2016-12": {
            "month": "2016-12",
            "price": "30.86",
            "revenue": 105570
        },
        "2017-01": {
            "month": "2017-01",
            "price": "29.60",
            "revenue": 97474
        },
        "2017-02": {
            "month": "2017-02",
            "price": "30.52",
            "revenue": 77820
        },
        "2017-03": {
            "month": "2017-03",
            "price": "32.72",
            "revenue": 115366
        },
        "2017-04": {
            "month": "2017-04",
            "price": "33.03",
            "revenue": 117103
        },
        "2017-05": {
            "month": "2017-05",
            "price": "35.28",
            "revenue": 84639
        },
        "2017-06": {
            "month": "2017-06",
            "price": "38.64",
            "revenue": 137664
        },
        "2017-07": {
            "month": "2017-07",
            "price": "38.06",
            "revenue": 97164
        },
        "2017-08": {
            "month": "2017-08",
            "price": "37.49",
            "revenue": 143057
        },
        "2017-09": {
            "month": "2017-09",
            "price": "35.15",
            "revenue": 103360
        },
        "2017-10": {
            "month": "2017-10",
            "price": "35.34",
            "revenue": 80991
        },
        "2017-11": {
            "month": "2017-11",
            "price": "34.73",
            "revenue": 87415
        },
        "2017-12": {
            "month": "2017-12",
            "price": "32.90",
            "revenue": 91454
        },
        "2018-01": {
            "month": "2018-01",
            "price": "30.51",
            "revenue": 98435
        },
        "2018-02": {
            "month": "2018-02",
            "price": "27.83",
            "revenue": 93293
        },
        "2018-03": {
            "month": "2018-03",
            "price": "30.32",
            "revenue": 103072
        },
        "2018-04": {
            "month": "2018-04",
            "price": "31.32",
            "revenue": 89339
        },
        "2018-05": {
            "month": "2018-05",
            "price": "30.02",
            "revenue": 58162
        },
        "2018-06": {
            "month": "2018-06",
            "price": "29.32",
            "revenue": 108781
        },
        "2018-07": {
            "month": "2018-07",
            "price": "26.86",
            "revenue": 109899
        },
        "2018-08": {
            "month": "2018-08",
            "price": "25.94",
            "revenue": 81793
        },
        "2018-09": {
            "month": "2018-09",
            "price": "24.80",
            "revenue": 75093
        },
        "2018-10": {
            "month": "2018-10",
            "price": "25.52",
            "revenue": 111565
        },
        "2018-11": {
            "month": "2018-11",
            "price": "25.42",
            "revenue": 81789
        },
        "2018-12": {
            "month": "2018-12",
            "price": "25.15",
            "revenue": 108612
        },
        "2019-01": {
            "month": "2019-01",
            "price": "25.78",
            "revenue": 88914
        },
        "2019-02": {
            "month": "2019-02",
            "price": "26.27",
            "revenue": 72125
        },
        "2019-03": {
            "month": "2019-03",
            "price": "27.33",
            "revenue": 120887
        },
        "2019-04": {
            "month": "2019-04",
            "price": "29.58",
            "revenue": 81757
        },
        "2019-05": {
            "month": "2019-05",
            "price": "28.46",
            "revenue": 110507
        },
        "2019-06": {
            "month": "2019-06",
            "price": "28.50",
            "revenue": 101019
        },
        "2019-07": {
            "month": "2019-07",
            "price": "28.88",
            "revenue": 82393
        },
        "2019-08": {
            "month": "2019-08",
            "price": "29.27",
            "revenue": 104753
        },
        "2019-09": {
            "month": "2019-09",
            "price": "33.44",
            "revenue": 103968
        },
        "2019-10": {
            "month": "2019-10",
            "price": "37.98",
            "revenue": 120663
        },
        "2019-11": {
            "month": "2019-11",
            "price": "35.51",
            "revenue": 118386
        },
        "2019-12": {
            "month": "2019-12",
            "price": "33.49",
            "revenue": 134622
        },
        "2020-01": {
            "month": "2020-01",
            "price": "32.07",
            "revenue": 147616
        },
        "2020-02": {
            "month": "2020-02",
            "price": "33.22",
            "revenue": 101439
        },
        "2020-03": {
            "month": "2020-03",
            "price": "28.99",
            "revenue": 121803
        },
        "2020-04": {
            "month": "2020-04",
            "price": "27.28",
            "revenue": 110169
        },
        "2020-05": {
            "month": "2020-05",
            "price": "29.85",
            "revenue": 104787
        },
        "2020-06": {
            "month": "2020-06",
            "price": "30.32",
            "revenue": 104273
        },
        "2020-07": {
            "month": "2020-07",
            "price": "28.28",
            "revenue": 105346
        },
        "2020-08": {
            "month": "2020-08",
            "price": "27.04",
            "revenue": 107176
        },
        "2020-09": {
            "month": "2020-09",
            "price": "29.27",
            "revenue": 129401
        },
        "2020-10": {
            "month": "2020-10",
            "price": "29.67",
            "revenue": 205049
        },
        "2020-11": {
            "month": "2020-11",
            "price": "29.58",
            "revenue": 120532
        },
        "2020-12": {
            "month": "2020-12",
            "price": "27.46",
            "revenue": 126795
        },
        "2021-01": {
            "month": "2021-01",
            "price": "26.12",
            "revenue": 101700
        },
        "2021-02": {
            "month": "2021-02",
            "price": "25.84",
            "revenue": 106005
        },
        "2021-03": {
            "month": "2021-03",
            "price": "26.67",
            "revenue": 88240
        },
        "2021-04": {
            "month": "2021-04",
            "price": "26.47",
            "revenue": 84995
        },
        "2021-05": {
            "month": "2021-05",
            "price": "24.56",
            "revenue": 126531
        },
        "2021-06": {
            "month": "2021-06",
            "price": "25.43",
            "revenue": 88984
        },
        "2021-07": {
            "month": "2021-07",
            "price": "24.46",
            "revenue": 125842
        },
        "2021-08": {
            "month": "2021-08",
            "price": "23.11",
            "revenue": 74287
        },
        "2021-09": {
            "month": "2021-09",
            "price": "22.72",
            "revenue": 108962
        },
        "2021-10": {
            "month": "2021-10",
            "price": "23.12",
            "revenue": 100972
        },
        "2021-11": {
            "month": "2021-11",
            "price": "23.45",
            "revenue": 109778
        },
        "2021-12": {
            "month": "2021-12",
            "price": "23.21",
            "revenue": 147082
        },
        "2022-01": {
            "month": "2022-01",
            "price": "23.04",
            "revenue": 145615
        },
        "2022-02": {
            "month": "2022-02",
            "price": "23.08",
            "revenue": 101142
        },
        "2022-03": {
            "month": "2022-03",
            "price": "22.62",
            "revenue": 170372
        },
        "2022-04": {
            "month": "2022-04",
            "price": "23.69",
            "revenue": 115861
        },
        "2022-05": {
            "month": "2022-05",
            "price": "23.02",
            "revenue": 162245
        },
        "2022-06": {
            "month": "2022-06",
            "price": "23.55",
            "revenue": 157787
        },
        "2022-07": {
            "month": "2022-07",
            "price": "22.65",
            "revenue": 84005
        },
        "2022-08": {
            "month": "2022-08",
            "price": "23.21",
            "revenue": 118701
        },
        "2022-09": {
            "month": "2022-09",
            "price": "25.10",
            "revenue": 105665
        },
        "2022-10": {
            "month": "2022-10",
            "price": "23.60",
            "revenue": 85666
        },
        "2022-11": {
            "month": "2022-11",
            "price": "25.49",
            "revenue": 171351
        },
        "2022-12": {
            "month": "2022-12",
            "price": "27.04",
            "revenue": 65113
        },
        "2023-01": {
            "month": "2023-01",
            "price": "27.97",
            "revenue": 145946
        },
        "2023-02": {
            "month": "2023-02",
            "price": "32.86",
            "revenue": 54763
        },
        "2023-03": {
            "month": "2023-03",
            "price": "35.54",
            "revenue": 120322
        },
        "2023-04": {
            "month": "2023-04",
            "price": "34.31",
            "revenue": 66672
        },
        "2023-05": {
            "month": "2023-05",
            "price": "35.34",
            "revenue": 105662
        },
        "2023-06": {
            "month": "2023-06",
            "price": "36.24",
            "revenue": 147055
        },
        "2023-07": {
            "month": "2023-07",
            "price": "35.70",
            "revenue": 92213
        },
        "2023-08": {
            "month": "2023-08",
            "price": "32.57",
            "revenue": 96208
        },
        "2023-09": {
            "month": "2023-09",
            "price": "28.83",
            "revenue": 87279
        },
        "2023-10": {
            "month": "2023-10",
            "price": "24.64",
            "revenue": 86110
        },
        "2023-11": {
            "month": "2023-11",
            "price": "25.00",
            "revenue": 94309
        },
        "2023-12": {
            "month": "2023-12",
            "price": "25.44",
            "revenue": 95446
        }
    }
}
