{
    "summary": {
        "stock_name": "太景*-KY",
        "stock_id": "4157",
        "category": "生技醫療",
        "main_business": "新藥研發",
        "website_url": "http://www.taigenbiotech.com/",
        "ceo": "黃國龍",
        "pe_ratio": -0,
        "report_year_from": 2011,
        "report_year_to": 2023,
        "age": 12,
        "eps_negative_percentage": 100,
        "eps_growth_avg": {
            "last_all": null,
            "last_2y": null,
            "last_4y": null,
            "last_8y": null,
            "last_12y": null,
            "last_16y": null,
            "last_20y": null,
            "at_2006_last_3y": null,
            "at_2007_last_3y": null,
            "at_2008_last_3y": null,
            "at_2009_last_3y": null,
            "at_2010_last_3y": null,
            "at_2011_last_3y": null,
            "at_2012_last_3y": null,
            "at_2013_last_3y": null,
            "at_2014_last_3y": null,
            "at_2015_last_3y": null,
            "at_2016_last_3y": null,
            "at_2017_last_3y": null,
            "at_2018_last_3y": null,
            "at_2019_last_3y": null,
            "at_2020_last_3y": null,
            "at_2021_last_3y": null,
            "at_2022_last_3y": null,
            "at_2023_last_3y": null,
            "at_2006_last_all": null,
            "at_2007_last_all": null,
            "at_2008_last_all": null,
            "at_2009_last_all": null,
            "at_2010_last_all": null,
            "at_2011_last_all": null,
            "at_2012_last_all": null,
            "at_2013_last_all": null,
            "at_2014_last_all": null,
            "at_2015_last_all": null,
            "at_2016_last_all": null,
            "at_2017_last_all": null,
            "at_2018_last_all": null,
            "at_2019_last_all": null,
            "at_2020_last_all": null,
            "at_2021_last_all": null,
            "at_2022_last_all": null,
            "at_2023_last_all": null
        },
        "latest_eps": -121.65,
        "latest_price": 14.95,
        "latest_roe": -23.97,
        "latest_gross_margin": 55.22,
        "latest_equity": 916708,
        "latest_revenue": 5762,
        "latest_gross_profit": 3182,
        "latest_net_income": -50388,
        "latest_debt_ratio": 8.39,
        "latest_current_ratio": 1363.43,
        "latest_account_receivable_turnover_ratio": 0.31,
        "latest_inventory_turnover_ratio": 0.17,
        "latest_reinvestment_rate": null,
        "latest_research_to_sale_ratio": 581.33
    },
    "eps_dividends": {
        "2001": {
            "cash": 0,
            "stock": 0,
            "eps": 0
        },
        "2002": {
            "cash": 0,
            "stock": 0,
            "eps": 0
        },
        "2003": {
            "cash": 0,
            "stock": 0,
            "eps": 0
        },
        "2004": {
            "cash": 0,
            "stock": 0,
            "eps": 0
        },
        "2005": {
            "cash": 0,
            "stock": 0,
            "eps": 0
        },
        "2006": {
            "cash": 0,
            "stock": 0,
            "eps": 0
        },
        "2007": {
            "cash": 0,
            "stock": 0,
            "eps": 0
        },
        "2008": {
            "cash": 0,
            "stock": 0,
            "eps": 0
        },
        "2009": {
            "cash": 0,
            "stock": 0,
            "eps": 0
        },
        "2010": {
            "cash": 0,
            "stock": 0,
            "eps": 0
        },
        "2011": {
            "cash": 0,
            "stock": 0,
            "eps": 0
        },
        "2012": {
            "cash": 0,
            "stock": 0,
            "eps": 0
        },
        "2013": {
            "cash": 0,
            "stock": 0,
            "eps": -124.84
        },
        "2014": {
            "cash": 0,
            "stock": 0,
            "eps": -56.54
        },
        "2015": {
            "cash": 0,
            "stock": 0,
            "eps": -59.45
        },
        "2016": {
            "cash": 0,
            "stock": 0,
            "eps": -27
        },
        "2017": {
            "cash": 0,
            "stock": 0,
            "eps": -61.37
        },
        "2018": {
            "cash": 0,
            "stock": 0,
            "eps": -46.15
        },
        "2019": {
            "cash": 0,
            "stock": 0,
            "eps": -95.46
        },
        "2020": {
            "cash": 0,
            "stock": 0,
            "eps": -62.68
        },
        "2021": {
            "cash": 0,
            "stock": 0,
            "eps": -65.45
        },
        "2022": {
            "cash": 0,
            "stock": 0,
            "eps": -53.86
        },
        "2023": {
            "cash": 0,
            "stock": 0,
            "eps": -0.07
        }
    },
    "dividends": [],
    "prices": {
        "200101": "無",
        "200102": "無",
        "200103": "無",
        "200104": "無",
        "200105": "無",
        "200106": "無",
        "200107": "無",
        "200108": "無",
        "200109": "無",
        "200110": "無",
        "200111": "無",
        "200112": "無",
        "200201": "無",
        "200202": "無",
        "200203": "無",
        "200204": "無",
        "200205": "無",
        "200206": "無",
        "200207": "無",
        "200208": "無",
        "200209": "無",
        "200210": "無",
        "200211": "無",
        "200212": "無",
        "200301": "無",
        "200302": "無",
        "200303": "無",
        "200304": "無",
        "200305": "無",
        "200306": "無",
        "200307": "無",
        "200308": "無",
        "200309": "無",
        "200310": "無",
        "200311": "無",
        "200312": "無",
        "200401": "無",
        "200402": "無",
        "200403": "無",
        "200404": "無",
        "200405": "無",
        "200406": "無",
        "200407": "無",
        "200408": "無",
        "200409": "無",
        "200410": "無",
        "200411": "無",
        "200412": "無",
        "200501": "無",
        "200502": "無",
        "200503": "無",
        "200504": "無",
        "200505": "無",
        "200506": "無",
        "200507": "無",
        "200508": "無",
        "200509": "無",
        "200510": "無",
        "200511": "無",
        "200512": "無",
        "200601": "無",
        "200602": "無",
        "200603": "無",
        "200604": "無",
        "200605": "無",
        "200606": "無",
        "200607": "無",
        "200608": "無",
        "200609": "無",
        "200610": "無",
        "200611": "無",
        "200612": "無",
        "200701": "無",
        "200702": "無",
        "200703": "無",
        "200704": "無",
        "200705": "無",
        "200706": "無",
        "200707": "無",
        "200708": "無",
        "200709": "無",
        "200710": "無",
        "200711": "無",
        "200712": "無",
        "200801": "無",
        "200802": "無",
        "200803": "無",
        "200804": "無",
        "200805": "無",
        "200806": "無",
        "200807": "無",
        "200808": "無",
        "200809": "無",
        "200810": "無",
        "200811": "無",
        "200812": "無",
        "200901": "無",
        "200902": "無",
        "200903": "無",
        "200904": "無",
        "200905": "無",
        "200906": "無",
        "200907": "無",
        "200908": "無",
        "200909": "無",
        "200910": "無",
        "200911": "無",
        "200912": "無",
        "201001": "無",
        "201002": "無",
        "201003": "無",
        "201004": "無",
        "201005": "無",
        "201006": "無",
        "201007": "無",
        "201008": "無",
        "201009": "無",
        "201010": "無",
        "201011": "無",
        "201012": "無",
        "201101": "無",
        "201102": "無",
        "201103": "無",
        "201104": "無",
        "201105": "無",
        "201106": "無",
        "201107": "無",
        "201108": "無",
        "201109": "無",
        "201110": "無",
        "201111": "無",
        "201112": "無",
        "201201": "無",
        "201202": "無",
        "201203": "無",
        "201204": "無",
        "201205": "無",
        "201206": "無",
        "201207": "無",
        "201208": "無",
        "201209": "無",
        "201210": "無",
        "201211": "無",
        "201212": "無",
        "201301": "無",
        "201302": "無",
        "201303": "無",
        "201304": "無",
        "201305": "無",
        "201306": "無",
        "201307": "無",
        "201308": "50.31",
        "201309": "53.52",
        "201310": "58.24",
        "201311": "60.79",
        "201312": "61.24",
        "201401": "51.30",
        "201402": "55.87",
        "201403": "59.82",
        "201404": "53.03",
        "201405": "52.70",
        "201406": "51.81",
        "201407": "49.04",
        "201408": "40.30",
        "201409": "43.00",
        "201410": "38.38",
        "201411": "34.63",
        "201412": "38.28",
        "201501": "36.71",
        "201502": "36.05",
        "201503": "35.86",
        "201504": "32.76",
        "201505": "31.08",
        "201506": "28.99",
        "201507": "26.73",
        "201508": "24.65",
        "201509": "25.60",
        "201510": "27.92",
        "201511": "29.14",
        "201512": "34.27",
        "201601": "29.40",
        "201602": "28.47",
        "201603": "27.40",
        "201604": "27.10",
        "201605": "26.39",
        "201606": "28.40",
        "201607": "31.08",
        "201608": "29.40",
        "201609": "28.17",
        "201610": "29.35",
        "201611": "29.42",
        "201612": "28.41",
        "201701": "26.93",
        "201702": "27.32",
        "201703": "26.46",
        "201704": "23.81",
        "201705": "21.41",
        "201706": "23.10",
        "201707": "23.43",
        "201708": "22.84",
        "201709": "21.83",
        "201710": "20.88",
        "201711": "21.66",
        "201712": "21.72",
        "201801": "22.24",
        "201802": "24.27",
        "201803": "23.88",
        "201804": "23.50",
        "201805": "23.12",
        "201806": "22.00",
        "201807": "20.94",
        "201808": "20.44",
        "201809": "20.05",
        "201810": "17.96",
        "201811": "16.36",
        "201812": "17.31",
        "201901": "17.40",
        "201902": "17.56",
        "201903": "17.34",
        "201904": "17.85",
        "201905": "16.54",
        "201906": "16.59",
        "201907": "17.36",
        "201908": "16.86",
        "201909": "17.49",
        "201910": "17.71",
        "201911": "21.59",
        "201912": "18.84",
        "202001": "19.38",
        "202002": "21.79",
        "202003": "15.47",
        "202004": "13.22",
        "202005": "17.57",
        "202006": "21.64",
        "202007": "27.06",
        "202008": "24.07",
        "202009": "21.75",
        "202010": "23.77",
        "202011": "22.92",
        "202012": "22.65",
        "202101": "19.91",
        "202102": "18.72",
        "202103": "21.21",
        "202104": "23.75",
        "202105": "21.44",
        "202106": "20.05",
        "202107": "19.15",
        "202108": "18.16",
        "202109": "17.35",
        "202110": "16.02",
        "202111": "15.20",
        "202112": "15.50",
        "202201": "14.69",
        "202202": "15.71",
        "202203": "17.08",
        "202204": "17.30",
        "202205": "15.82",
        "202206": "16.75",
        "202207": "17.57",
        "202208": "17.64",
        "202209": "17.14",
        "202210": "14.54",
        "202211": "15.04",
        "202212": "16.22",
        "202301": "15.27",
        "202302": "15.76",
        "202303": "15.13",
        "202304": "15.28",
        "202305": "15.29"
    },
    "quarters": {
        "20011": {
            "year_quarter": 20011,
            "year": 2001,
            "quarter": 1,
            "eps": null,
            "eps_growth_year": null,
            "eps_4q": null,
            "eps_4q_growth_year": null,
            "roe": null,
            "roe_4q": 0,
            "gross_profit": null,
            "gross_margin": null,
            "gross_margin_4q_avg": 0,
            "net_income": null,
            "revenue": null,
            "common_shares": null,
            "book_valuer_per_share": null,
            "book_valuer_per_share_4q_avg": 0,
            "equity": null,
            "current_ratio": null,
            "debt_ratio": null,
            "inventory_turnover_ratio": null,
            "account_receivable_turnover_ratio": null,
            "reinvestment_rate": null,
            "research_to_sale_ratio": null,
            "price_fair": 0,
            "eps_avg_yearly": 0,
            "eps_latest_yearly": 0,
            "eps_growth_yearly": 0
        },
        "20012": {
            "year_quarter": 20012,
            "year": 2001,
            "quarter": 2,
            "eps": null,
            "eps_growth_year": null,
            "eps_4q": null,
            "eps_4q_growth_year": null,
            "roe": null,
            "roe_4q": 0,
            "gross_profit": null,
            "gross_margin": null,
            "gross_margin_4q_avg": 0,
            "net_income": null,
            "revenue": null,
            "common_shares": null,
            "book_valuer_per_share": null,
            "book_valuer_per_share_4q_avg": 0,
            "equity": null,
            "current_ratio": null,
            "debt_ratio": null,
            "inventory_turnover_ratio": null,
            "account_receivable_turnover_ratio": null,
            "reinvestment_rate": null,
            "research_to_sale_ratio": null,
            "price_fair": 0,
            "eps_avg_yearly": 0,
            "eps_latest_yearly": 0,
            "eps_growth_yearly": 0
        },
        "20013": {
            "year_quarter": 20013,
            "year": 2001,
            "quarter": 3,
            "eps": null,
            "eps_growth_year": null,
            "eps_4q": null,
            "eps_4q_growth_year": null,
            "roe": null,
            "roe_4q": 0,
            "gross_profit": null,
            "gross_margin": null,
            "gross_margin_4q_avg": 0,
            "net_income": null,
            "revenue": null,
            "common_shares": null,
            "book_valuer_per_share": null,
            "book_valuer_per_share_4q_avg": 0,
            "equity": null,
            "current_ratio": null,
            "debt_ratio": null,
            "inventory_turnover_ratio": null,
            "account_receivable_turnover_ratio": null,
            "reinvestment_rate": null,
            "research_to_sale_ratio": null,
            "price_fair": 0,
            "eps_avg_yearly": 0,
            "eps_latest_yearly": 0,
            "eps_growth_yearly": 0
        },
        "20014": {
            "year_quarter": 20014,
            "year": 2001,
            "quarter": 4,
            "eps": null,
            "eps_growth_year": null,
            "eps_4q": null,
            "eps_4q_growth_year": null,
            "roe": null,
            "roe_4q": 0,
            "gross_profit": null,
            "gross_margin": null,
            "gross_margin_4q_avg": 0,
            "net_income": null,
            "revenue": null,
            "common_shares": null,
            "book_valuer_per_share": null,
            "book_valuer_per_share_4q_avg": 0,
            "equity": null,
            "current_ratio": null,
            "debt_ratio": null,
            "inventory_turnover_ratio": null,
            "account_receivable_turnover_ratio": null,
            "reinvestment_rate": null,
            "research_to_sale_ratio": null,
            "price_fair": 0,
            "eps_avg_yearly": 0,
            "eps_latest_yearly": 0,
            "eps_growth_yearly": 0
        },
        "20021": {
            "year_quarter": 20021,
            "year": 2002,
            "quarter": 1,
            "eps": null,
            "eps_growth_year": null,
            "eps_4q": null,
            "eps_4q_growth_year": null,
            "roe": null,
            "roe_4q": 0,
            "gross_profit": null,
            "gross_margin": null,
            "gross_margin_4q_avg": 0,
            "net_income": null,
            "revenue": null,
            "common_shares": null,
            "book_valuer_per_share": null,
            "book_valuer_per_share_4q_avg": 0,
            "equity": null,
            "current_ratio": null,
            "debt_ratio": null,
            "inventory_turnover_ratio": null,
            "account_receivable_turnover_ratio": null,
            "reinvestment_rate": null,
            "research_to_sale_ratio": null,
            "price_fair": 0,
            "eps_avg_yearly": 0,
            "eps_latest_yearly": 0,
            "eps_growth_yearly": 0
        },
        "20022": {
            "year_quarter": 20022,
            "year": 2002,
            "quarter": 2,
            "eps": null,
            "eps_growth_year": null,
            "eps_4q": null,
            "eps_4q_growth_year": null,
            "roe": null,
            "roe_4q": 0,
            "gross_profit": null,
            "gross_margin": null,
            "gross_margin_4q_avg": 0,
            "net_income": null,
            "revenue": null,
            "common_shares": null,
            "book_valuer_per_share": null,
            "book_valuer_per_share_4q_avg": 0,
            "equity": null,
            "current_ratio": null,
            "debt_ratio": null,
            "inventory_turnover_ratio": null,
            "account_receivable_turnover_ratio": null,
            "reinvestment_rate": null,
            "research_to_sale_ratio": null,
            "price_fair": 0,
            "eps_avg_yearly": 0,
            "eps_latest_yearly": 0,
            "eps_growth_yearly": 0
        },
        "20023": {
            "year_quarter": 20023,
            "year": 2002,
            "quarter": 3,
            "eps": null,
            "eps_growth_year": null,
            "eps_4q": null,
            "eps_4q_growth_year": null,
            "roe": null,
            "roe_4q": 0,
            "gross_profit": null,
            "gross_margin": null,
            "gross_margin_4q_avg": 0,
            "net_income": null,
            "revenue": null,
            "common_shares": null,
            "book_valuer_per_share": null,
            "book_valuer_per_share_4q_avg": 0,
            "equity": null,
            "current_ratio": null,
            "debt_ratio": null,
            "inventory_turnover_ratio": null,
            "account_receivable_turnover_ratio": null,
            "reinvestment_rate": null,
            "research_to_sale_ratio": null,
            "price_fair": 0,
            "eps_avg_yearly": 0,
            "eps_latest_yearly": 0,
            "eps_growth_yearly": 0
        },
        "20024": {
            "year_quarter": 20024,
            "year": 2002,
            "quarter": 4,
            "eps": null,
            "eps_growth_year": null,
            "eps_4q": null,
            "eps_4q_growth_year": null,
            "roe": null,
            "roe_4q": 0,
            "gross_profit": null,
            "gross_margin": null,
            "gross_margin_4q_avg": 0,
            "net_income": null,
            "revenue": null,
            "common_shares": null,
            "book_valuer_per_share": null,
            "book_valuer_per_share_4q_avg": 0,
            "equity": null,
            "current_ratio": null,
            "debt_ratio": null,
            "inventory_turnover_ratio": null,
            "account_receivable_turnover_ratio": null,
            "reinvestment_rate": null,
            "research_to_sale_ratio": null,
            "price_fair": 0,
            "eps_avg_yearly": 0,
            "eps_latest_yearly": 0,
            "eps_growth_yearly": 0
        },
        "20031": {
            "year_quarter": 20031,
            "year": 2003,
            "quarter": 1,
            "eps": null,
            "eps_growth_year": null,
            "eps_4q": null,
            "eps_4q_growth_year": null,
            "roe": null,
            "roe_4q": 0,
            "gross_profit": null,
            "gross_margin": null,
            "gross_margin_4q_avg": 0,
            "net_income": null,
            "revenue": null,
            "common_shares": null,
            "book_valuer_per_share": null,
            "book_valuer_per_share_4q_avg": 0,
            "equity": null,
            "current_ratio": null,
            "debt_ratio": null,
            "inventory_turnover_ratio": null,
            "account_receivable_turnover_ratio": null,
            "reinvestment_rate": null,
            "research_to_sale_ratio": null,
            "price_fair": 0,
            "eps_avg_yearly": 0,
            "eps_latest_yearly": 0,
            "eps_growth_yearly": 0
        },
        "20032": {
            "year_quarter": 20032,
            "year": 2003,
            "quarter": 2,
            "eps": null,
            "eps_growth_year": null,
            "eps_4q": null,
            "eps_4q_growth_year": null,
            "roe": null,
            "roe_4q": 0,
            "gross_profit": null,
            "gross_margin": null,
            "gross_margin_4q_avg": 0,
            "net_income": null,
            "revenue": null,
            "common_shares": null,
            "book_valuer_per_share": null,
            "book_valuer_per_share_4q_avg": 0,
            "equity": null,
            "current_ratio": null,
            "debt_ratio": null,
            "inventory_turnover_ratio": null,
            "account_receivable_turnover_ratio": null,
            "reinvestment_rate": null,
            "research_to_sale_ratio": null,
            "price_fair": 0,
            "eps_avg_yearly": 0,
            "eps_latest_yearly": 0,
            "eps_growth_yearly": 0
        },
        "20033": {
            "year_quarter": 20033,
            "year": 2003,
            "quarter": 3,
            "eps": null,
            "eps_growth_year": null,
            "eps_4q": null,
            "eps_4q_growth_year": null,
            "roe": null,
            "roe_4q": 0,
            "gross_profit": null,
            "gross_margin": null,
            "gross_margin_4q_avg": 0,
            "net_income": null,
            "revenue": null,
            "common_shares": null,
            "book_valuer_per_share": null,
            "book_valuer_per_share_4q_avg": 0,
            "equity": null,
            "current_ratio": null,
            "debt_ratio": null,
            "inventory_turnover_ratio": null,
            "account_receivable_turnover_ratio": null,
            "reinvestment_rate": null,
            "research_to_sale_ratio": null,
            "price_fair": 0,
            "eps_avg_yearly": 0,
            "eps_latest_yearly": 0,
            "eps_growth_yearly": 0
        },
        "20034": {
            "year_quarter": 20034,
            "year": 2003,
            "quarter": 4,
            "eps": null,
            "eps_growth_year": null,
            "eps_4q": null,
            "eps_4q_growth_year": null,
            "roe": null,
            "roe_4q": 0,
            "gross_profit": null,
            "gross_margin": null,
            "gross_margin_4q_avg": 0,
            "net_income": null,
            "revenue": null,
            "common_shares": null,
            "book_valuer_per_share": null,
            "book_valuer_per_share_4q_avg": 0,
            "equity": null,
            "current_ratio": null,
            "debt_ratio": null,
            "inventory_turnover_ratio": null,
            "account_receivable_turnover_ratio": null,
            "reinvestment_rate": null,
            "research_to_sale_ratio": null,
            "price_fair": 0,
            "eps_avg_yearly": 0,
            "eps_latest_yearly": 0,
            "eps_growth_yearly": 0
        },
        "20041": {
            "year_quarter": 20041,
            "year": 2004,
            "quarter": 1,
            "eps": null,
            "eps_growth_year": null,
            "eps_4q": null,
            "eps_4q_growth_year": null,
            "roe": null,
            "roe_4q": 0,
            "gross_profit": null,
            "gross_margin": null,
            "gross_margin_4q_avg": 0,
            "net_income": null,
            "revenue": null,
            "common_shares": null,
            "book_valuer_per_share": null,
            "book_valuer_per_share_4q_avg": 0,
            "equity": null,
            "current_ratio": null,
            "debt_ratio": null,
            "inventory_turnover_ratio": null,
            "account_receivable_turnover_ratio": null,
            "reinvestment_rate": null,
            "research_to_sale_ratio": null,
            "price_fair": 0,
            "eps_avg_yearly": 0,
            "eps_latest_yearly": 0,
            "eps_growth_yearly": 0
        },
        "20042": {
            "year_quarter": 20042,
            "year": 2004,
            "quarter": 2,
            "eps": null,
            "eps_growth_year": null,
            "eps_4q": null,
            "eps_4q_growth_year": null,
            "roe": null,
            "roe_4q": 0,
            "gross_profit": null,
            "gross_margin": null,
            "gross_margin_4q_avg": 0,
            "net_income": null,
            "revenue": null,
            "common_shares": null,
            "book_valuer_per_share": null,
            "book_valuer_per_share_4q_avg": 0,
            "equity": null,
            "current_ratio": null,
            "debt_ratio": null,
            "inventory_turnover_ratio": null,
            "account_receivable_turnover_ratio": null,
            "reinvestment_rate": null,
            "research_to_sale_ratio": null,
            "price_fair": 0,
            "eps_avg_yearly": 0,
            "eps_latest_yearly": 0,
            "eps_growth_yearly": 0
        },
        "20043": {
            "year_quarter": 20043,
            "year": 2004,
            "quarter": 3,
            "eps": null,
            "eps_growth_year": null,
            "eps_4q": null,
            "eps_4q_growth_year": null,
            "roe": null,
            "roe_4q": 0,
            "gross_profit": null,
            "gross_margin": null,
            "gross_margin_4q_avg": 0,
            "net_income": null,
            "revenue": null,
            "common_shares": null,
            "book_valuer_per_share": null,
            "book_valuer_per_share_4q_avg": 0,
            "equity": null,
            "current_ratio": null,
            "debt_ratio": null,
            "inventory_turnover_ratio": null,
            "account_receivable_turnover_ratio": null,
            "reinvestment_rate": null,
            "research_to_sale_ratio": null,
            "price_fair": 0,
            "eps_avg_yearly": 0,
            "eps_latest_yearly": 0,
            "eps_growth_yearly": 0
        },
        "20044": {
            "year_quarter": 20044,
            "year": 2004,
            "quarter": 4,
            "eps": null,
            "eps_growth_year": null,
            "eps_4q": null,
            "eps_4q_growth_year": null,
            "roe": null,
            "roe_4q": 0,
            "gross_profit": null,
            "gross_margin": null,
            "gross_margin_4q_avg": 0,
            "net_income": null,
            "revenue": null,
            "common_shares": null,
            "book_valuer_per_share": null,
            "book_valuer_per_share_4q_avg": 0,
            "equity": null,
            "current_ratio": null,
            "debt_ratio": null,
            "inventory_turnover_ratio": null,
            "account_receivable_turnover_ratio": null,
            "reinvestment_rate": null,
            "research_to_sale_ratio": null,
            "price_fair": 0,
            "eps_avg_yearly": 0,
            "eps_latest_yearly": 0,
            "eps_growth_yearly": 0
        },
        "20051": {
            "year_quarter": 20051,
            "year": 2005,
            "quarter": 1,
            "eps": null,
            "eps_growth_year": null,
            "eps_4q": null,
            "eps_4q_growth_year": null,
            "roe": null,
            "roe_4q": 0,
            "gross_profit": null,
            "gross_margin": null,
            "gross_margin_4q_avg": 0,
            "net_income": null,
            "revenue": null,
            "common_shares": null,
            "book_valuer_per_share": null,
            "book_valuer_per_share_4q_avg": 0,
            "equity": null,
            "current_ratio": null,
            "debt_ratio": null,
            "inventory_turnover_ratio": null,
            "account_receivable_turnover_ratio": null,
            "reinvestment_rate": null,
            "research_to_sale_ratio": null,
            "price_fair": 0,
            "eps_avg_yearly": 0,
            "eps_latest_yearly": 0,
            "eps_growth_yearly": 0
        },
        "20052": {
            "year_quarter": 20052,
            "year": 2005,
            "quarter": 2,
            "eps": null,
            "eps_growth_year": null,
            "eps_4q": null,
            "eps_4q_growth_year": null,
            "roe": null,
            "roe_4q": 0,
            "gross_profit": null,
            "gross_margin": null,
            "gross_margin_4q_avg": 0,
            "net_income": null,
            "revenue": null,
            "common_shares": null,
            "book_valuer_per_share": null,
            "book_valuer_per_share_4q_avg": 0,
            "equity": null,
            "current_ratio": null,
            "debt_ratio": null,
            "inventory_turnover_ratio": null,
            "account_receivable_turnover_ratio": null,
            "reinvestment_rate": null,
            "research_to_sale_ratio": null,
            "price_fair": 0,
            "eps_avg_yearly": 0,
            "eps_latest_yearly": 0,
            "eps_growth_yearly": 0
        },
        "20053": {
            "year_quarter": 20053,
            "year": 2005,
            "quarter": 3,
            "eps": null,
            "eps_growth_year": null,
            "eps_4q": null,
            "eps_4q_growth_year": null,
            "roe": null,
            "roe_4q": 0,
            "gross_profit": null,
            "gross_margin": null,
            "gross_margin_4q_avg": 0,
            "net_income": null,
            "revenue": null,
            "common_shares": null,
            "book_valuer_per_share": null,
            "book_valuer_per_share_4q_avg": 0,
            "equity": null,
            "current_ratio": null,
            "debt_ratio": null,
            "inventory_turnover_ratio": null,
            "account_receivable_turnover_ratio": null,
            "reinvestment_rate": null,
            "research_to_sale_ratio": null,
            "price_fair": 0,
            "eps_avg_yearly": 0,
            "eps_latest_yearly": 0,
            "eps_growth_yearly": 0
        },
        "20054": {
            "year_quarter": 20054,
            "year": 2005,
            "quarter": 4,
            "eps": null,
            "eps_growth_year": null,
            "eps_4q": null,
            "eps_4q_growth_year": null,
            "roe": null,
            "roe_4q": 0,
            "gross_profit": null,
            "gross_margin": null,
            "gross_margin_4q_avg": 0,
            "net_income": null,
            "revenue": null,
            "common_shares": null,
            "book_valuer_per_share": null,
            "book_valuer_per_share_4q_avg": 0,
            "equity": null,
            "current_ratio": null,
            "debt_ratio": null,
            "inventory_turnover_ratio": null,
            "account_receivable_turnover_ratio": null,
            "reinvestment_rate": null,
            "research_to_sale_ratio": null,
            "price_fair": 0,
            "eps_avg_yearly": 0,
            "eps_latest_yearly": 0,
            "eps_growth_yearly": 0
        },
        "20061": {
            "year_quarter": 20061,
            "year": 2006,
            "quarter": 1,
            "eps": null,
            "eps_growth_year": null,
            "eps_4q": null,
            "eps_4q_growth_year": null,
            "roe": null,
            "roe_4q": 0,
            "gross_profit": null,
            "gross_margin": null,
            "gross_margin_4q_avg": 0,
            "net_income": null,
            "revenue": null,
            "common_shares": null,
            "book_valuer_per_share": null,
            "book_valuer_per_share_4q_avg": 0,
            "equity": null,
            "current_ratio": null,
            "debt_ratio": null,
            "inventory_turnover_ratio": null,
            "account_receivable_turnover_ratio": null,
            "reinvestment_rate": null,
            "research_to_sale_ratio": null,
            "price_fair": 0,
            "eps_avg_yearly": 0,
            "eps_latest_yearly": 0,
            "eps_growth_yearly": 0
        },
        "20062": {
            "year_quarter": 20062,
            "year": 2006,
            "quarter": 2,
            "eps": null,
            "eps_growth_year": null,
            "eps_4q": null,
            "eps_4q_growth_year": null,
            "roe": null,
            "roe_4q": 0,
            "gross_profit": null,
            "gross_margin": null,
            "gross_margin_4q_avg": 0,
            "net_income": null,
            "revenue": null,
            "common_shares": null,
            "book_valuer_per_share": null,
            "book_valuer_per_share_4q_avg": 0,
            "equity": null,
            "current_ratio": null,
            "debt_ratio": null,
            "inventory_turnover_ratio": null,
            "account_receivable_turnover_ratio": null,
            "reinvestment_rate": null,
            "research_to_sale_ratio": null,
            "price_fair": 0,
            "eps_avg_yearly": 0,
            "eps_latest_yearly": 0,
            "eps_growth_yearly": 0
        },
        "20063": {
            "year_quarter": 20063,
            "year": 2006,
            "quarter": 3,
            "eps": null,
            "eps_growth_year": null,
            "eps_4q": null,
            "eps_4q_growth_year": null,
            "roe": null,
            "roe_4q": 0,
            "gross_profit": null,
            "gross_margin": null,
            "gross_margin_4q_avg": 0,
            "net_income": null,
            "revenue": null,
            "common_shares": null,
            "book_valuer_per_share": null,
            "book_valuer_per_share_4q_avg": 0,
            "equity": null,
            "current_ratio": null,
            "debt_ratio": null,
            "inventory_turnover_ratio": null,
            "account_receivable_turnover_ratio": null,
            "reinvestment_rate": null,
            "research_to_sale_ratio": null,
            "price_fair": 0,
            "eps_avg_yearly": 0,
            "eps_latest_yearly": 0,
            "eps_growth_yearly": 0
        },
        "20064": {
            "year_quarter": 20064,
            "year": 2006,
            "quarter": 4,
            "eps": null,
            "eps_growth_year": null,
            "eps_4q": null,
            "eps_4q_growth_year": null,
            "roe": null,
            "roe_4q": 0,
            "gross_profit": null,
            "gross_margin": null,
            "gross_margin_4q_avg": 0,
            "net_income": null,
            "revenue": null,
            "common_shares": null,
            "book_valuer_per_share": null,
            "book_valuer_per_share_4q_avg": 0,
            "equity": null,
            "current_ratio": null,
            "debt_ratio": null,
            "inventory_turnover_ratio": null,
            "account_receivable_turnover_ratio": null,
            "reinvestment_rate": null,
            "research_to_sale_ratio": null,
            "price_fair": 0,
            "eps_avg_yearly": 0,
            "eps_latest_yearly": 0,
            "eps_growth_yearly": 0
        },
        "20071": {
            "year_quarter": 20071,
            "year": 2007,
            "quarter": 1,
            "eps": null,
            "eps_growth_year": null,
            "eps_4q": null,
            "eps_4q_growth_year": null,
            "roe": null,
            "roe_4q": 0,
            "gross_profit": null,
            "gross_margin": null,
            "gross_margin_4q_avg": 0,
            "net_income": null,
            "revenue": null,
            "common_shares": null,
            "book_valuer_per_share": null,
            "book_valuer_per_share_4q_avg": 0,
            "equity": null,
            "current_ratio": null,
            "debt_ratio": null,
            "inventory_turnover_ratio": null,
            "account_receivable_turnover_ratio": null,
            "reinvestment_rate": null,
            "research_to_sale_ratio": null,
            "price_fair": 0,
            "eps_avg_yearly": 0,
            "eps_latest_yearly": 0,
            "eps_growth_yearly": 0
        },
        "20072": {
            "year_quarter": 20072,
            "year": 2007,
            "quarter": 2,
            "eps": null,
            "eps_growth_year": null,
            "eps_4q": null,
            "eps_4q_growth_year": null,
            "roe": null,
            "roe_4q": 0,
            "gross_profit": null,
            "gross_margin": null,
            "gross_margin_4q_avg": 0,
            "net_income": null,
            "revenue": null,
            "common_shares": null,
            "book_valuer_per_share": null,
            "book_valuer_per_share_4q_avg": 0,
            "equity": null,
            "current_ratio": null,
            "debt_ratio": null,
            "inventory_turnover_ratio": null,
            "account_receivable_turnover_ratio": null,
            "reinvestment_rate": null,
            "research_to_sale_ratio": null,
            "price_fair": 0,
            "eps_avg_yearly": 0,
            "eps_latest_yearly": 0,
            "eps_growth_yearly": 0
        },
        "20073": {
            "year_quarter": 20073,
            "year": 2007,
            "quarter": 3,
            "eps": null,
            "eps_growth_year": null,
            "eps_4q": null,
            "eps_4q_growth_year": null,
            "roe": null,
            "roe_4q": 0,
            "gross_profit": null,
            "gross_margin": null,
            "gross_margin_4q_avg": 0,
            "net_income": null,
            "revenue": null,
            "common_shares": null,
            "book_valuer_per_share": null,
            "book_valuer_per_share_4q_avg": 0,
            "equity": null,
            "current_ratio": null,
            "debt_ratio": null,
            "inventory_turnover_ratio": null,
            "account_receivable_turnover_ratio": null,
            "reinvestment_rate": null,
            "research_to_sale_ratio": null,
            "price_fair": 0,
            "eps_avg_yearly": 0,
            "eps_latest_yearly": 0,
            "eps_growth_yearly": 0
        },
        "20074": {
            "year_quarter": 20074,
            "year": 2007,
            "quarter": 4,
            "eps": null,
            "eps_growth_year": null,
            "eps_4q": null,
            "eps_4q_growth_year": null,
            "roe": null,
            "roe_4q": 0,
            "gross_profit": null,
            "gross_margin": null,
            "gross_margin_4q_avg": 0,
            "net_income": null,
            "revenue": null,
            "common_shares": null,
            "book_valuer_per_share": null,
            "book_valuer_per_share_4q_avg": 0,
            "equity": null,
            "current_ratio": null,
            "debt_ratio": null,
            "inventory_turnover_ratio": null,
            "account_receivable_turnover_ratio": null,
            "reinvestment_rate": null,
            "research_to_sale_ratio": null,
            "price_fair": 0,
            "eps_avg_yearly": 0,
            "eps_latest_yearly": 0,
            "eps_growth_yearly": 0
        },
        "20081": {
            "year_quarter": 20081,
            "year": 2008,
            "quarter": 1,
            "eps": null,
            "eps_growth_year": null,
            "eps_4q": null,
            "eps_4q_growth_year": null,
            "roe": null,
            "roe_4q": 0,
            "gross_profit": null,
            "gross_margin": null,
            "gross_margin_4q_avg": 0,
            "net_income": null,
            "revenue": null,
            "common_shares": null,
            "book_valuer_per_share": null,
            "book_valuer_per_share_4q_avg": 0,
            "equity": null,
            "current_ratio": null,
            "debt_ratio": null,
            "inventory_turnover_ratio": null,
            "account_receivable_turnover_ratio": null,
            "reinvestment_rate": null,
            "research_to_sale_ratio": null,
            "price_fair": 0,
            "eps_avg_yearly": 0,
            "eps_latest_yearly": 0,
            "eps_growth_yearly": 0
        },
        "20082": {
            "year_quarter": 20082,
            "year": 2008,
            "quarter": 2,
            "eps": null,
            "eps_growth_year": null,
            "eps_4q": null,
            "eps_4q_growth_year": null,
            "roe": null,
            "roe_4q": 0,
            "gross_profit": null,
            "gross_margin": null,
            "gross_margin_4q_avg": 0,
            "net_income": null,
            "revenue": null,
            "common_shares": null,
            "book_valuer_per_share": null,
            "book_valuer_per_share_4q_avg": 0,
            "equity": null,
            "current_ratio": null,
            "debt_ratio": null,
            "inventory_turnover_ratio": null,
            "account_receivable_turnover_ratio": null,
            "reinvestment_rate": null,
            "research_to_sale_ratio": null,
            "price_fair": 0,
            "eps_avg_yearly": 0,
            "eps_latest_yearly": 0,
            "eps_growth_yearly": 0
        },
        "20083": {
            "year_quarter": 20083,
            "year": 2008,
            "quarter": 3,
            "eps": null,
            "eps_growth_year": null,
            "eps_4q": null,
            "eps_4q_growth_year": null,
            "roe": null,
            "roe_4q": 0,
            "gross_profit": null,
            "gross_margin": null,
            "gross_margin_4q_avg": 0,
            "net_income": null,
            "revenue": null,
            "common_shares": null,
            "book_valuer_per_share": null,
            "book_valuer_per_share_4q_avg": 0,
            "equity": null,
            "current_ratio": null,
            "debt_ratio": null,
            "inventory_turnover_ratio": null,
            "account_receivable_turnover_ratio": null,
            "reinvestment_rate": null,
            "research_to_sale_ratio": null,
            "price_fair": 0,
            "eps_avg_yearly": 0,
            "eps_latest_yearly": 0,
            "eps_growth_yearly": 0
        },
        "20084": {
            "year_quarter": 20084,
            "year": 2008,
            "quarter": 4,
            "eps": null,
            "eps_growth_year": null,
            "eps_4q": null,
            "eps_4q_growth_year": null,
            "roe": null,
            "roe_4q": 0,
            "gross_profit": null,
            "gross_margin": null,
            "gross_margin_4q_avg": 0,
            "net_income": null,
            "revenue": null,
            "common_shares": null,
            "book_valuer_per_share": null,
            "book_valuer_per_share_4q_avg": 0,
            "equity": null,
            "current_ratio": null,
            "debt_ratio": null,
            "inventory_turnover_ratio": null,
            "account_receivable_turnover_ratio": null,
            "reinvestment_rate": null,
            "research_to_sale_ratio": null,
            "price_fair": 0,
            "eps_avg_yearly": 0,
            "eps_latest_yearly": 0,
            "eps_growth_yearly": 0
        },
        "20091": {
            "year_quarter": 20091,
            "year": 2009,
            "quarter": 1,
            "eps": null,
            "eps_growth_year": null,
            "eps_4q": null,
            "eps_4q_growth_year": null,
            "roe": null,
            "roe_4q": 0,
            "gross_profit": null,
            "gross_margin": null,
            "gross_margin_4q_avg": 0,
            "net_income": null,
            "revenue": null,
            "common_shares": null,
            "book_valuer_per_share": null,
            "book_valuer_per_share_4q_avg": 0,
            "equity": null,
            "current_ratio": null,
            "debt_ratio": null,
            "inventory_turnover_ratio": null,
            "account_receivable_turnover_ratio": null,
            "reinvestment_rate": null,
            "research_to_sale_ratio": null,
            "price_fair": 0,
            "eps_avg_yearly": 0,
            "eps_latest_yearly": 0,
            "eps_growth_yearly": 0
        },
        "20092": {
            "year_quarter": 20092,
            "year": 2009,
            "quarter": 2,
            "eps": null,
            "eps_growth_year": null,
            "eps_4q": null,
            "eps_4q_growth_year": null,
            "roe": null,
            "roe_4q": 0,
            "gross_profit": null,
            "gross_margin": null,
            "gross_margin_4q_avg": 0,
            "net_income": null,
            "revenue": null,
            "common_shares": null,
            "book_valuer_per_share": null,
            "book_valuer_per_share_4q_avg": 0,
            "equity": null,
            "current_ratio": null,
            "debt_ratio": null,
            "inventory_turnover_ratio": null,
            "account_receivable_turnover_ratio": null,
            "reinvestment_rate": null,
            "research_to_sale_ratio": null,
            "price_fair": 0,
            "eps_avg_yearly": 0,
            "eps_latest_yearly": 0,
            "eps_growth_yearly": 0
        },
        "20093": {
            "year_quarter": 20093,
            "year": 2009,
            "quarter": 3,
            "eps": null,
            "eps_growth_year": null,
            "eps_4q": null,
            "eps_4q_growth_year": null,
            "roe": null,
            "roe_4q": 0,
            "gross_profit": null,
            "gross_margin": null,
            "gross_margin_4q_avg": 0,
            "net_income": null,
            "revenue": null,
            "common_shares": null,
            "book_valuer_per_share": null,
            "book_valuer_per_share_4q_avg": 0,
            "equity": null,
            "current_ratio": null,
            "debt_ratio": null,
            "inventory_turnover_ratio": null,
            "account_receivable_turnover_ratio": null,
            "reinvestment_rate": null,
            "research_to_sale_ratio": null,
            "price_fair": 0,
            "eps_avg_yearly": 0,
            "eps_latest_yearly": 0,
            "eps_growth_yearly": 0
        },
        "20094": {
            "year_quarter": 20094,
            "year": 2009,
            "quarter": 4,
            "eps": null,
            "eps_growth_year": null,
            "eps_4q": null,
            "eps_4q_growth_year": null,
            "roe": null,
            "roe_4q": 0,
            "gross_profit": null,
            "gross_margin": null,
            "gross_margin_4q_avg": 0,
            "net_income": null,
            "revenue": null,
            "common_shares": null,
            "book_valuer_per_share": null,
            "book_valuer_per_share_4q_avg": 0,
            "equity": null,
            "current_ratio": null,
            "debt_ratio": null,
            "inventory_turnover_ratio": null,
            "account_receivable_turnover_ratio": null,
            "reinvestment_rate": null,
            "research_to_sale_ratio": null,
            "price_fair": 0,
            "eps_avg_yearly": 0,
            "eps_latest_yearly": 0,
            "eps_growth_yearly": 0
        },
        "20101": {
            "year_quarter": 20101,
            "year": 2010,
            "quarter": 1,
            "eps": null,
            "eps_growth_year": null,
            "eps_4q": null,
            "eps_4q_growth_year": null,
            "roe": null,
            "roe_4q": 0,
            "gross_profit": null,
            "gross_margin": null,
            "gross_margin_4q_avg": 0,
            "net_income": null,
            "revenue": null,
            "common_shares": null,
            "book_valuer_per_share": null,
            "book_valuer_per_share_4q_avg": 0,
            "equity": null,
            "current_ratio": null,
            "debt_ratio": null,
            "inventory_turnover_ratio": null,
            "account_receivable_turnover_ratio": null,
            "reinvestment_rate": null,
            "research_to_sale_ratio": null,
            "price_fair": 0,
            "eps_avg_yearly": 0,
            "eps_latest_yearly": 0,
            "eps_growth_yearly": 0
        },
        "20102": {
            "year_quarter": 20102,
            "year": 2010,
            "quarter": 2,
            "eps": null,
            "eps_growth_year": null,
            "eps_4q": null,
            "eps_4q_growth_year": null,
            "roe": null,
            "roe_4q": 0,
            "gross_profit": null,
            "gross_margin": null,
            "gross_margin_4q_avg": 0,
            "net_income": null,
            "revenue": null,
            "common_shares": null,
            "book_valuer_per_share": null,
            "book_valuer_per_share_4q_avg": 0,
            "equity": null,
            "current_ratio": null,
            "debt_ratio": null,
            "inventory_turnover_ratio": null,
            "account_receivable_turnover_ratio": null,
            "reinvestment_rate": null,
            "research_to_sale_ratio": null,
            "price_fair": 0,
            "eps_avg_yearly": 0,
            "eps_latest_yearly": 0,
            "eps_growth_yearly": 0
        },
        "20103": {
            "year_quarter": 20103,
            "year": 2010,
            "quarter": 3,
            "eps": null,
            "eps_growth_year": null,
            "eps_4q": null,
            "eps_4q_growth_year": null,
            "roe": null,
            "roe_4q": 0,
            "gross_profit": null,
            "gross_margin": null,
            "gross_margin_4q_avg": 0,
            "net_income": null,
            "revenue": null,
            "common_shares": null,
            "book_valuer_per_share": null,
            "book_valuer_per_share_4q_avg": 0,
            "equity": null,
            "current_ratio": null,
            "debt_ratio": null,
            "inventory_turnover_ratio": null,
            "account_receivable_turnover_ratio": null,
            "reinvestment_rate": null,
            "research_to_sale_ratio": null,
            "price_fair": 0,
            "eps_avg_yearly": 0,
            "eps_latest_yearly": 0,
            "eps_growth_yearly": 0
        },
        "20104": {
            "year_quarter": 20104,
            "year": 2010,
            "quarter": 4,
            "eps": null,
            "eps_growth_year": null,
            "eps_4q": null,
            "eps_4q_growth_year": null,
            "roe": null,
            "roe_4q": 0,
            "gross_profit": null,
            "gross_margin": null,
            "gross_margin_4q_avg": 0,
            "net_income": null,
            "revenue": null,
            "common_shares": 936,
            "book_valuer_per_share": -45826.2,
            "book_valuer_per_share_4q_avg": -11456.55,
            "equity": -4289332,
            "current_ratio": 17.12,
            "debt_ratio": 485.39,
            "inventory_turnover_ratio": null,
            "account_receivable_turnover_ratio": null,
            "reinvestment_rate": null,
            "research_to_sale_ratio": null,
            "price_fair": 0,
            "eps_avg_yearly": 0,
            "eps_latest_yearly": 0,
            "eps_growth_yearly": 0
        },
        "20111": {
            "year_quarter": 20111,
            "year": 2011,
            "quarter": 1,
            "eps": null,
            "eps_growth_year": null,
            "eps_4q": null,
            "eps_4q_growth_year": null,
            "roe": null,
            "roe_4q": 0,
            "gross_profit": null,
            "gross_margin": null,
            "gross_margin_4q_avg": 0,
            "net_income": null,
            "revenue": null,
            "common_shares": null,
            "book_valuer_per_share": null,
            "book_valuer_per_share_4q_avg": -11456.55,
            "equity": null,
            "current_ratio": null,
            "debt_ratio": null,
            "inventory_turnover_ratio": null,
            "account_receivable_turnover_ratio": null,
            "reinvestment_rate": null,
            "research_to_sale_ratio": null,
            "price_fair": 0,
            "eps_avg_yearly": 0,
            "eps_latest_yearly": 0,
            "eps_growth_yearly": 0
        },
        "20112": {
            "year_quarter": 20112,
            "year": 2011,
            "quarter": 2,
            "eps": null,
            "eps_growth_year": null,
            "eps_4q": null,
            "eps_4q_growth_year": null,
            "roe": null,
            "roe_4q": 0,
            "gross_profit": null,
            "gross_margin": null,
            "gross_margin_4q_avg": 0,
            "net_income": null,
            "revenue": null,
            "common_shares": null,
            "book_valuer_per_share": null,
            "book_valuer_per_share_4q_avg": -11456.55,
            "equity": null,
            "current_ratio": null,
            "debt_ratio": null,
            "inventory_turnover_ratio": null,
            "account_receivable_turnover_ratio": null,
            "reinvestment_rate": null,
            "research_to_sale_ratio": null,
            "price_fair": 0,
            "eps_avg_yearly": 0,
            "eps_latest_yearly": 0,
            "eps_growth_yearly": 0
        },
        "20113": {
            "year_quarter": 20113,
            "year": 2011,
            "quarter": 3,
            "eps": null,
            "eps_growth_year": null,
            "eps_4q": null,
            "eps_4q_growth_year": null,
            "roe": null,
            "roe_4q": 0,
            "gross_profit": null,
            "gross_margin": null,
            "gross_margin_4q_avg": 0,
            "net_income": null,
            "revenue": null,
            "common_shares": null,
            "book_valuer_per_share": null,
            "book_valuer_per_share_4q_avg": -11456.55,
            "equity": null,
            "current_ratio": null,
            "debt_ratio": null,
            "inventory_turnover_ratio": null,
            "account_receivable_turnover_ratio": null,
            "reinvestment_rate": null,
            "research_to_sale_ratio": null,
            "price_fair": 0,
            "eps_avg_yearly": 0,
            "eps_latest_yearly": 0,
            "eps_growth_yearly": 0
        },
        "20114": {
            "year_quarter": 20114,
            "year": 2011,
            "quarter": 4,
            "eps": null,
            "eps_growth_year": null,
            "eps_4q": null,
            "eps_4q_growth_year": null,
            "roe": null,
            "roe_4q": 0,
            "gross_profit": null,
            "gross_margin": null,
            "gross_margin_4q_avg": 0,
            "net_income": null,
            "revenue": null,
            "common_shares": 16535,
            "book_valuer_per_share": 0.9,
            "book_valuer_per_share_4q_avg": 0.23,
            "equity": 513208,
            "current_ratio": 644.65,
            "debt_ratio": 15.94,
            "inventory_turnover_ratio": null,
            "account_receivable_turnover_ratio": null,
            "reinvestment_rate": null,
            "research_to_sale_ratio": null,
            "price_fair": 0,
            "eps_avg_yearly": 0,
            "eps_latest_yearly": 0,
            "eps_growth_yearly": 0
        },
        "20121": {
            "year_quarter": 20121,
            "year": 2012,
            "quarter": 1,
            "eps": null,
            "eps_growth_year": null,
            "eps_4q": null,
            "eps_4q_growth_year": null,
            "roe": null,
            "roe_4q": 0,
            "gross_profit": null,
            "gross_margin": null,
            "gross_margin_4q_avg": 0,
            "net_income": null,
            "revenue": null,
            "common_shares": null,
            "book_valuer_per_share": null,
            "book_valuer_per_share_4q_avg": 0.23,
            "equity": null,
            "current_ratio": null,
            "debt_ratio": null,
            "inventory_turnover_ratio": null,
            "account_receivable_turnover_ratio": null,
            "reinvestment_rate": null,
            "research_to_sale_ratio": null,
            "price_fair": 0,
            "eps_avg_yearly": 0,
            "eps_latest_yearly": 0,
            "eps_growth_yearly": 0
        },
        "20122": {
            "year_quarter": 20122,
            "year": 2012,
            "quarter": 2,
            "eps": null,
            "eps_growth_year": null,
            "eps_4q": null,
            "eps_4q_growth_year": null,
            "roe": null,
            "roe_4q": 0,
            "gross_profit": null,
            "gross_margin": null,
            "gross_margin_4q_avg": 0,
            "net_income": null,
            "revenue": null,
            "common_shares": 16580,
            "book_valuer_per_share": null,
            "book_valuer_per_share_4q_avg": 0.23,
            "equity": 343724,
            "current_ratio": null,
            "debt_ratio": null,
            "inventory_turnover_ratio": null,
            "account_receivable_turnover_ratio": null,
            "reinvestment_rate": null,
            "research_to_sale_ratio": null,
            "price_fair": 0,
            "eps_avg_yearly": 0,
            "eps_latest_yearly": 0,
            "eps_growth_yearly": 0
        },
        "20123": {
            "year_quarter": 20123,
            "year": 2012,
            "quarter": 3,
            "eps": null,
            "eps_growth_year": null,
            "eps_4q": null,
            "eps_4q_growth_year": null,
            "roe": null,
            "roe_4q": 0,
            "gross_profit": 13066,
            "gross_margin": null,
            "gross_margin_4q_avg": 0,
            "net_income": -125367,
            "revenue": 16122,
            "common_shares": 18314,
            "book_valuer_per_share": null,
            "book_valuer_per_share_4q_avg": 0.23,
            "equity": 524034,
            "current_ratio": null,
            "debt_ratio": null,
            "inventory_turnover_ratio": null,
            "account_receivable_turnover_ratio": null,
            "reinvestment_rate": null,
            "research_to_sale_ratio": null,
            "price_fair": 0,
            "eps_avg_yearly": 0,
            "eps_latest_yearly": 0,
            "eps_growth_yearly": 0
        },
        "20124": {
            "year_quarter": 20124,
            "year": 2012,
            "quarter": 4,
            "eps": null,
            "eps_growth_year": null,
            "eps_4q": null,
            "eps_4q_growth_year": null,
            "roe": null,
            "roe_4q": 0,
            "gross_profit": 13183,
            "gross_margin": null,
            "gross_margin_4q_avg": 0,
            "net_income": -155739,
            "revenue": 16760,
            "common_shares": 18320,
            "book_valuer_per_share": 0.59,
            "book_valuer_per_share_4q_avg": 0.15,
            "equity": 372800,
            "current_ratio": 371.02,
            "debt_ratio": 49.21,
            "inventory_turnover_ratio": null,
            "account_receivable_turnover_ratio": null,
            "reinvestment_rate": null,
            "research_to_sale_ratio": null,
            "price_fair": 0,
            "eps_avg_yearly": 0,
            "eps_latest_yearly": 0,
            "eps_growth_yearly": 0
        },
        "20131": {
            "year_quarter": 20131,
            "year": 2013,
            "quarter": 1,
            "eps": null,
            "eps_growth_year": null,
            "eps_4q": null,
            "eps_4q_growth_year": null,
            "roe": null,
            "roe_4q": 0,
            "gross_profit": 13284,
            "gross_margin": null,
            "gross_margin_4q_avg": 0,
            "net_income": -45037,
            "revenue": 16648,
            "common_shares": 18365,
            "book_valuer_per_share": 178.95,
            "book_valuer_per_share_4q_avg": 44.89,
            "equity": 328644,
            "current_ratio": 434.05,
            "debt_ratio": 48.14,
            "inventory_turnover_ratio": null,
            "account_receivable_turnover_ratio": null,
            "reinvestment_rate": null,
            "research_to_sale_ratio": null,
            "price_fair": 0,
            "eps_avg_yearly": 0,
            "eps_latest_yearly": 0,
            "eps_growth_yearly": 0
        },
        "20132": {
            "year_quarter": 20132,
            "year": 2013,
            "quarter": 2,
            "eps": -42.67,
            "eps_growth_year": null,
            "eps_4q": -42.67,
            "eps_4q_growth_year": null,
            "roe": -23.87,
            "roe_4q": -23.87,
            "gross_profit": 13732,
            "gross_margin": 77.79,
            "gross_margin_4q_avg": 19.45,
            "net_income": -80621,
            "revenue": 17653,
            "common_shares": 18894,
            "book_valuer_per_share": 0.53,
            "book_valuer_per_share_4q_avg": 45.02,
            "equity": 346913,
            "current_ratio": 497.08,
            "debt_ratio": 44.37,
            "inventory_turnover_ratio": null,
            "account_receivable_turnover_ratio": 8.75,
            "reinvestment_rate": null,
            "research_to_sale_ratio": null,
            "price_fair": 0,
            "eps_avg_yearly": 0,
            "eps_latest_yearly": 0,
            "eps_growth_yearly": 0
        },
        "20133": {
            "year_quarter": 20133,
            "year": 2013,
            "quarter": 3,
            "eps": -0.22,
            "eps_growth_year": null,
            "eps_4q": -115.93,
            "eps_4q_growth_year": null,
            "roe": -44.04,
            "roe_4q": -67.91,
            "gross_profit": 13635,
            "gross_margin": 78.76,
            "gross_margin_4q_avg": 39.14,
            "net_income": -146201,
            "revenue": 17312,
            "common_shares": 19566,
            "book_valuer_per_share": 0.47,
            "book_valuer_per_share_4q_avg": 45.14,
            "equity": 317019,
            "current_ratio": 366.4,
            "debt_ratio": 48.85,
            "inventory_turnover_ratio": null,
            "account_receivable_turnover_ratio": 4.55,
            "reinvestment_rate": null,
            "research_to_sale_ratio": 754.72,
            "price_fair": 0,
            "eps_avg_yearly": 0,
            "eps_latest_yearly": 0,
            "eps_growth_yearly": 0
        },
        "20134": {
            "year_quarter": 20134,
            "year": 2013,
            "quarter": 4,
            "eps": -81.95,
            "eps_growth_year": null,
            "eps_4q": -197.87,
            "eps_4q_growth_year": null,
            "roe": -68.11,
            "roe_4q": -136.02,
            "gross_profit": 13955,
            "gross_margin": 76.42,
            "gross_margin_4q_avg": 58.24,
            "net_income": -160334,
            "revenue": 18262,
            "common_shares": 19566,
            "book_valuer_per_share": 0.23,
            "book_valuer_per_share_4q_avg": 45.05,
            "equity": 153774,
            "current_ratio": 226.5,
            "debt_ratio": 68.39,
            "inventory_turnover_ratio": null,
            "account_receivable_turnover_ratio": 6.13,
            "reinvestment_rate": null,
            "research_to_sale_ratio": 851.48,
            "price_fair": 0,
            "eps_avg_yearly": 0,
            "eps_latest_yearly": 0,
            "eps_growth_yearly": 0
        },
        "20141": {
            "year_quarter": 20141,
            "year": 2014,
            "quarter": 1,
            "eps": -0.09,
            "eps_growth_year": null,
            "eps_4q": -221.17,
            "eps_4q_growth_year": null,
            "roe": -8.95,
            "roe_4q": -144.97,
            "gross_profit": 44417,
            "gross_margin": 91.92,
            "gross_margin_4q_avg": 81.22,
            "net_income": -60566,
            "revenue": 48324,
            "common_shares": 20243,
            "book_valuer_per_share": 1.72,
            "book_valuer_per_share_4q_avg": 0.74,
            "equity": 1199494,
            "current_ratio": 953.26,
            "debt_ratio": 18.92,
            "inventory_turnover_ratio": null,
            "account_receivable_turnover_ratio": 14.99,
            "reinvestment_rate": null,
            "research_to_sale_ratio": 133.79,
            "price_fair": 0,
            "eps_avg_yearly": 0,
            "eps_latest_yearly": 0,
            "eps_growth_yearly": 0
        },
        "20142": {
            "year_quarter": 20142,
            "year": 2014,
            "quarter": 2,
            "eps": -0.19,
            "eps_growth_year": null,
            "eps_4q": -246.28,
            "eps_4q_growth_year": null,
            "roe": -11.59,
            "roe_4q": -132.69,
            "gross_profit": 13967,
            "gross_margin": 75.15,
            "gross_margin_4q_avg": 80.56,
            "net_income": -131449,
            "revenue": 18586,
            "common_shares": 20243,
            "book_valuer_per_share": 1.54,
            "book_valuer_per_share_4q_avg": 0.99,
            "equity": 1069656,
            "current_ratio": 1025.82,
            "debt_ratio": 18.26,
            "inventory_turnover_ratio": null,
            "account_receivable_turnover_ratio": 4.26,
            "reinvestment_rate": null,
            "research_to_sale_ratio": 557.73,
            "price_fair": 0,
            "eps_avg_yearly": 0,
            "eps_latest_yearly": 0,
            "eps_growth_yearly": 0
        },
        "20143": {
            "year_quarter": 20143,
            "year": 2014,
            "quarter": 3,
            "eps": -0.14,
            "eps_growth_year": null,
            "eps_4q": -222.52,
            "eps_4q_growth_year": null,
            "roe": -9.62,
            "roe_4q": -98.27,
            "gross_profit": 14140,
            "gross_margin": 75.53,
            "gross_margin_4q_avg": 79.76,
            "net_income": -98105,
            "revenue": 18720,
            "common_shares": 20243,
            "book_valuer_per_share": 1.39,
            "book_valuer_per_share_4q_avg": 1.22,
            "equity": 969267,
            "current_ratio": 919.95,
            "debt_ratio": 19.3,
            "inventory_turnover_ratio": null,
            "account_receivable_turnover_ratio": 4.08,
            "reinvestment_rate": null,
            "research_to_sale_ratio": 529.05,
            "price_fair": 0,
            "eps_avg_yearly": 0,
            "eps_latest_yearly": 0,
            "eps_growth_yearly": 0
        },
        "20144": {
            "year_quarter": 20144,
            "year": 2014,
            "quarter": 4,
            "eps": -56.12,
            "eps_growth_year": null,
            "eps_4q": -199.44,
            "eps_4q_growth_year": null,
            "roe": -12.47,
            "roe_4q": -42.629999999999995,
            "gross_profit": 14511,
            "gross_margin": 76.5,
            "gross_margin_4q_avg": 79.78,
            "net_income": -113598,
            "revenue": 18968,
            "common_shares": 20243,
            "book_valuer_per_share": 1.22,
            "book_valuer_per_share_4q_avg": 1.47,
            "equity": 852136,
            "current_ratio": 700.22,
            "debt_ratio": 22.41,
            "inventory_turnover_ratio": null,
            "account_receivable_turnover_ratio": 4.26,
            "reinvestment_rate": null,
            "research_to_sale_ratio": 626.01,
            "price_fair": 0,
            "eps_avg_yearly": 0,
            "eps_latest_yearly": 0,
            "eps_growth_yearly": 0
        },
        "20151": {
            "year_quarter": 20151,
            "year": 2015,
            "quarter": 1,
            "eps": -0.12,
            "eps_growth_year": null,
            "eps_4q": -211.33,
            "eps_4q_growth_year": null,
            "roe": -10.44,
            "roe_4q": -44.120000000000005,
            "gross_profit": 14690,
            "gross_margin": 78.18,
            "gross_margin_4q_avg": 76.34,
            "net_income": -84641,
            "revenue": 18790,
            "common_shares": 20243,
            "book_valuer_per_share": 1.1,
            "book_valuer_per_share_4q_avg": 1.31,
            "equity": 768892,
            "current_ratio": 775.68,
            "debt_ratio": 21.04,
            "inventory_turnover_ratio": null,
            "account_receivable_turnover_ratio": 3.2,
            "reinvestment_rate": null,
            "research_to_sale_ratio": 402.7,
            "price_fair": 0,
            "eps_avg_yearly": 0,
            "eps_latest_yearly": 0,
            "eps_growth_yearly": 0
        },
        "20152": {
            "year_quarter": 20152,
            "year": 2015,
            "quarter": 2,
            "eps": -0.16,
            "eps_growth_year": null,
            "eps_4q": -199.63,
            "eps_4q_growth_year": null,
            "roe": -15.06,
            "roe_4q": -47.589999999999996,
            "gross_profit": 14609,
            "gross_margin": 71.54,
            "gross_margin_4q_avg": 75.44,
            "net_income": -107773,
            "revenue": 20421,
            "common_shares": 20243,
            "book_valuer_per_share": 0.95,
            "book_valuer_per_share_4q_avg": 1.17,
            "equity": 662327,
            "current_ratio": 679.21,
            "debt_ratio": 22.34,
            "inventory_turnover_ratio": null,
            "account_receivable_turnover_ratio": 3.28,
            "reinvestment_rate": null,
            "research_to_sale_ratio": 489.54,
            "price_fair": 0,
            "eps_avg_yearly": 0,
            "eps_latest_yearly": 0,
            "eps_growth_yearly": 0
        },
        "20153": {
            "year_quarter": 20153,
            "year": 2015,
            "quarter": 3,
            "eps": -0.15,
            "eps_growth_year": null,
            "eps_4q": -201.11,
            "eps_4q_growth_year": null,
            "roe": -16.57,
            "roe_4q": -54.54,
            "gross_profit": 14648,
            "gross_margin": 74.35,
            "gross_margin_4q_avg": 75.14,
            "net_income": -101104,
            "revenue": 19702,
            "common_shares": 20243,
            "book_valuer_per_share": 0.8,
            "book_valuer_per_share_4q_avg": 1.02,
            "equity": 557820,
            "current_ratio": 541.01,
            "debt_ratio": 25.4,
            "inventory_turnover_ratio": null,
            "account_receivable_turnover_ratio": 4.08,
            "reinvestment_rate": null,
            "research_to_sale_ratio": 535.3,
            "price_fair": 0,
            "eps_avg_yearly": 0,
            "eps_latest_yearly": 0,
            "eps_growth_yearly": 0
        },
        "20154": {
            "year_quarter": 20154,
            "year": 2015,
            "quarter": 4,
            "eps": -59.02,
            "eps_growth_year": null,
            "eps_4q": -204.02,
            "eps_4q_growth_year": null,
            "roe": -23.91,
            "roe_4q": -65.98,
            "gross_profit": 14189,
            "gross_margin": 74.32,
            "gross_margin_4q_avg": 74.6,
            "net_income": -119476,
            "revenue": 19091,
            "common_shares": 20243,
            "book_valuer_per_share": 0.63,
            "book_valuer_per_share_4q_avg": 0.87,
            "equity": 441604,
            "current_ratio": 419.34,
            "debt_ratio": 29.4,
            "inventory_turnover_ratio": null,
            "account_receivable_turnover_ratio": 4.41,
            "reinvestment_rate": null,
            "research_to_sale_ratio": 630.34,
            "price_fair": 0,
            "eps_avg_yearly": 0,
            "eps_latest_yearly": 0,
            "eps_growth_yearly": 0
        },
        "20161": {
            "year_quarter": 20161,
            "year": 2016,
            "quarter": 1,
            "eps": -0.13,
            "eps_growth_year": null,
            "eps_4q": -202.05,
            "eps_4q_growth_year": null,
            "roe": -14.8,
            "roe_4q": -70.34,
            "gross_profit": 13894,
            "gross_margin": 80.87,
            "gross_margin_4q_avg": 75.27,
            "net_income": -94099,
            "revenue": 17181,
            "common_shares": 20908,
            "book_valuer_per_share": 1.16,
            "book_valuer_per_share_4q_avg": 0.89,
            "equity": 830407,
            "current_ratio": 810.94,
            "debt_ratio": 15.4,
            "inventory_turnover_ratio": null,
            "account_receivable_turnover_ratio": 4.78,
            "reinvestment_rate": null,
            "research_to_sale_ratio": 401.9,
            "price_fair": 0,
            "eps_avg_yearly": 0,
            "eps_latest_yearly": 0,
            "eps_growth_yearly": 0
        },
        "20162": {
            "year_quarter": 20162,
            "year": 2016,
            "quarter": 2,
            "eps": -0.05,
            "eps_growth_year": null,
            "eps_4q": -167.15,
            "eps_4q_growth_year": null,
            "roe": -4.28,
            "roe_4q": -59.56,
            "gross_profit": 45368,
            "gross_margin": 92.08,
            "gross_margin_4q_avg": 80.41,
            "net_income": -34797,
            "revenue": 49270,
            "common_shares": 20908,
            "book_valuer_per_share": 1.11,
            "book_valuer_per_share_4q_avg": 0.93,
            "equity": 795400,
            "current_ratio": 753.1,
            "debt_ratio": 15.06,
            "inventory_turnover_ratio": null,
            "account_receivable_turnover_ratio": 14.65,
            "reinvestment_rate": null,
            "research_to_sale_ratio": 117.66,
            "price_fair": 0,
            "eps_avg_yearly": 0,
            "eps_latest_yearly": 0,
            "eps_growth_yearly": 0
        },
        "20163": {
            "year_quarter": 20163,
            "year": 2016,
            "quarter": 3,
            "eps": -0.09,
            "eps_growth_year": null,
            "eps_4q": -150,
            "eps_4q_growth_year": null,
            "roe": -8.55,
            "roe_4q": -51.540000000000006,
            "gross_profit": 17355,
            "gross_margin": 71.05,
            "gross_margin_4q_avg": 79.58,
            "net_income": -65256,
            "revenue": 24428,
            "common_shares": 20908,
            "book_valuer_per_share": 1.02,
            "book_valuer_per_share_4q_avg": 0.98,
            "equity": 730566,
            "current_ratio": 798.7,
            "debt_ratio": 14.59,
            "inventory_turnover_ratio": null,
            "account_receivable_turnover_ratio": 9.52,
            "reinvestment_rate": null,
            "research_to_sale_ratio": 226.29,
            "price_fair": 0,
            "eps_avg_yearly": 0,
            "eps_latest_yearly": 0,
            "eps_growth_yearly": 0
        },
        "20164": {
            "year_quarter": 20164,
            "year": 2016,
            "quarter": 4,
            "eps": -26.73,
            "eps_growth_year": null,
            "eps_4q": -119.59,
            "eps_4q_growth_year": null,
            "roe": -7.95,
            "roe_4q": -35.58,
            "gross_profit": 54013,
            "gross_margin": 97.95,
            "gross_margin_4q_avg": 85.49,
            "net_income": -55882,
            "revenue": 55142,
            "common_shares": 20908,
            "book_valuer_per_share": 0.94,
            "book_valuer_per_share_4q_avg": 1.06,
            "equity": 675623,
            "current_ratio": 625.59,
            "debt_ratio": 17.95,
            "inventory_turnover_ratio": null,
            "account_receivable_turnover_ratio": 29.26,
            "reinvestment_rate": null,
            "research_to_sale_ratio": 147.99,
            "price_fair": 0,
            "eps_avg_yearly": 0,
            "eps_latest_yearly": 0,
            "eps_growth_yearly": 0
        },
        "20171": {
            "year_quarter": 20171,
            "year": 2017,
            "quarter": 1,
            "eps": -0.08,
            "eps_growth_year": null,
            "eps_4q": -100.95,
            "eps_4q_growth_year": null,
            "roe": -8.5,
            "roe_4q": -29.28,
            "gross_profit": 11530,
            "gross_margin": 94.76,
            "gross_margin_4q_avg": 88.96,
            "net_income": -55134,
            "revenue": 12168,
            "common_shares": 20908,
            "book_valuer_per_share": 0.87,
            "book_valuer_per_share_4q_avg": 0.99,
            "equity": 621544,
            "current_ratio": 184.72,
            "debt_ratio": 53.48,
            "inventory_turnover_ratio": null,
            "account_receivable_turnover_ratio": 3.89,
            "reinvestment_rate": null,
            "research_to_sale_ratio": 333.83,
            "price_fair": 0,
            "eps_avg_yearly": 0,
            "eps_latest_yearly": 0,
            "eps_growth_yearly": 0
        },
        "20172": {
            "year_quarter": 20172,
            "year": 2017,
            "quarter": 2,
            "eps": 1.36,
            "eps_growth_year": null,
            "eps_4q": 382.54,
            "eps_4q_growth_year": null,
            "roe": 87.9,
            "roe_4q": 62.900000000000006,
            "gross_profit": 529015,
            "gross_margin": 99.76,
            "gross_margin_4q_avg": 90.88,
            "net_income": 976085,
            "revenue": 530276,
            "common_shares": 20908,
            "book_valuer_per_share": 2.23,
            "book_valuer_per_share_4q_avg": 1.27,
            "equity": 1599475,
            "current_ratio": 1765.19,
            "debt_ratio": 5.79,
            "inventory_turnover_ratio": null,
            "account_receivable_turnover_ratio": 197.2,
            "reinvestment_rate": null,
            "research_to_sale_ratio": 8.64,
            "price_fair": 0,
            "eps_avg_yearly": 0,
            "eps_latest_yearly": 0,
            "eps_growth_yearly": 0
        },
        "20173": {
            "year_quarter": 20173,
            "year": 2017,
            "quarter": 3,
            "eps": -0.06,
            "eps_growth_year": null,
            "eps_4q": 392.84,
            "eps_4q_growth_year": null,
            "roe": -2.77,
            "roe_4q": 68.68,
            "gross_profit": 4410,
            "gross_margin": 54.18,
            "gross_margin_4q_avg": 86.66,
            "net_income": -43718,
            "revenue": 8140,
            "common_shares": 20908,
            "book_valuer_per_share": 2.17,
            "book_valuer_per_share_4q_avg": 1.55,
            "equity": 1558504,
            "current_ratio": 1511.71,
            "debt_ratio": 6.3,
            "inventory_turnover_ratio": null,
            "account_receivable_turnover_ratio": 11.66,
            "reinvestment_rate": null,
            "research_to_sale_ratio": 627.05,
            "price_fair": 0,
            "eps_avg_yearly": 0,
            "eps_latest_yearly": 0,
            "eps_growth_yearly": 0
        },
        "20174": {
            "year_quarter": 20174,
            "year": 2017,
            "quarter": 4,
            "eps": -62.59,
            "eps_growth_year": null,
            "eps_4q": 356.98,
            "eps_4q_growth_year": null,
            "roe": -8.77,
            "roe_4q": 67.86000000000001,
            "gross_profit": 2003,
            "gross_margin": 76.33,
            "gross_margin_4q_avg": 81.26,
            "net_income": -130855,
            "revenue": 2624,
            "common_shares": 20908,
            "book_valuer_per_share": 1.99,
            "book_valuer_per_share_4q_avg": 1.82,
            "equity": 1424468,
            "current_ratio": 1536.83,
            "debt_ratio": 6.42,
            "inventory_turnover_ratio": null,
            "account_receivable_turnover_ratio": 8.4,
            "reinvestment_rate": null,
            "research_to_sale_ratio": 2027.1,
            "price_fair": 0,
            "eps_avg_yearly": 0,
            "eps_latest_yearly": 0,
            "eps_growth_yearly": 0
        },
        "20181": {
            "year_quarter": 20181,
            "year": 2018,
            "quarter": 1,
            "eps": -0.04,
            "eps_growth_year": null,
            "eps_4q": 371.17,
            "eps_4q_growth_year": null,
            "roe": -1.8,
            "roe_4q": 74.56,
            "gross_profit": 16123,
            "gross_margin": 96.07,
            "gross_margin_4q_avg": 81.59,
            "net_income": -25462,
            "revenue": 16782,
            "common_shares": 20908,
            "book_valuer_per_share": 1.96,
            "book_valuer_per_share_4q_avg": 2.09,
            "equity": 1402971,
            "current_ratio": 2176.75,
            "debt_ratio": 5.08,
            "inventory_turnover_ratio": null,
            "account_receivable_turnover_ratio": 2.05,
            "reinvestment_rate": null,
            "research_to_sale_ratio": 242.4,
            "price_fair": 0,
            "eps_avg_yearly": 0,
            "eps_latest_yearly": 0,
            "eps_growth_yearly": 0
        },
        "20182": {
            "year_quarter": 20182,
            "year": 2018,
            "quarter": 2,
            "eps": -0.14,
            "eps_growth_year": -110.29,
            "eps_4q": -142.27,
            "eps_4q_growth_year": -137.19,
            "roe": -7.16,
            "roe_4q": -20.5,
            "gross_profit": 2504,
            "gross_margin": 78.35,
            "gross_margin_4q_avg": 76.23,
            "net_income": -97425,
            "revenue": 3196,
            "common_shares": 20908,
            "book_valuer_per_share": 1.84,
            "book_valuer_per_share_4q_avg": 1.99,
            "equity": 1319627,
            "current_ratio": 1999.36,
            "debt_ratio": 5.48,
            "inventory_turnover_ratio": null,
            "account_receivable_turnover_ratio": 0.4,
            "reinvestment_rate": null,
            "research_to_sale_ratio": 1344.9,
            "price_fair": 0,
            "eps_avg_yearly": 0,
            "eps_latest_yearly": 0,
            "eps_growth_yearly": 0
        },
        "20183": {
            "year_quarter": 20183,
            "year": 2018,
            "quarter": 3,
            "eps": -0.17,
            "eps_growth_year": null,
            "eps_4q": -180.94,
            "eps_4q_growth_year": -146.06,
            "roe": -9.94,
            "roe_4q": -27.67,
            "gross_profit": 4202,
            "gross_margin": 84.82,
            "gross_margin_4q_avg": 83.89,
            "net_income": -124573,
            "revenue": 4954,
            "common_shares": 20908,
            "book_valuer_per_share": 1.66,
            "book_valuer_per_share_4q_avg": 1.86,
            "equity": 1187625,
            "current_ratio": 1540.68,
            "debt_ratio": 6.84,
            "inventory_turnover_ratio": null,
            "account_receivable_turnover_ratio": 5.35,
            "reinvestment_rate": null,
            "research_to_sale_ratio": 979.09,
            "price_fair": 0,
            "eps_avg_yearly": 0,
            "eps_latest_yearly": 0,
            "eps_growth_yearly": 0
        },
        "20184": {
            "year_quarter": 20184,
            "year": 2018,
            "quarter": 4,
            "eps": -45.8,
            "eps_growth_year": null,
            "eps_4q": -164.15,
            "eps_4q_growth_year": -145.98,
            "roe": -8.4,
            "roe_4q": -27.3,
            "gross_profit": 3225,
            "gross_margin": 68.82,
            "gross_margin_4q_avg": 82.02,
            "net_income": -95750,
            "revenue": 4686,
            "common_shares": 20908,
            "book_valuer_per_share": 1.53,
            "book_valuer_per_share_4q_avg": 1.75,
            "equity": 1093344,
            "current_ratio": 1254.09,
            "debt_ratio": 7.94,
            "inventory_turnover_ratio": null,
            "account_receivable_turnover_ratio": 2.48,
            "reinvestment_rate": null,
            "research_to_sale_ratio": 1395.24,
            "price_fair": 0,
            "eps_avg_yearly": 0,
            "eps_latest_yearly": 0,
            "eps_growth_yearly": 0
        },
        "20191": {
            "year_quarter": 20191,
            "year": 2019,
            "quarter": 1,
            "eps": -0.08,
            "eps_growth_year": null,
            "eps_4q": -177.83,
            "eps_4q_growth_year": -147.91,
            "roe": -5,
            "roe_4q": -30.5,
            "gross_profit": 3203,
            "gross_margin": 70.41,
            "gross_margin_4q_avg": 75.6,
            "net_income": -54079,
            "revenue": 4549,
            "common_shares": 20909,
            "book_valuer_per_share": 1.49,
            "book_valuer_per_share_4q_avg": 1.63,
            "equity": 1070035,
            "current_ratio": 654.52,
            "debt_ratio": 14.13,
            "inventory_turnover_ratio": null,
            "account_receivable_turnover_ratio": 1.31,
            "reinvestment_rate": null,
            "research_to_sale_ratio": 942.98,
            "price_fair": 0,
            "eps_avg_yearly": 0,
            "eps_latest_yearly": 0,
            "eps_growth_yearly": 0
        },
        "20192": {
            "year_quarter": 20192,
            "year": 2019,
            "quarter": 2,
            "eps": 0.08,
            "eps_growth_year": null,
            "eps_4q": -102.32,
            "eps_4q_growth_year": null,
            "roe": 5.5,
            "roe_4q": -17.84,
            "gross_profit": 3022,
            "gross_margin": 72.84,
            "gross_margin_4q_avg": 74.22,
            "net_income": 60454,
            "revenue": 4149,
            "common_shares": 20909,
            "book_valuer_per_share": 1.57,
            "book_valuer_per_share_4q_avg": 1.56,
            "equity": 1126854,
            "current_ratio": 666.9,
            "debt_ratio": 13.97,
            "inventory_turnover_ratio": null,
            "account_receivable_turnover_ratio": 0.8,
            "reinvestment_rate": null,
            "research_to_sale_ratio": 1228.61,
            "price_fair": 0,
            "eps_avg_yearly": 0,
            "eps_latest_yearly": 0,
            "eps_growth_yearly": 0
        },
        "20193": {
            "year_quarter": 20193,
            "year": 2019,
            "quarter": 3,
            "eps": -0.14,
            "eps_growth_year": null,
            "eps_4q": -91.89,
            "eps_4q_growth_year": null,
            "roe": -9.59,
            "roe_4q": -17.490000000000002,
            "gross_profit": 3400,
            "gross_margin": 70.85,
            "gross_margin_4q_avg": 70.73,
            "net_income": -102750,
            "revenue": 4799,
            "common_shares": 20909,
            "book_valuer_per_share": 1.42,
            "book_valuer_per_share_4q_avg": 1.5,
            "equity": 1016932,
            "current_ratio": 906.31,
            "debt_ratio": 11.34,
            "inventory_turnover_ratio": null,
            "account_receivable_turnover_ratio": 0.85,
            "reinvestment_rate": null,
            "research_to_sale_ratio": 1035.36,
            "price_fair": 0,
            "eps_avg_yearly": 0,
            "eps_latest_yearly": 0,
            "eps_growth_yearly": 0
        },
        "20194": {
            "year_quarter": 20194,
            "year": 2019,
            "quarter": 4,
            "eps": -95.32,
            "eps_growth_year": null,
            "eps_4q": -141.41,
            "eps_4q_growth_year": null,
            "roe": -21.76,
            "roe_4q": -30.85,
            "gross_profit": 3085,
            "gross_margin": 45.25,
            "gross_margin_4q_avg": 64.84,
            "net_income": -199310,
            "revenue": 6817,
            "common_shares": 20910,
            "book_valuer_per_share": 1.14,
            "book_valuer_per_share_4q_avg": 1.41,
            "equity": 815183,
            "current_ratio": 788.03,
            "debt_ratio": 13.84,
            "inventory_turnover_ratio": null,
            "account_receivable_turnover_ratio": 1.83,
            "reinvestment_rate": null,
            "research_to_sale_ratio": 1173.52,
            "price_fair": 0,
            "eps_avg_yearly": 0,
            "eps_latest_yearly": 0,
            "eps_growth_yearly": 0
        },
        "20201": {
            "year_quarter": 20201,
            "year": 2020,
            "quarter": 1,
            "eps": -0.1,
            "eps_growth_year": null,
            "eps_4q": -150.06,
            "eps_4q_growth_year": null,
            "roe": -9.28,
            "roe_4q": -35.129999999999995,
            "gross_profit": 3321,
            "gross_margin": 100,
            "gross_margin_4q_avg": 72.24,
            "net_income": -72177,
            "revenue": 3321,
            "common_shares": 20910,
            "book_valuer_per_share": 1.03,
            "book_valuer_per_share_4q_avg": 1.29,
            "equity": 741017,
            "current_ratio": 1379.74,
            "debt_ratio": 9.41,
            "inventory_turnover_ratio": 0,
            "account_receivable_turnover_ratio": 1.33,
            "reinvestment_rate": null,
            "research_to_sale_ratio": 1135.89,
            "price_fair": 0,
            "eps_avg_yearly": 0,
            "eps_latest_yearly": 0,
            "eps_growth_yearly": 0
        },
        "20202": {
            "year_quarter": 20202,
            "year": 2020,
            "quarter": 2,
            "eps": -0.14,
            "eps_growth_year": -275,
            "eps_4q": -228.2,
            "eps_4q_growth_year": null,
            "roe": -14.96,
            "roe_4q": -55.59,
            "gross_profit": 4246,
            "gross_margin": 56.63,
            "gross_margin_4q_avg": 68.18,
            "net_income": -102936,
            "revenue": 7498,
            "common_shares": 20910,
            "book_valuer_per_share": 0.89,
            "book_valuer_per_share_4q_avg": 1.12,
            "equity": 635301,
            "current_ratio": 1210.67,
            "debt_ratio": 10.42,
            "inventory_turnover_ratio": 0.16,
            "account_receivable_turnover_ratio": 1.86,
            "reinvestment_rate": null,
            "research_to_sale_ratio": 672.26,
            "price_fair": 0,
            "eps_avg_yearly": 0,
            "eps_latest_yearly": 0,
            "eps_growth_yearly": 0
        },
        "20203": {
            "year_quarter": 20203,
            "year": 2020,
            "quarter": 3,
            "eps": -0.14,
            "eps_growth_year": null,
            "eps_4q": -226.62,
            "eps_4q_growth_year": null,
            "roe": -16.86,
            "roe_4q": -62.86,
            "gross_profit": 4195,
            "gross_margin": 91.57,
            "gross_margin_4q_avg": 73.36,
            "net_income": -99437,
            "revenue": 4581,
            "common_shares": 20910,
            "book_valuer_per_share": 0.76,
            "book_valuer_per_share_4q_avg": 0.96,
            "equity": 543994,
            "current_ratio": 1102.21,
            "debt_ratio": 10.82,
            "inventory_turnover_ratio": 0.02,
            "account_receivable_turnover_ratio": 0.96,
            "reinvestment_rate": null,
            "research_to_sale_ratio": 1584.89,
            "price_fair": 0,
            "eps_avg_yearly": 0,
            "eps_latest_yearly": 0,
            "eps_growth_yearly": 0
        },
        "20204": {
            "year_quarter": 20204,
            "year": 2020,
            "quarter": 4,
            "eps": -62.3,
            "eps_growth_year": null,
            "eps_4q": -193.6,
            "eps_4q_growth_year": null,
            "roe": -26.42,
            "roe_4q": -67.52,
            "gross_profit": 7624,
            "gross_margin": 95.04,
            "gross_margin_4q_avg": 85.81,
            "net_income": -130269,
            "revenue": 8022,
            "common_shares": 20910,
            "book_valuer_per_share": 0.62,
            "book_valuer_per_share_4q_avg": 0.83,
            "equity": 442181,
            "current_ratio": 412.62,
            "debt_ratio": 20.53,
            "inventory_turnover_ratio": 0.03,
            "account_receivable_turnover_ratio": 1.34,
            "reinvestment_rate": null,
            "research_to_sale_ratio": 1105.78,
            "price_fair": 0,
            "eps_avg_yearly": 0,
            "eps_latest_yearly": 0,
            "eps_growth_yearly": 0
        },
        "20211": {
            "year_quarter": 20211,
            "year": 2021,
            "quarter": 1,
            "eps": -0.06,
            "eps_growth_year": null,
            "eps_4q": -179.96,
            "eps_4q_growth_year": null,
            "roe": -10.28,
            "roe_4q": -68.52000000000001,
            "gross_profit": 36046,
            "gross_margin": 78.11,
            "gross_margin_4q_avg": 80.34,
            "net_income": -43654,
            "revenue": 46150,
            "common_shares": 20910,
            "book_valuer_per_share": 0.57,
            "book_valuer_per_share_4q_avg": 0.71,
            "equity": 407148,
            "current_ratio": 889.74,
            "debt_ratio": 11.19,
            "inventory_turnover_ratio": 0.59,
            "account_receivable_turnover_ratio": 9.98,
            "reinvestment_rate": null,
            "research_to_sale_ratio": 103.92,
            "price_fair": 0,
            "eps_avg_yearly": 0,
            "eps_latest_yearly": 0,
            "eps_growth_yearly": 0
        },
        "20212": {
            "year_quarter": 20212,
            "year": 2021,
            "quarter": 2,
            "eps": 1.54,
            "eps_growth_year": null,
            "eps_4q": 395.55,
            "eps_4q_growth_year": null,
            "roe": 114.18,
            "roe_4q": 60.620000000000005,
            "gross_profit": 1243853,
            "gross_margin": 99.95,
            "gross_margin_4q_avg": 91.17,
            "net_income": 1100459,
            "revenue": 1244487,
            "common_shares": 20910,
            "book_valuer_per_share": 2.12,
            "book_valuer_per_share_4q_avg": 1.02,
            "equity": 1520435,
            "current_ratio": 2667.89,
            "debt_ratio": 4.44,
            "inventory_turnover_ratio": 0.03,
            "account_receivable_turnover_ratio": 2.54,
            "reinvestment_rate": null,
            "research_to_sale_ratio": 7.02,
            "price_fair": 0,
            "eps_avg_yearly": 0,
            "eps_latest_yearly": 0,
            "eps_growth_yearly": 0
        },
        "20213": {
            "year_quarter": 20213,
            "year": 2021,
            "quarter": 3,
            "eps": -0.19,
            "eps_growth_year": null,
            "eps_4q": 375.38,
            "eps_4q_growth_year": null,
            "roe": -9.73,
            "roe_4q": 67.75,
            "gross_profit": 1833,
            "gross_margin": 77.8,
            "gross_margin_4q_avg": 87.73,
            "net_income": -141624,
            "revenue": 2356,
            "common_shares": 20910,
            "book_valuer_per_share": 1.94,
            "book_valuer_per_share_4q_avg": 1.31,
            "equity": 1389437,
            "current_ratio": 2910.33,
            "debt_ratio": 4.23,
            "inventory_turnover_ratio": 0.03,
            "account_receivable_turnover_ratio": 0,
            "reinvestment_rate": null,
            "research_to_sale_ratio": 2125.55,
            "price_fair": 0,
            "eps_avg_yearly": 0,
            "eps_latest_yearly": 0,
            "eps_growth_yearly": 0
        },
        "20214": {
            "year_quarter": 20214,
            "year": 2021,
            "quarter": 4,
            "eps": -66.74,
            "eps_growth_year": null,
            "eps_4q": 370.93,
            "eps_4q_growth_year": null,
            "roe": -10.56,
            "roe_4q": 83.61000000000001,
            "gross_profit": 70,
            "gross_margin": 4.58,
            "gross_margin_4q_avg": 65.11,
            "net_income": -139563,
            "revenue": 1529,
            "common_shares": 20910,
            "book_valuer_per_share": 1.75,
            "book_valuer_per_share_4q_avg": 1.6,
            "equity": 1253691,
            "current_ratio": 1370.79,
            "debt_ratio": 9.99,
            "inventory_turnover_ratio": 0.08,
            "account_receivable_turnover_ratio": 0.01,
            "reinvestment_rate": null,
            "research_to_sale_ratio": 6402.94,
            "price_fair": 0,
            "eps_avg_yearly": 0,
            "eps_latest_yearly": 0,
            "eps_growth_yearly": 0
        },
        "20221": {
            "year_quarter": 20221,
            "year": 2022,
            "quarter": 1,
            "eps": -0.05,
            "eps_growth_year": null,
            "eps_4q": 375.94,
            "eps_4q_growth_year": null,
            "roe": -2.7,
            "roe_4q": 91.19,
            "gross_profit": 9417,
            "gross_margin": 97.3,
            "gross_margin_4q_avg": 69.91,
            "net_income": -33187,
            "revenue": 9678,
            "common_shares": 20910,
            "book_valuer_per_share": 1.68,
            "book_valuer_per_share_4q_avg": 1.87,
            "equity": 1205817,
            "current_ratio": 2046.39,
            "debt_ratio": 7.44,
            "inventory_turnover_ratio": 0.01,
            "account_receivable_turnover_ratio": 0.07,
            "reinvestment_rate": null,
            "research_to_sale_ratio": 595.95,
            "price_fair": 0,
            "eps_avg_yearly": 0,
            "eps_latest_yearly": 0,
            "eps_growth_yearly": 0
        },
        "20222": {
            "year_quarter": 20222,
            "year": 2022,
            "quarter": 2,
            "eps": -0.14,
            "eps_growth_year": -109.09,
            "eps_4q": -199.37,
            "eps_4q_growth_year": -150.4,
            "roe": -8.81,
            "roe_4q": -31.8,
            "gross_profit": 1955,
            "gross_margin": 72.78,
            "gross_margin_4q_avg": 63.12,
            "net_income": -102500,
            "revenue": 2686,
            "common_shares": 20910,
            "book_valuer_per_share": 1.56,
            "book_valuer_per_share_4q_avg": 1.73,
            "equity": 1121052,
            "current_ratio": 1479.53,
            "debt_ratio": 8.92,
            "inventory_turnover_ratio": 0.04,
            "account_receivable_turnover_ratio": 1.08,
            "reinvestment_rate": null,
            "research_to_sale_ratio": 2899.14,
            "price_fair": 0,
            "eps_avg_yearly": 0,
            "eps_latest_yearly": 0,
            "eps_growth_yearly": 0
        },
        "20223": {
            "year_quarter": 20223,
            "year": 2022,
            "quarter": 3,
            "eps": 0.02,
            "eps_growth_year": null,
            "eps_4q": -126.47,
            "eps_4q_growth_year": -133.69,
            "roe": 0.98,
            "roe_4q": -21.090000000000003,
            "gross_profit": 18029,
            "gross_margin": 94.19,
            "gross_margin_4q_avg": 67.21,
            "net_income": 10791,
            "revenue": 19141,
            "common_shares": 20910,
            "book_valuer_per_share": 1.5,
            "book_valuer_per_share_4q_avg": 1.62,
            "equity": 1074241,
            "current_ratio": 1710.49,
            "debt_ratio": 7.96,
            "inventory_turnover_ratio": 0.07,
            "account_receivable_turnover_ratio": 1.78,
            "reinvestment_rate": null,
            "research_to_sale_ratio": 150.9,
            "price_fair": 0,
            "eps_avg_yearly": 0,
            "eps_latest_yearly": 0,
            "eps_growth_yearly": 0
        },
        "20224": {
            "year_quarter": 20224,
            "year": 2022,
            "quarter": 4,
            "eps": -53.69,
            "eps_growth_year": null,
            "eps_4q": -113.42,
            "eps_4q_growth_year": -130.58,
            "roe": -10.98,
            "roe_4q": -21.51,
            "gross_profit": 3093,
            "gross_margin": 65.46,
            "gross_margin_4q_avg": 82.43,
            "net_income": -112268,
            "revenue": 4725,
            "common_shares": 20910,
            "book_valuer_per_share": 1.35,
            "book_valuer_per_share_4q_avg": 1.52,
            "equity": 970029,
            "current_ratio": 1849.64,
            "debt_ratio": 7.35,
            "inventory_turnover_ratio": 0.1,
            "account_receivable_turnover_ratio": 0.25,
            "reinvestment_rate": null,
            "research_to_sale_ratio": 1546.96,
            "price_fair": 0,
            "eps_avg_yearly": 0,
            "eps_latest_yearly": 0,
            "eps_growth_yearly": 0
        },
        "20231": {
            "year_quarter": 20231,
            "year": 2023,
            "quarter": 1,
            "eps": -0.07,
            "eps_growth_year": null,
            "eps_4q": -121.65,
            "eps_4q_growth_year": -132.36,
            "roe": -5.34,
            "roe_4q": -24.15,
            "gross_profit": 3182,
            "gross_margin": 55.22,
            "gross_margin_4q_avg": 71.91,
            "net_income": -50388,
            "revenue": 5762,
            "common_shares": 20910,
            "book_valuer_per_share": 1.28,
            "book_valuer_per_share_4q_avg": 1.42,
            "equity": 916708,
            "current_ratio": 1363.43,
            "debt_ratio": 8.39,
            "inventory_turnover_ratio": 0.17,
            "account_receivable_turnover_ratio": 0.31,
            "reinvestment_rate": null,
            "research_to_sale_ratio": 581.33,
            "price_fair": 0,
            "eps_avg_yearly": 0,
            "eps_latest_yearly": 0,
            "eps_growth_yearly": 0
        }
    },
    "months": {
        "2013-08": {
            "month": "2013-08",
            "price": "50.31",
            "revenue": 5699
        },
        "2013-09": {
            "month": "2013-09",
            "price": "53.52",
            "revenue": 5960
        },
        "2013-10": {
            "month": "2013-10",
            "price": "58.24",
            "revenue": 5861
        },
        "2013-11": {
            "month": "2013-11",
            "price": "60.79",
            "revenue": 5875
        },
        "2013-12": {
            "month": "2013-12",
            "price": "61.24",
            "revenue": 6526
        },
        "2014-01": {
            "month": "2014-01",
            "price": "51.30",
            "revenue": 36047
        },
        "2014-02": {
            "month": "2014-02",
            "price": "55.87",
            "revenue": 6038
        },
        "2014-03": {
            "month": "2014-03",
            "price": "59.82",
            "revenue": 6239
        },
        "2014-04": {
            "month": "2014-04",
            "price": "53.03",
            "revenue": 5970
        },
        "2014-05": {
            "month": "2014-05",
            "price": "52.70",
            "revenue": 6508
        },
        "2014-06": {
            "month": "2014-06",
            "price": "51.81",
            "revenue": 6108
        },
        "2014-07": {
            "month": "2014-07",
            "price": "49.04",
            "revenue": 6277
        },
        "2014-08": {
            "month": "2014-08",
            "price": "40.30",
            "revenue": 5873
        },
        "2014-09": {
            "month": "2014-09",
            "price": "43.00",
            "revenue": 6569
        },
        "2014-10": {
            "month": "2014-10",
            "price": "38.38",
            "revenue": 6381
        },
        "2014-11": {
            "month": "2014-11",
            "price": "34.63",
            "revenue": 6217
        },
        "2014-12": {
            "month": "2014-12",
            "price": "38.28",
            "revenue": 6370
        },
        "2015-01": {
            "month": "2015-01",
            "price": "36.71",
            "revenue": 6193
        },
        "2015-02": {
            "month": "2015-02",
            "price": "36.05",
            "revenue": 6532
        },
        "2015-03": {
            "month": "2015-03",
            "price": "35.86",
            "revenue": 6065
        },
        "2015-04": {
            "month": "2015-04",
            "price": "32.76",
            "revenue": 7445
        },
        "2015-05": {
            "month": "2015-05",
            "price": "31.08",
            "revenue": 6735
        },
        "2015-06": {
            "month": "2015-06",
            "price": "28.99",
            "revenue": 6241
        },
        "2015-07": {
            "month": "2015-07",
            "price": "26.73",
            "revenue": 7216
        },
        "2015-08": {
            "month": "2015-08",
            "price": "24.65",
            "revenue": 6540
        },
        "2015-09": {
            "month": "2015-09",
            "price": "25.60",
            "revenue": 5946
        },
        "2015-10": {
            "month": "2015-10",
            "price": "27.92",
            "revenue": 7168
        },
        "2015-11": {
            "month": "2015-11",
            "price": "29.14",
            "revenue": 6603
        },
        "2015-12": {
            "month": "2015-12",
            "price": "34.27",
            "revenue": 5320
        },
        "2016-01": {
            "month": "2016-01",
            "price": "29.40",
            "revenue": 5481
        },
        "2016-02": {
            "month": "2016-02",
            "price": "28.47",
            "revenue": 5792
        },
        "2016-03": {
            "month": "2016-03",
            "price": "27.40",
            "revenue": 5908
        },
        "2016-04": {
            "month": "2016-04",
            "price": "27.10",
            "revenue": 5841
        },
        "2016-05": {
            "month": "2016-05",
            "price": "26.39",
            "revenue": 5904
        },
        "2016-06": {
            "month": "2016-06",
            "price": "28.40",
            "revenue": 37525
        },
        "2016-07": {
            "month": "2016-07",
            "price": "31.08",
            "revenue": 7346
        },
        "2016-08": {
            "month": "2016-08",
            "price": "29.40",
            "revenue": 3781
        },
        "2016-09": {
            "month": "2016-09",
            "price": "28.17",
            "revenue": 4630
        },
        "2016-10": {
            "month": "2016-10",
            "price": "29.35",
            "revenue": 45340
        },
        "2016-11": {
            "month": "2016-11",
            "price": "29.42",
            "revenue": 4170
        },
        "2016-12": {
            "month": "2016-12",
            "price": "28.41",
            "revenue": 5584
        },
        "2017-01": {
            "month": "2017-01",
            "price": "26.93",
            "revenue": 3908
        },
        "2017-02": {
            "month": "2017-02",
            "price": "27.32",
            "revenue": 4265
        },
        "2017-03": {
            "month": "2017-03",
            "price": "26.46",
            "revenue": 3994
        },
        "2017-04": {
            "month": "2017-04",
            "price": "23.81",
            "revenue": 744
        },
        "2017-05": {
            "month": "2017-05",
            "price": "21.41",
            "revenue": 738
        },
        "2017-06": {
            "month": "2017-06",
            "price": "23.10",
            "revenue": 528153
        },
        "2017-07": {
            "month": "2017-07",
            "price": "23.43",
            "revenue": 833
        },
        "2017-08": {
            "month": "2017-08",
            "price": "22.84",
            "revenue": 1021
        },
        "2017-09": {
            "month": "2017-09",
            "price": "21.83",
            "revenue": 6285
        },
        "2017-10": {
            "month": "2017-10",
            "price": "20.88",
            "revenue": 855
        },
        "2017-11": {
            "month": "2017-11",
            "price": "21.66",
            "revenue": 808
        },
        "2017-12": {
            "month": "2017-12",
            "price": "21.72",
            "revenue": 962
        },
        "2018-01": {
            "month": "2018-01",
            "price": "22.24",
            "revenue": 14710
        },
        "2018-02": {
            "month": "2018-02",
            "price": "24.27",
            "revenue": 1180
        },
        "2018-03": {
            "month": "2018-03",
            "price": "23.88",
            "revenue": 891
        },
        "2018-04": {
            "month": "2018-04",
            "price": "23.50",
            "revenue": 917
        },
        "2018-05": {
            "month": "2018-05",
            "price": "23.12",
            "revenue": 1354
        },
        "2018-06": {
            "month": "2018-06",
            "price": "22.00",
            "revenue": 926
        },
        "2018-07": {
            "month": "2018-07",
            "price": "20.94",
            "revenue": 997
        },
        "2018-08": {
            "month": "2018-08",
            "price": "20.44",
            "revenue": 1895
        },
        "2018-09": {
            "month": "2018-09",
            "price": "20.05",
            "revenue": 844
        },
        "2018-10": {
            "month": "2018-10",
            "price": "17.96",
            "revenue": 1603
        },
        "2018-11": {
            "month": "2018-11",
            "price": "16.36",
            "revenue": 1341
        },
        "2018-12": {
            "month": "2018-12",
            "price": "17.31",
            "revenue": 1742
        },
        "2019-01": {
            "month": "2019-01",
            "price": "17.40",
            "revenue": 1221
        },
        "2019-02": {
            "month": "2019-02",
            "price": "17.56",
            "revenue": 1907
        },
        "2019-03": {
            "month": "2019-03",
            "price": "17.34",
            "revenue": 1420
        },
        "2019-04": {
            "month": "2019-04",
            "price": "17.85",
            "revenue": 1128
        },
        "2019-05": {
            "month": "2019-05",
            "price": "16.54",
            "revenue": 1518
        },
        "2019-06": {
            "month": "2019-06",
            "price": "16.59",
            "revenue": 1504
        },
        "2019-07": {
            "month": "2019-07",
            "price": "17.36",
            "revenue": 1660
        },
        "2019-08": {
            "month": "2019-08",
            "price": "16.86",
            "revenue": 1537
        },
        "2019-09": {
            "month": "2019-09",
            "price": "17.49",
            "revenue": 1602
        },
        "2019-10": {
            "month": "2019-10",
            "price": "17.71",
            "revenue": 5505
        },
        "2019-11": {
            "month": "2019-11",
            "price": "21.59",
            "revenue": 569
        },
        "2019-12": {
            "month": "2019-12",
            "price": "18.84",
            "revenue": 1237
        },
        "2020-01": {
            "month": "2020-01",
            "price": "19.38",
            "revenue": 1266
        },
        "2020-02": {
            "month": "2020-02",
            "price": "21.79",
            "revenue": 1819
        },
        "2020-03": {
            "month": "2020-03",
            "price": "15.47",
            "revenue": 236
        },
        "2020-04": {
            "month": "2020-04",
            "price": "13.22",
            "revenue": 3819
        },
        "2020-05": {
            "month": "2020-05",
            "price": "17.57",
            "revenue": 1773
        },
        "2020-06": {
            "month": "2020-06",
            "price": "21.64",
            "revenue": 1905
        },
        "2020-07": {
            "month": "2020-07",
            "price": "27.06",
            "revenue": 1953
        },
        "2020-08": {
            "month": "2020-08",
            "price": "24.07",
            "revenue": 1194
        },
        "2020-09": {
            "month": "2020-09",
            "price": "21.75",
            "revenue": 942
        },
        "2020-10": {
            "month": "2020-10",
            "price": "23.77",
            "revenue": 2621
        },
        "2020-11": {
            "month": "2020-11",
            "price": "22.92",
            "revenue": 2119
        },
        "2020-12": {
            "month": "2020-12",
            "price": "22.65",
            "revenue": 3775
        },
        "2021-01": {
            "month": "2021-01",
            "price": "19.91",
            "revenue": 5163
        },
        "2021-02": {
            "month": "2021-02",
            "price": "18.72",
            "revenue": 40348
        },
        "2021-03": {
            "month": "2021-03",
            "price": "21.21",
            "revenue": 639
        },
        "2021-04": {
            "month": "2021-04",
            "price": "23.75",
            "revenue": 327176
        },
        "2021-05": {
            "month": "2021-05",
            "price": "21.44",
            "revenue": 427
        },
        "2021-06": {
            "month": "2021-06",
            "price": "20.05",
            "revenue": 916884
        },
        "2021-07": {
            "month": "2021-07",
            "price": "19.15",
            "revenue": 549
        },
        "2021-08": {
            "month": "2021-08",
            "price": "18.16",
            "revenue": 445
        },
        "2021-09": {
            "month": "2021-09",
            "price": "17.35",
            "revenue": 1362
        },
        "2021-10": {
            "month": "2021-10",
            "price": "16.02",
            "revenue": 719
        },
        "2021-11": {
            "month": "2021-11",
            "price": "15.20",
            "revenue": 796
        },
        "2021-12": {
            "month": "2021-12",
            "price": "15.50",
            "revenue": 15
        },
        "2022-01": {
            "month": "2022-01",
            "price": "14.69",
            "revenue": 1769
        },
        "2022-02": {
            "month": "2022-02",
            "price": "15.71",
            "revenue": 7097
        },
        "2022-03": {
            "month": "2022-03",
            "price": "17.08",
            "revenue": 812
        },
        "2022-04": {
            "month": "2022-04",
            "price": "17.30",
            "revenue": 812
        },
        "2022-05": {
            "month": "2022-05",
            "price": "15.82",
            "revenue": 870
        },
        "2022-06": {
            "month": "2022-06",
            "price": "16.75",
            "revenue": 1005
        },
        "2022-07": {
            "month": "2022-07",
            "price": "17.57",
            "revenue": 1193
        },
        "2022-08": {
            "month": "2022-08",
            "price": "17.64",
            "revenue": 1182
        },
        "2022-09": {
            "month": "2022-09",
            "price": "17.14",
            "revenue": 16766
        },
        "2022-10": {
            "month": "2022-10",
            "price": "14.54",
            "revenue": 1787
        },
        "2022-11": {
            "month": "2022-11",
            "price": "15.04",
            "revenue": 1581
        },
        "2022-12": {
            "month": "2022-12",
            "price": "16.22",
            "revenue": 1357
        },
        "2023-01": {
            "month": "2023-01",
            "price": "15.27",
            "revenue": 2819
        },
        "2023-02": {
            "month": "2023-02",
            "price": "15.76",
            "revenue": 1172
        },
        "2023-03": {
            "month": "2023-03",
            "price": "15.13",
            "revenue": 1772
        },
        "2023-04": {
            "month": "2023-04",
            "price": "15.28",
            "revenue": 1872
        }
    }
}
