{
    "summary": {
        "stock_name": "訊聯基因",
        "stock_id": "4160",
        "category": "生技醫療",
        "main_business": "1.基因檢測  2.分子診斷  3.生物技術服務<br>4.個人化醫療相關檢測服務  5.生物資訊服務  6.健康照護",
        "website_url": "http://www.gga.asia",
        "ceo": "蔡政憲",
        "pe_ratio": 39,
        "report_year_from": 2010,
        "report_year_to": 2023,
        "age": 14,
        "eps_negative_percentage": 54,
        "eps_growth_avg": {
            "last_all": 9.43,
            "last_2y": 41.51,
            "last_4y": -2.1,
            "last_8y": 9.43,
            "last_12y": null,
            "last_16y": null,
            "last_20y": null,
            "at_2006_last_3y": null,
            "at_2007_last_3y": null,
            "at_2008_last_3y": null,
            "at_2009_last_3y": null,
            "at_2010_last_3y": null,
            "at_2011_last_3y": null,
            "at_2012_last_3y": null,
            "at_2013_last_3y": null,
            "at_2014_last_3y": null,
            "at_2015_last_3y": null,
            "at_2016_last_3y": null,
            "at_2017_last_3y": null,
            "at_2018_last_3y": 55.56,
            "at_2019_last_3y": 32.06,
            "at_2020_last_3y": -11.96,
            "at_2021_last_3y": -11.96,
            "at_2022_last_3y": 2.86,
            "at_2023_last_3y": -5.66,
            "at_2024_last_3y": -5.66,
            "at_2006_last_all": null,
            "at_2007_last_all": null,
            "at_2008_last_all": null,
            "at_2009_last_all": null,
            "at_2010_last_all": null,
            "at_2011_last_all": null,
            "at_2012_last_all": null,
            "at_2013_last_all": null,
            "at_2014_last_all": null,
            "at_2015_last_all": null,
            "at_2016_last_all": null,
            "at_2017_last_all": null,
            "at_2018_last_all": 55.56,
            "at_2019_last_all": 32.06,
            "at_2020_last_all": -11.96,
            "at_2021_last_all": -11.96,
            "at_2022_last_all": 16.03,
            "at_2023_last_all": 9.43,
            "at_2024_last_all": 9.43
        },
        "latest_eps": 1.1,
        "latest_price": 42.5,
        "latest_roe": 7.62,
        "latest_gross_margin": 38.39,
        "latest_equity": 409040,
        "latest_revenue": 154796,
        "latest_gross_profit": 59429,
        "latest_net_income": 4884,
        "latest_debt_ratio": 25.53,
        "latest_current_ratio": 345.62,
        "latest_account_receivable_turnover_ratio": 1.48,
        "latest_inventory_turnover_ratio": 2.96,
        "latest_reinvestment_rate": 12.64,
        "latest_research_to_sale_ratio": 9.71
    },
    "eps_dividends": {
        "2001": {
            "cash": 0,
            "stock": 0,
            "eps": 0
        },
        "2002": {
            "cash": 0,
            "stock": 0,
            "eps": 0
        },
        "2003": {
            "cash": 0,
            "stock": 0,
            "eps": 0
        },
        "2004": {
            "cash": 0,
            "stock": 0,
            "eps": 0
        },
        "2005": {
            "cash": 0,
            "stock": 0,
            "eps": 0
        },
        "2006": {
            "cash": 0,
            "stock": 0,
            "eps": 0
        },
        "2007": {
            "cash": 0,
            "stock": 0,
            "eps": 0
        },
        "2008": {
            "cash": 0,
            "stock": 0,
            "eps": 0
        },
        "2009": {
            "cash": 0,
            "stock": 0,
            "eps": 0
        },
        "2010": {
            "cash": 0,
            "stock": 0,
            "eps": 0
        },
        "2011": {
            "cash": 0,
            "stock": 0,
            "eps": -0.17
        },
        "2012": {
            "cash": 0,
            "stock": 0.35,
            "eps": -0.75
        },
        "2013": {
            "cash": 0,
            "stock": 0,
            "eps": -1.4
        },
        "2014": {
            "cash": 0,
            "stock": 0,
            "eps": -1.74
        },
        "2015": {
            "cash": 0,
            "stock": 0,
            "eps": -0.53
        },
        "2016": {
            "cash": 0,
            "stock": 0,
            "eps": -0.34
        },
        "2017": {
            "cash": 0,
            "stock": 0,
            "eps": 0.45
        },
        "2018": {
            "cash": 0.4,
            "stock": 0,
            "eps": 0.7
        },
        "2019": {
            "cash": 0.63,
            "stock": 0,
            "eps": 0.76
        },
        "2020": {
            "cash": 0.68,
            "stock": 0,
            "eps": -0.65
        },
        "2021": {
            "cash": 0,
            "stock": 0,
            "eps": 0.33
        },
        "2022": {
            "cash": 0.29,
            "stock": 0,
            "eps": 1.06
        },
        "2023": {
            "cash": 0.48,
            "stock": 0.48,
            "eps": 0.88
        },
        "2024": {
            "cash": 0.51,
            "stock": 0.51,
            "eps": 0
        }
    },
    "dividends": {
        "2012-06-28": {
            "cash": 0,
            "stock": 0.35
        },
        "2018-08-31": {
            "cash": 0.4,
            "stock": 0
        },
        "2019-08-30": {
            "cash": 0.63,
            "stock": 0
        },
        "2020-08-31": {
            "cash": 0.68,
            "stock": 0
        },
        "2022-09-30": {
            "cash": 0.29,
            "stock": 0
        },
        "2023-10-20": {
            "cash": 0.48,
            "stock": 0.48
        },
        "2024-03-05": {
            "cash": 0.51,
            "stock": 0.51
        }
    },
    "prices": {
        "200101": "無",
        "200102": "無",
        "200103": "無",
        "200104": "無",
        "200105": "無",
        "200106": "無",
        "200107": "無",
        "200108": "無",
        "200109": "無",
        "200110": "無",
        "200111": "無",
        "200112": "無",
        "200201": "無",
        "200202": "無",
        "200203": "無",
        "200204": "無",
        "200205": "無",
        "200206": "無",
        "200207": "無",
        "200208": "無",
        "200209": "無",
        "200210": "無",
        "200211": "無",
        "200212": "無",
        "200301": "無",
        "200302": "無",
        "200303": "無",
        "200304": "無",
        "200305": "無",
        "200306": "無",
        "200307": "無",
        "200308": "無",
        "200309": "無",
        "200310": "無",
        "200311": "無",
        "200312": "無",
        "200401": "無",
        "200402": "無",
        "200403": "無",
        "200404": "無",
        "200405": "無",
        "200406": "無",
        "200407": "無",
        "200408": "無",
        "200409": "無",
        "200410": "無",
        "200411": "無",
        "200412": "無",
        "200501": "無",
        "200502": "無",
        "200503": "無",
        "200504": "無",
        "200505": "無",
        "200506": "無",
        "200507": "無",
        "200508": "無",
        "200509": "無",
        "200510": "無",
        "200511": "無",
        "200512": "無",
        "200601": "無",
        "200602": "無",
        "200603": "無",
        "200604": "無",
        "200605": "無",
        "200606": "無",
        "200607": "無",
        "200608": "無",
        "200609": "無",
        "200610": "無",
        "200611": "無",
        "200612": "無",
        "200701": "無",
        "200702": "無",
        "200703": "無",
        "200704": "無",
        "200705": "無",
        "200706": "無",
        "200707": "無",
        "200708": "無",
        "200709": "無",
        "200710": "無",
        "200711": "無",
        "200712": "無",
        "200801": "無",
        "200802": "無",
        "200803": "無",
        "200804": "無",
        "200805": "無",
        "200806": "無",
        "200807": "無",
        "200808": "無",
        "200809": "無",
        "200810": "無",
        "200811": "無",
        "200812": "無",
        "200901": "無",
        "200902": "無",
        "200903": "無",
        "200904": "無",
        "200905": "無",
        "200906": "無",
        "200907": "無",
        "200908": "無",
        "200909": "無",
        "200910": "無",
        "200911": "無",
        "200912": "無",
        "201001": "無",
        "201002": "無",
        "201003": "無",
        "201004": "無",
        "201005": "無",
        "201006": "無",
        "201007": "無",
        "201008": "無",
        "201009": "無",
        "201010": "無",
        "201011": "無",
        "201012": "無",
        "201101": "無",
        "201102": "無",
        "201103": "無",
        "201104": "無",
        "201105": "無",
        "201106": "無",
        "201107": "36.17",
        "201108": "33.49",
        "201109": "29.60",
        "201110": "24.93",
        "201111": "23.88",
        "201112": "22.98",
        "201201": "25.57",
        "201202": "26.48",
        "201203": "25.73",
        "201204": "29.82",
        "201205": "31.80",
        "201206": "34.26",
        "201207": "38.99",
        "201208": "41.33",
        "201209": "46.52",
        "201210": "53.63",
        "201211": "44.20",
        "201212": "43.90",
        "201301": "44.55",
        "201302": "46.60",
        "201303": "46.38",
        "201304": "41.17",
        "201305": "38.04",
        "201306": "36.11",
        "201307": "35.50",
        "201308": "34.30",
        "201309": "34.84",
        "201310": "31.90",
        "201311": "25.20",
        "201312": "26.80",
        "201401": "30.71",
        "201402": "30.04",
        "201403": "30.80",
        "201404": "28.23",
        "201405": "29.02",
        "201406": "34.42",
        "201407": "42.52",
        "201408": "33.94",
        "201409": "32.17",
        "201410": "28.47",
        "201411": "24.94",
        "201412": "30.14",
        "201501": "28.50",
        "201502": "27.61",
        "201503": "32.97",
        "201504": "37.91",
        "201505": "30.71",
        "201506": "27.82",
        "201507": "30.25",
        "201508": "25.69",
        "201509": "26.95",
        "201510": "28.55",
        "201511": "34.69",
        "201512": "31.45",
        "201601": "27.78",
        "201602": "28.25",
        "201603": "28.97",
        "201604": "28.16",
        "201605": "27.31",
        "201606": "27.47",
        "201607": "28.89",
        "201608": "27.87",
        "201609": "29.04",
        "201610": "29.00",
        "201611": "28.59",
        "201612": "28.24",
        "201701": "27.72",
        "201702": "27.73",
        "201703": "26.88",
        "201704": "25.52",
        "201705": "25.42",
        "201706": "26.60",
        "201707": "26.59",
        "201708": "26.59",
        "201709": "30.21",
        "201710": "28.74",
        "201711": "28.00",
        "201712": "26.95",
        "201801": "27.15",
        "201802": "26.37",
        "201803": "27.24",
        "201804": "27.94",
        "201805": "27.74",
        "201806": "30.74",
        "201807": "30.35",
        "201808": "29.50",
        "201809": "28.58",
        "201810": "27.91",
        "201811": "27.96",
        "201812": "28.13",
        "201901": "28.50",
        "201902": "28.92",
        "201903": "27.78",
        "201904": "28.07",
        "201905": "27.07",
        "201906": "26.86",
        "201907": "28.63",
        "201908": "27.56",
        "201909": "28.06",
        "201910": "29.80",
        "201911": "28.96",
        "201912": "28.02",
        "202001": "28.45",
        "202002": "28.25",
        "202003": "25.06",
        "202004": "25.27",
        "202005": "31.28",
        "202006": "30.89",
        "202007": "30.13",
        "202008": "27.83",
        "202009": "25.70",
        "202010": "24.81",
        "202011": "24.46",
        "202012": "24.58",
        "202101": "23.90",
        "202102": "23.52",
        "202103": "24.91",
        "202104": "24.68",
        "202105": "23.74",
        "202106": "24.40",
        "202107": "24.47",
        "202108": "24.33",
        "202109": "24.18",
        "202110": "24.02",
        "202111": "24.59",
        "202112": "24.66",
        "202201": "24.92",
        "202202": "24.76",
        "202203": "24.42",
        "202204": "25.04",
        "202205": "24.89",
        "202206": "24.74",
        "202207": "23.79",
        "202208": "24.70",
        "202209": "24.83",
        "202210": "23.78",
        "202211": "25.35",
        "202212": "27.96",
        "202301": "26.76",
        "202302": "28.11",
        "202303": "27.92",
        "202304": "31.76",
        "202305": "44.74",
        "202306": "39.05",
        "202307": "40.21",
        "202308": "47.61",
        "202309": "41.41",
        "202310": "38.88",
        "202311": "40.92",
        "202312": "39.90"
    },
    "quarters": {
        "20011": {
            "year_quarter": 20011,
            "year": 2001,
            "quarter": 1,
            "eps": null,
            "eps_growth_year": null,
            "eps_4q": null,
            "eps_4q_growth_year": null,
            "roe": null,
            "roe_4q": 0,
            "gross_profit": null,
            "gross_margin": null,
            "gross_margin_4q_avg": 0,
            "net_income": null,
            "net_income_4q": null,
            "revenue": null,
            "revenue_4q": null,
            "common_shares": null,
            "book_valuer_per_share": null,
            "book_valuer_per_share_4q_avg": 0,
            "equity": null,
            "current_ratio": null,
            "debt_ratio": null,
            "inventory_turnover_ratio": null,
            "account_receivable_turnover_ratio": null,
            "reinvestment_rate": null,
            "research_to_sale_ratio": null,
            "price_fair": 0,
            "eps_avg_yearly": 0,
            "eps_latest_yearly": 0,
            "eps_growth_yearly": 0
        },
        "20012": {
            "year_quarter": 20012,
            "year": 2001,
            "quarter": 2,
            "eps": null,
            "eps_growth_year": null,
            "eps_4q": null,
            "eps_4q_growth_year": null,
            "roe": null,
            "roe_4q": 0,
            "gross_profit": null,
            "gross_margin": null,
            "gross_margin_4q_avg": 0,
            "net_income": null,
            "net_income_4q": null,
            "revenue": null,
            "revenue_4q": null,
            "common_shares": null,
            "book_valuer_per_share": null,
            "book_valuer_per_share_4q_avg": 0,
            "equity": null,
            "current_ratio": null,
            "debt_ratio": null,
            "inventory_turnover_ratio": null,
            "account_receivable_turnover_ratio": null,
            "reinvestment_rate": null,
            "research_to_sale_ratio": null,
            "price_fair": 0,
            "eps_avg_yearly": 0,
            "eps_latest_yearly": 0,
            "eps_growth_yearly": 0
        },
        "20013": {
            "year_quarter": 20013,
            "year": 2001,
            "quarter": 3,
            "eps": null,
            "eps_growth_year": null,
            "eps_4q": null,
            "eps_4q_growth_year": null,
            "roe": null,
            "roe_4q": 0,
            "gross_profit": null,
            "gross_margin": null,
            "gross_margin_4q_avg": 0,
            "net_income": null,
            "net_income_4q": null,
            "revenue": null,
            "revenue_4q": null,
            "common_shares": null,
            "book_valuer_per_share": null,
            "book_valuer_per_share_4q_avg": 0,
            "equity": null,
            "current_ratio": null,
            "debt_ratio": null,
            "inventory_turnover_ratio": null,
            "account_receivable_turnover_ratio": null,
            "reinvestment_rate": null,
            "research_to_sale_ratio": null,
            "price_fair": 0,
            "eps_avg_yearly": 0,
            "eps_latest_yearly": 0,
            "eps_growth_yearly": 0
        },
        "20014": {
            "year_quarter": 20014,
            "year": 2001,
            "quarter": 4,
            "eps": null,
            "eps_growth_year": null,
            "eps_4q": null,
            "eps_4q_growth_year": null,
            "roe": null,
            "roe_4q": 0,
            "gross_profit": null,
            "gross_margin": null,
            "gross_margin_4q_avg": 0,
            "net_income": null,
            "net_income_4q": null,
            "revenue": null,
            "revenue_4q": null,
            "common_shares": null,
            "book_valuer_per_share": null,
            "book_valuer_per_share_4q_avg": 0,
            "equity": null,
            "current_ratio": null,
            "debt_ratio": null,
            "inventory_turnover_ratio": null,
            "account_receivable_turnover_ratio": null,
            "reinvestment_rate": null,
            "research_to_sale_ratio": null,
            "price_fair": 0,
            "eps_avg_yearly": 0,
            "eps_latest_yearly": 0,
            "eps_growth_yearly": 0
        },
        "20021": {
            "year_quarter": 20021,
            "year": 2002,
            "quarter": 1,
            "eps": null,
            "eps_growth_year": null,
            "eps_4q": null,
            "eps_4q_growth_year": null,
            "roe": null,
            "roe_4q": 0,
            "gross_profit": null,
            "gross_margin": null,
            "gross_margin_4q_avg": 0,
            "net_income": null,
            "net_income_4q": null,
            "revenue": null,
            "revenue_4q": null,
            "common_shares": null,
            "book_valuer_per_share": null,
            "book_valuer_per_share_4q_avg": 0,
            "equity": null,
            "current_ratio": null,
            "debt_ratio": null,
            "inventory_turnover_ratio": null,
            "account_receivable_turnover_ratio": null,
            "reinvestment_rate": null,
            "research_to_sale_ratio": null,
            "price_fair": 0,
            "eps_avg_yearly": 0,
            "eps_latest_yearly": 0,
            "eps_growth_yearly": 0
        },
        "20022": {
            "year_quarter": 20022,
            "year": 2002,
            "quarter": 2,
            "eps": null,
            "eps_growth_year": null,
            "eps_4q": null,
            "eps_4q_growth_year": null,
            "roe": null,
            "roe_4q": 0,
            "gross_profit": null,
            "gross_margin": null,
            "gross_margin_4q_avg": 0,
            "net_income": null,
            "net_income_4q": null,
            "revenue": null,
            "revenue_4q": null,
            "common_shares": null,
            "book_valuer_per_share": null,
            "book_valuer_per_share_4q_avg": 0,
            "equity": null,
            "current_ratio": null,
            "debt_ratio": null,
            "inventory_turnover_ratio": null,
            "account_receivable_turnover_ratio": null,
            "reinvestment_rate": null,
            "research_to_sale_ratio": null,
            "price_fair": 0,
            "eps_avg_yearly": 0,
            "eps_latest_yearly": 0,
            "eps_growth_yearly": 0
        },
        "20023": {
            "year_quarter": 20023,
            "year": 2002,
            "quarter": 3,
            "eps": null,
            "eps_growth_year": null,
            "eps_4q": null,
            "eps_4q_growth_year": null,
            "roe": null,
            "roe_4q": 0,
            "gross_profit": null,
            "gross_margin": null,
            "gross_margin_4q_avg": 0,
            "net_income": null,
            "net_income_4q": null,
            "revenue": null,
            "revenue_4q": null,
            "common_shares": null,
            "book_valuer_per_share": null,
            "book_valuer_per_share_4q_avg": 0,
            "equity": null,
            "current_ratio": null,
            "debt_ratio": null,
            "inventory_turnover_ratio": null,
            "account_receivable_turnover_ratio": null,
            "reinvestment_rate": null,
            "research_to_sale_ratio": null,
            "price_fair": 0,
            "eps_avg_yearly": 0,
            "eps_latest_yearly": 0,
            "eps_growth_yearly": 0
        },
        "20024": {
            "year_quarter": 20024,
            "year": 2002,
            "quarter": 4,
            "eps": null,
            "eps_growth_year": null,
            "eps_4q": null,
            "eps_4q_growth_year": null,
            "roe": null,
            "roe_4q": 0,
            "gross_profit": null,
            "gross_margin": null,
            "gross_margin_4q_avg": 0,
            "net_income": null,
            "net_income_4q": null,
            "revenue": null,
            "revenue_4q": null,
            "common_shares": null,
            "book_valuer_per_share": null,
            "book_valuer_per_share_4q_avg": 0,
            "equity": null,
            "current_ratio": null,
            "debt_ratio": null,
            "inventory_turnover_ratio": null,
            "account_receivable_turnover_ratio": null,
            "reinvestment_rate": null,
            "research_to_sale_ratio": null,
            "price_fair": 0,
            "eps_avg_yearly": 0,
            "eps_latest_yearly": 0,
            "eps_growth_yearly": 0
        },
        "20031": {
            "year_quarter": 20031,
            "year": 2003,
            "quarter": 1,
            "eps": null,
            "eps_growth_year": null,
            "eps_4q": null,
            "eps_4q_growth_year": null,
            "roe": null,
            "roe_4q": 0,
            "gross_profit": null,
            "gross_margin": null,
            "gross_margin_4q_avg": 0,
            "net_income": null,
            "net_income_4q": null,
            "revenue": null,
            "revenue_4q": null,
            "common_shares": null,
            "book_valuer_per_share": null,
            "book_valuer_per_share_4q_avg": 0,
            "equity": null,
            "current_ratio": null,
            "debt_ratio": null,
            "inventory_turnover_ratio": null,
            "account_receivable_turnover_ratio": null,
            "reinvestment_rate": null,
            "research_to_sale_ratio": null,
            "price_fair": 0,
            "eps_avg_yearly": 0,
            "eps_latest_yearly": 0,
            "eps_growth_yearly": 0
        },
        "20032": {
            "year_quarter": 20032,
            "year": 2003,
            "quarter": 2,
            "eps": null,
            "eps_growth_year": null,
            "eps_4q": null,
            "eps_4q_growth_year": null,
            "roe": null,
            "roe_4q": 0,
            "gross_profit": null,
            "gross_margin": null,
            "gross_margin_4q_avg": 0,
            "net_income": null,
            "net_income_4q": null,
            "revenue": null,
            "revenue_4q": null,
            "common_shares": null,
            "book_valuer_per_share": null,
            "book_valuer_per_share_4q_avg": 0,
            "equity": null,
            "current_ratio": null,
            "debt_ratio": null,
            "inventory_turnover_ratio": null,
            "account_receivable_turnover_ratio": null,
            "reinvestment_rate": null,
            "research_to_sale_ratio": null,
            "price_fair": 0,
            "eps_avg_yearly": 0,
            "eps_latest_yearly": 0,
            "eps_growth_yearly": 0
        },
        "20033": {
            "year_quarter": 20033,
            "year": 2003,
            "quarter": 3,
            "eps": null,
            "eps_growth_year": null,
            "eps_4q": null,
            "eps_4q_growth_year": null,
            "roe": null,
            "roe_4q": 0,
            "gross_profit": null,
            "gross_margin": null,
            "gross_margin_4q_avg": 0,
            "net_income": null,
            "net_income_4q": null,
            "revenue": null,
            "revenue_4q": null,
            "common_shares": null,
            "book_valuer_per_share": null,
            "book_valuer_per_share_4q_avg": 0,
            "equity": null,
            "current_ratio": null,
            "debt_ratio": null,
            "inventory_turnover_ratio": null,
            "account_receivable_turnover_ratio": null,
            "reinvestment_rate": null,
            "research_to_sale_ratio": null,
            "price_fair": 0,
            "eps_avg_yearly": 0,
            "eps_latest_yearly": 0,
            "eps_growth_yearly": 0
        },
        "20034": {
            "year_quarter": 20034,
            "year": 2003,
            "quarter": 4,
            "eps": null,
            "eps_growth_year": null,
            "eps_4q": null,
            "eps_4q_growth_year": null,
            "roe": null,
            "roe_4q": 0,
            "gross_profit": null,
            "gross_margin": null,
            "gross_margin_4q_avg": 0,
            "net_income": null,
            "net_income_4q": null,
            "revenue": null,
            "revenue_4q": null,
            "common_shares": null,
            "book_valuer_per_share": null,
            "book_valuer_per_share_4q_avg": 0,
            "equity": null,
            "current_ratio": null,
            "debt_ratio": null,
            "inventory_turnover_ratio": null,
            "account_receivable_turnover_ratio": null,
            "reinvestment_rate": null,
            "research_to_sale_ratio": null,
            "price_fair": 0,
            "eps_avg_yearly": 0,
            "eps_latest_yearly": 0,
            "eps_growth_yearly": 0
        },
        "20041": {
            "year_quarter": 20041,
            "year": 2004,
            "quarter": 1,
            "eps": null,
            "eps_growth_year": null,
            "eps_4q": null,
            "eps_4q_growth_year": null,
            "roe": null,
            "roe_4q": 0,
            "gross_profit": null,
            "gross_margin": null,
            "gross_margin_4q_avg": 0,
            "net_income": null,
            "net_income_4q": null,
            "revenue": null,
            "revenue_4q": null,
            "common_shares": null,
            "book_valuer_per_share": null,
            "book_valuer_per_share_4q_avg": 0,
            "equity": null,
            "current_ratio": null,
            "debt_ratio": null,
            "inventory_turnover_ratio": null,
            "account_receivable_turnover_ratio": null,
            "reinvestment_rate": null,
            "research_to_sale_ratio": null,
            "price_fair": 0,
            "eps_avg_yearly": 0,
            "eps_latest_yearly": 0,
            "eps_growth_yearly": 0
        },
        "20042": {
            "year_quarter": 20042,
            "year": 2004,
            "quarter": 2,
            "eps": null,
            "eps_growth_year": null,
            "eps_4q": null,
            "eps_4q_growth_year": null,
            "roe": null,
            "roe_4q": 0,
            "gross_profit": null,
            "gross_margin": null,
            "gross_margin_4q_avg": 0,
            "net_income": null,
            "net_income_4q": null,
            "revenue": null,
            "revenue_4q": null,
            "common_shares": null,
            "book_valuer_per_share": null,
            "book_valuer_per_share_4q_avg": 0,
            "equity": null,
            "current_ratio": null,
            "debt_ratio": null,
            "inventory_turnover_ratio": null,
            "account_receivable_turnover_ratio": null,
            "reinvestment_rate": null,
            "research_to_sale_ratio": null,
            "price_fair": 0,
            "eps_avg_yearly": 0,
            "eps_latest_yearly": 0,
            "eps_growth_yearly": 0
        },
        "20043": {
            "year_quarter": 20043,
            "year": 2004,
            "quarter": 3,
            "eps": null,
            "eps_growth_year": null,
            "eps_4q": null,
            "eps_4q_growth_year": null,
            "roe": null,
            "roe_4q": 0,
            "gross_profit": null,
            "gross_margin": null,
            "gross_margin_4q_avg": 0,
            "net_income": null,
            "net_income_4q": null,
            "revenue": null,
            "revenue_4q": null,
            "common_shares": null,
            "book_valuer_per_share": null,
            "book_valuer_per_share_4q_avg": 0,
            "equity": null,
            "current_ratio": null,
            "debt_ratio": null,
            "inventory_turnover_ratio": null,
            "account_receivable_turnover_ratio": null,
            "reinvestment_rate": null,
            "research_to_sale_ratio": null,
            "price_fair": 0,
            "eps_avg_yearly": 0,
            "eps_latest_yearly": 0,
            "eps_growth_yearly": 0
        },
        "20044": {
            "year_quarter": 20044,
            "year": 2004,
            "quarter": 4,
            "eps": null,
            "eps_growth_year": null,
            "eps_4q": null,
            "eps_4q_growth_year": null,
            "roe": null,
            "roe_4q": 0,
            "gross_profit": null,
            "gross_margin": null,
            "gross_margin_4q_avg": 0,
            "net_income": null,
            "net_income_4q": null,
            "revenue": null,
            "revenue_4q": null,
            "common_shares": null,
            "book_valuer_per_share": null,
            "book_valuer_per_share_4q_avg": 0,
            "equity": null,
            "current_ratio": null,
            "debt_ratio": null,
            "inventory_turnover_ratio": null,
            "account_receivable_turnover_ratio": null,
            "reinvestment_rate": null,
            "research_to_sale_ratio": null,
            "price_fair": 0,
            "eps_avg_yearly": 0,
            "eps_latest_yearly": 0,
            "eps_growth_yearly": 0
        },
        "20051": {
            "year_quarter": 20051,
            "year": 2005,
            "quarter": 1,
            "eps": null,
            "eps_growth_year": null,
            "eps_4q": null,
            "eps_4q_growth_year": null,
            "roe": null,
            "roe_4q": 0,
            "gross_profit": null,
            "gross_margin": null,
            "gross_margin_4q_avg": 0,
            "net_income": null,
            "net_income_4q": null,
            "revenue": null,
            "revenue_4q": null,
            "common_shares": null,
            "book_valuer_per_share": null,
            "book_valuer_per_share_4q_avg": 0,
            "equity": null,
            "current_ratio": null,
            "debt_ratio": null,
            "inventory_turnover_ratio": null,
            "account_receivable_turnover_ratio": null,
            "reinvestment_rate": null,
            "research_to_sale_ratio": null,
            "price_fair": 0,
            "eps_avg_yearly": 0,
            "eps_latest_yearly": 0,
            "eps_growth_yearly": 0
        },
        "20052": {
            "year_quarter": 20052,
            "year": 2005,
            "quarter": 2,
            "eps": null,
            "eps_growth_year": null,
            "eps_4q": null,
            "eps_4q_growth_year": null,
            "roe": null,
            "roe_4q": 0,
            "gross_profit": null,
            "gross_margin": null,
            "gross_margin_4q_avg": 0,
            "net_income": null,
            "net_income_4q": null,
            "revenue": null,
            "revenue_4q": null,
            "common_shares": null,
            "book_valuer_per_share": null,
            "book_valuer_per_share_4q_avg": 0,
            "equity": null,
            "current_ratio": null,
            "debt_ratio": null,
            "inventory_turnover_ratio": null,
            "account_receivable_turnover_ratio": null,
            "reinvestment_rate": null,
            "research_to_sale_ratio": null,
            "price_fair": 0,
            "eps_avg_yearly": 0,
            "eps_latest_yearly": 0,
            "eps_growth_yearly": 0
        },
        "20053": {
            "year_quarter": 20053,
            "year": 2005,
            "quarter": 3,
            "eps": null,
            "eps_growth_year": null,
            "eps_4q": null,
            "eps_4q_growth_year": null,
            "roe": null,
            "roe_4q": 0,
            "gross_profit": null,
            "gross_margin": null,
            "gross_margin_4q_avg": 0,
            "net_income": null,
            "net_income_4q": null,
            "revenue": null,
            "revenue_4q": null,
            "common_shares": null,
            "book_valuer_per_share": null,
            "book_valuer_per_share_4q_avg": 0,
            "equity": null,
            "current_ratio": null,
            "debt_ratio": null,
            "inventory_turnover_ratio": null,
            "account_receivable_turnover_ratio": null,
            "reinvestment_rate": null,
            "research_to_sale_ratio": null,
            "price_fair": 0,
            "eps_avg_yearly": 0,
            "eps_latest_yearly": 0,
            "eps_growth_yearly": 0
        },
        "20054": {
            "year_quarter": 20054,
            "year": 2005,
            "quarter": 4,
            "eps": null,
            "eps_growth_year": null,
            "eps_4q": null,
            "eps_4q_growth_year": null,
            "roe": null,
            "roe_4q": 0,
            "gross_profit": null,
            "gross_margin": null,
            "gross_margin_4q_avg": 0,
            "net_income": null,
            "net_income_4q": null,
            "revenue": null,
            "revenue_4q": null,
            "common_shares": null,
            "book_valuer_per_share": null,
            "book_valuer_per_share_4q_avg": 0,
            "equity": null,
            "current_ratio": null,
            "debt_ratio": null,
            "inventory_turnover_ratio": null,
            "account_receivable_turnover_ratio": null,
            "reinvestment_rate": null,
            "research_to_sale_ratio": null,
            "price_fair": 0,
            "eps_avg_yearly": 0,
            "eps_latest_yearly": 0,
            "eps_growth_yearly": 0
        },
        "20061": {
            "year_quarter": 20061,
            "year": 2006,
            "quarter": 1,
            "eps": null,
            "eps_growth_year": null,
            "eps_4q": null,
            "eps_4q_growth_year": null,
            "roe": null,
            "roe_4q": 0,
            "gross_profit": null,
            "gross_margin": null,
            "gross_margin_4q_avg": 0,
            "net_income": null,
            "net_income_4q": null,
            "revenue": null,
            "revenue_4q": null,
            "common_shares": null,
            "book_valuer_per_share": null,
            "book_valuer_per_share_4q_avg": 0,
            "equity": null,
            "current_ratio": null,
            "debt_ratio": null,
            "inventory_turnover_ratio": null,
            "account_receivable_turnover_ratio": null,
            "reinvestment_rate": null,
            "research_to_sale_ratio": null,
            "price_fair": 0,
            "eps_avg_yearly": 0,
            "eps_latest_yearly": 0,
            "eps_growth_yearly": 0
        },
        "20062": {
            "year_quarter": 20062,
            "year": 2006,
            "quarter": 2,
            "eps": null,
            "eps_growth_year": null,
            "eps_4q": null,
            "eps_4q_growth_year": null,
            "roe": null,
            "roe_4q": 0,
            "gross_profit": null,
            "gross_margin": null,
            "gross_margin_4q_avg": 0,
            "net_income": null,
            "net_income_4q": null,
            "revenue": null,
            "revenue_4q": null,
            "common_shares": null,
            "book_valuer_per_share": null,
            "book_valuer_per_share_4q_avg": 0,
            "equity": null,
            "current_ratio": null,
            "debt_ratio": null,
            "inventory_turnover_ratio": null,
            "account_receivable_turnover_ratio": null,
            "reinvestment_rate": null,
            "research_to_sale_ratio": null,
            "price_fair": 0,
            "eps_avg_yearly": 0,
            "eps_latest_yearly": 0,
            "eps_growth_yearly": 0
        },
        "20063": {
            "year_quarter": 20063,
            "year": 2006,
            "quarter": 3,
            "eps": null,
            "eps_growth_year": null,
            "eps_4q": null,
            "eps_4q_growth_year": null,
            "roe": null,
            "roe_4q": 0,
            "gross_profit": null,
            "gross_margin": null,
            "gross_margin_4q_avg": 0,
            "net_income": null,
            "net_income_4q": null,
            "revenue": null,
            "revenue_4q": null,
            "common_shares": null,
            "book_valuer_per_share": null,
            "book_valuer_per_share_4q_avg": 0,
            "equity": null,
            "current_ratio": null,
            "debt_ratio": null,
            "inventory_turnover_ratio": null,
            "account_receivable_turnover_ratio": null,
            "reinvestment_rate": null,
            "research_to_sale_ratio": null,
            "price_fair": 0,
            "eps_avg_yearly": 0,
            "eps_latest_yearly": 0,
            "eps_growth_yearly": 0
        },
        "20064": {
            "year_quarter": 20064,
            "year": 2006,
            "quarter": 4,
            "eps": null,
            "eps_growth_year": null,
            "eps_4q": null,
            "eps_4q_growth_year": null,
            "roe": null,
            "roe_4q": 0,
            "gross_profit": null,
            "gross_margin": null,
            "gross_margin_4q_avg": 0,
            "net_income": null,
            "net_income_4q": null,
            "revenue": null,
            "revenue_4q": null,
            "common_shares": null,
            "book_valuer_per_share": null,
            "book_valuer_per_share_4q_avg": 0,
            "equity": null,
            "current_ratio": null,
            "debt_ratio": null,
            "inventory_turnover_ratio": null,
            "account_receivable_turnover_ratio": null,
            "reinvestment_rate": null,
            "research_to_sale_ratio": null,
            "price_fair": 0,
            "eps_avg_yearly": 0,
            "eps_latest_yearly": 0,
            "eps_growth_yearly": 0
        },
        "20071": {
            "year_quarter": 20071,
            "year": 2007,
            "quarter": 1,
            "eps": null,
            "eps_growth_year": null,
            "eps_4q": null,
            "eps_4q_growth_year": null,
            "roe": null,
            "roe_4q": 0,
            "gross_profit": null,
            "gross_margin": null,
            "gross_margin_4q_avg": 0,
            "net_income": null,
            "net_income_4q": null,
            "revenue": null,
            "revenue_4q": null,
            "common_shares": null,
            "book_valuer_per_share": null,
            "book_valuer_per_share_4q_avg": 0,
            "equity": null,
            "current_ratio": null,
            "debt_ratio": null,
            "inventory_turnover_ratio": null,
            "account_receivable_turnover_ratio": null,
            "reinvestment_rate": null,
            "research_to_sale_ratio": null,
            "price_fair": 0,
            "eps_avg_yearly": 0,
            "eps_latest_yearly": 0,
            "eps_growth_yearly": 0
        },
        "20072": {
            "year_quarter": 20072,
            "year": 2007,
            "quarter": 2,
            "eps": null,
            "eps_growth_year": null,
            "eps_4q": null,
            "eps_4q_growth_year": null,
            "roe": null,
            "roe_4q": 0,
            "gross_profit": null,
            "gross_margin": null,
            "gross_margin_4q_avg": 0,
            "net_income": null,
            "net_income_4q": null,
            "revenue": null,
            "revenue_4q": null,
            "common_shares": null,
            "book_valuer_per_share": null,
            "book_valuer_per_share_4q_avg": 0,
            "equity": null,
            "current_ratio": null,
            "debt_ratio": null,
            "inventory_turnover_ratio": null,
            "account_receivable_turnover_ratio": null,
            "reinvestment_rate": null,
            "research_to_sale_ratio": null,
            "price_fair": 0,
            "eps_avg_yearly": 0,
            "eps_latest_yearly": 0,
            "eps_growth_yearly": 0
        },
        "20073": {
            "year_quarter": 20073,
            "year": 2007,
            "quarter": 3,
            "eps": null,
            "eps_growth_year": null,
            "eps_4q": null,
            "eps_4q_growth_year": null,
            "roe": null,
            "roe_4q": 0,
            "gross_profit": null,
            "gross_margin": null,
            "gross_margin_4q_avg": 0,
            "net_income": null,
            "net_income_4q": null,
            "revenue": null,
            "revenue_4q": null,
            "common_shares": null,
            "book_valuer_per_share": null,
            "book_valuer_per_share_4q_avg": 0,
            "equity": null,
            "current_ratio": null,
            "debt_ratio": null,
            "inventory_turnover_ratio": null,
            "account_receivable_turnover_ratio": null,
            "reinvestment_rate": null,
            "research_to_sale_ratio": null,
            "price_fair": 0,
            "eps_avg_yearly": 0,
            "eps_latest_yearly": 0,
            "eps_growth_yearly": 0
        },
        "20074": {
            "year_quarter": 20074,
            "year": 2007,
            "quarter": 4,
            "eps": null,
            "eps_growth_year": null,
            "eps_4q": null,
            "eps_4q_growth_year": null,
            "roe": null,
            "roe_4q": 0,
            "gross_profit": null,
            "gross_margin": null,
            "gross_margin_4q_avg": 0,
            "net_income": null,
            "net_income_4q": null,
            "revenue": null,
            "revenue_4q": null,
            "common_shares": null,
            "book_valuer_per_share": null,
            "book_valuer_per_share_4q_avg": 0,
            "equity": null,
            "current_ratio": null,
            "debt_ratio": null,
            "inventory_turnover_ratio": null,
            "account_receivable_turnover_ratio": null,
            "reinvestment_rate": null,
            "research_to_sale_ratio": null,
            "price_fair": 0,
            "eps_avg_yearly": 0,
            "eps_latest_yearly": 0,
            "eps_growth_yearly": 0
        },
        "20081": {
            "year_quarter": 20081,
            "year": 2008,
            "quarter": 1,
            "eps": null,
            "eps_growth_year": null,
            "eps_4q": null,
            "eps_4q_growth_year": null,
            "roe": null,
            "roe_4q": 0,
            "gross_profit": null,
            "gross_margin": null,
            "gross_margin_4q_avg": 0,
            "net_income": null,
            "net_income_4q": null,
            "revenue": null,
            "revenue_4q": null,
            "common_shares": null,
            "book_valuer_per_share": null,
            "book_valuer_per_share_4q_avg": 0,
            "equity": null,
            "current_ratio": null,
            "debt_ratio": null,
            "inventory_turnover_ratio": null,
            "account_receivable_turnover_ratio": null,
            "reinvestment_rate": null,
            "research_to_sale_ratio": null,
            "price_fair": 0,
            "eps_avg_yearly": 0,
            "eps_latest_yearly": 0,
            "eps_growth_yearly": 0
        },
        "20082": {
            "year_quarter": 20082,
            "year": 2008,
            "quarter": 2,
            "eps": null,
            "eps_growth_year": null,
            "eps_4q": null,
            "eps_4q_growth_year": null,
            "roe": null,
            "roe_4q": 0,
            "gross_profit": null,
            "gross_margin": null,
            "gross_margin_4q_avg": 0,
            "net_income": null,
            "net_income_4q": null,
            "revenue": null,
            "revenue_4q": null,
            "common_shares": null,
            "book_valuer_per_share": null,
            "book_valuer_per_share_4q_avg": 0,
            "equity": null,
            "current_ratio": null,
            "debt_ratio": null,
            "inventory_turnover_ratio": null,
            "account_receivable_turnover_ratio": null,
            "reinvestment_rate": null,
            "research_to_sale_ratio": null,
            "price_fair": 0,
            "eps_avg_yearly": 0,
            "eps_latest_yearly": 0,
            "eps_growth_yearly": 0
        },
        "20083": {
            "year_quarter": 20083,
            "year": 2008,
            "quarter": 3,
            "eps": null,
            "eps_growth_year": null,
            "eps_4q": null,
            "eps_4q_growth_year": null,
            "roe": null,
            "roe_4q": 0,
            "gross_profit": null,
            "gross_margin": null,
            "gross_margin_4q_avg": 0,
            "net_income": null,
            "net_income_4q": null,
            "revenue": null,
            "revenue_4q": null,
            "common_shares": null,
            "book_valuer_per_share": null,
            "book_valuer_per_share_4q_avg": 0,
            "equity": null,
            "current_ratio": null,
            "debt_ratio": null,
            "inventory_turnover_ratio": null,
            "account_receivable_turnover_ratio": null,
            "reinvestment_rate": null,
            "research_to_sale_ratio": null,
            "price_fair": 0,
            "eps_avg_yearly": 0,
            "eps_latest_yearly": 0,
            "eps_growth_yearly": 0
        },
        "20084": {
            "year_quarter": 20084,
            "year": 2008,
            "quarter": 4,
            "eps": null,
            "eps_growth_year": null,
            "eps_4q": null,
            "eps_4q_growth_year": null,
            "roe": null,
            "roe_4q": 0,
            "gross_profit": null,
            "gross_margin": null,
            "gross_margin_4q_avg": 0,
            "net_income": null,
            "net_income_4q": null,
            "revenue": null,
            "revenue_4q": null,
            "common_shares": 5000,
            "book_valuer_per_share": 9.53,
            "book_valuer_per_share_4q_avg": 2.38,
            "equity": 4764,
            "current_ratio": 2118.64,
            "debt_ratio": 4.72,
            "inventory_turnover_ratio": null,
            "account_receivable_turnover_ratio": null,
            "reinvestment_rate": null,
            "research_to_sale_ratio": null,
            "price_fair": 0,
            "eps_avg_yearly": 0,
            "eps_latest_yearly": 0,
            "eps_growth_yearly": 0
        },
        "20091": {
            "year_quarter": 20091,
            "year": 2009,
            "quarter": 1,
            "eps": null,
            "eps_growth_year": null,
            "eps_4q": null,
            "eps_4q_growth_year": null,
            "roe": null,
            "roe_4q": 0,
            "gross_profit": null,
            "gross_margin": null,
            "gross_margin_4q_avg": 0,
            "net_income": null,
            "net_income_4q": null,
            "revenue": null,
            "revenue_4q": null,
            "common_shares": null,
            "book_valuer_per_share": null,
            "book_valuer_per_share_4q_avg": 2.38,
            "equity": null,
            "current_ratio": null,
            "debt_ratio": null,
            "inventory_turnover_ratio": null,
            "account_receivable_turnover_ratio": null,
            "reinvestment_rate": null,
            "research_to_sale_ratio": null,
            "price_fair": 0,
            "eps_avg_yearly": 0,
            "eps_latest_yearly": 0,
            "eps_growth_yearly": 0
        },
        "20092": {
            "year_quarter": 20092,
            "year": 2009,
            "quarter": 2,
            "eps": null,
            "eps_growth_year": null,
            "eps_4q": null,
            "eps_4q_growth_year": null,
            "roe": null,
            "roe_4q": 0,
            "gross_profit": null,
            "gross_margin": null,
            "gross_margin_4q_avg": 0,
            "net_income": null,
            "net_income_4q": null,
            "revenue": null,
            "revenue_4q": null,
            "common_shares": null,
            "book_valuer_per_share": null,
            "book_valuer_per_share_4q_avg": 2.38,
            "equity": null,
            "current_ratio": null,
            "debt_ratio": null,
            "inventory_turnover_ratio": null,
            "account_receivable_turnover_ratio": null,
            "reinvestment_rate": null,
            "research_to_sale_ratio": null,
            "price_fair": 0,
            "eps_avg_yearly": 0,
            "eps_latest_yearly": 0,
            "eps_growth_yearly": 0
        },
        "20093": {
            "year_quarter": 20093,
            "year": 2009,
            "quarter": 3,
            "eps": null,
            "eps_growth_year": null,
            "eps_4q": null,
            "eps_4q_growth_year": null,
            "roe": null,
            "roe_4q": 0,
            "gross_profit": null,
            "gross_margin": null,
            "gross_margin_4q_avg": 0,
            "net_income": null,
            "net_income_4q": null,
            "revenue": null,
            "revenue_4q": null,
            "common_shares": null,
            "book_valuer_per_share": null,
            "book_valuer_per_share_4q_avg": 2.38,
            "equity": null,
            "current_ratio": null,
            "debt_ratio": null,
            "inventory_turnover_ratio": null,
            "account_receivable_turnover_ratio": null,
            "reinvestment_rate": null,
            "research_to_sale_ratio": null,
            "price_fair": 0,
            "eps_avg_yearly": 0,
            "eps_latest_yearly": 0,
            "eps_growth_yearly": 0
        },
        "20094": {
            "year_quarter": 20094,
            "year": 2009,
            "quarter": 4,
            "eps": null,
            "eps_growth_year": null,
            "eps_4q": null,
            "eps_4q_growth_year": null,
            "roe": null,
            "roe_4q": 0,
            "gross_profit": null,
            "gross_margin": null,
            "gross_margin_4q_avg": 0,
            "net_income": null,
            "net_income_4q": null,
            "revenue": null,
            "revenue_4q": null,
            "common_shares": 35000,
            "book_valuer_per_share": 10.03,
            "book_valuer_per_share_4q_avg": 2.51,
            "equity": 35090,
            "current_ratio": 997.67,
            "debt_ratio": 10.02,
            "inventory_turnover_ratio": null,
            "account_receivable_turnover_ratio": null,
            "reinvestment_rate": null,
            "research_to_sale_ratio": null,
            "price_fair": 0,
            "eps_avg_yearly": 0,
            "eps_latest_yearly": 0,
            "eps_growth_yearly": 0
        },
        "20101": {
            "year_quarter": 20101,
            "year": 2010,
            "quarter": 1,
            "eps": null,
            "eps_growth_year": null,
            "eps_4q": null,
            "eps_4q_growth_year": null,
            "roe": null,
            "roe_4q": 0,
            "gross_profit": null,
            "gross_margin": null,
            "gross_margin_4q_avg": 0,
            "net_income": null,
            "net_income_4q": null,
            "revenue": null,
            "revenue_4q": null,
            "common_shares": null,
            "book_valuer_per_share": null,
            "book_valuer_per_share_4q_avg": 2.51,
            "equity": null,
            "current_ratio": null,
            "debt_ratio": null,
            "inventory_turnover_ratio": null,
            "account_receivable_turnover_ratio": null,
            "reinvestment_rate": null,
            "research_to_sale_ratio": null,
            "price_fair": 0,
            "eps_avg_yearly": 0,
            "eps_latest_yearly": 0,
            "eps_growth_yearly": 0
        },
        "20102": {
            "year_quarter": 20102,
            "year": 2010,
            "quarter": 2,
            "eps": null,
            "eps_growth_year": null,
            "eps_4q": null,
            "eps_4q_growth_year": null,
            "roe": null,
            "roe_4q": 0,
            "gross_profit": null,
            "gross_margin": null,
            "gross_margin_4q_avg": 0,
            "net_income": null,
            "net_income_4q": null,
            "revenue": null,
            "revenue_4q": null,
            "common_shares": 0,
            "book_valuer_per_share": null,
            "book_valuer_per_share_4q_avg": 2.51,
            "equity": 0,
            "current_ratio": null,
            "debt_ratio": null,
            "inventory_turnover_ratio": null,
            "account_receivable_turnover_ratio": null,
            "reinvestment_rate": null,
            "research_to_sale_ratio": null,
            "price_fair": 0,
            "eps_avg_yearly": 0,
            "eps_latest_yearly": 0,
            "eps_growth_yearly": 0
        },
        "20103": {
            "year_quarter": 20103,
            "year": 2010,
            "quarter": 3,
            "eps": null,
            "eps_growth_year": null,
            "eps_4q": null,
            "eps_4q_growth_year": null,
            "roe": null,
            "roe_4q": 0,
            "gross_profit": null,
            "gross_margin": null,
            "gross_margin_4q_avg": 0,
            "net_income": null,
            "net_income_4q": null,
            "revenue": null,
            "revenue_4q": null,
            "common_shares": null,
            "book_valuer_per_share": null,
            "book_valuer_per_share_4q_avg": 2.51,
            "equity": null,
            "current_ratio": null,
            "debt_ratio": null,
            "inventory_turnover_ratio": null,
            "account_receivable_turnover_ratio": null,
            "reinvestment_rate": null,
            "research_to_sale_ratio": null,
            "price_fair": 0,
            "eps_avg_yearly": 0,
            "eps_latest_yearly": 0,
            "eps_growth_yearly": 0
        },
        "20104": {
            "year_quarter": 20104,
            "year": 2010,
            "quarter": 4,
            "eps": null,
            "eps_growth_year": null,
            "eps_4q": null,
            "eps_4q_growth_year": null,
            "roe": null,
            "roe_4q": 0,
            "gross_profit": null,
            "gross_margin": null,
            "gross_margin_4q_avg": 0,
            "net_income": null,
            "net_income_4q": null,
            "revenue": null,
            "revenue_4q": null,
            "common_shares": 100000,
            "book_valuer_per_share": 10.63,
            "book_valuer_per_share_4q_avg": 2.66,
            "equity": 97402,
            "current_ratio": 426.07,
            "debt_ratio": 20.13,
            "inventory_turnover_ratio": null,
            "account_receivable_turnover_ratio": null,
            "reinvestment_rate": null,
            "research_to_sale_ratio": null,
            "price_fair": 0,
            "eps_avg_yearly": 0,
            "eps_latest_yearly": 0,
            "eps_growth_yearly": 0
        },
        "20111": {
            "year_quarter": 20111,
            "year": 2011,
            "quarter": 1,
            "eps": null,
            "eps_growth_year": null,
            "eps_4q": null,
            "eps_4q_growth_year": null,
            "roe": null,
            "roe_4q": 0,
            "gross_profit": 7167,
            "gross_margin": null,
            "gross_margin_4q_avg": 0,
            "net_income": 687,
            "net_income_4q": null,
            "revenue": 25928,
            "revenue_4q": null,
            "common_shares": 115000,
            "book_valuer_per_share": 12.42,
            "book_valuer_per_share_4q_avg": 5.76,
            "equity": 133829,
            "current_ratio": 460.83,
            "debt_ratio": 17.52,
            "inventory_turnover_ratio": null,
            "account_receivable_turnover_ratio": null,
            "reinvestment_rate": null,
            "research_to_sale_ratio": null,
            "price_fair": 0,
            "eps_avg_yearly": 0,
            "eps_latest_yearly": 0,
            "eps_growth_yearly": 0
        },
        "20112": {
            "year_quarter": 20112,
            "year": 2011,
            "quarter": 2,
            "eps": -0.17,
            "eps_growth_year": null,
            "eps_4q": null,
            "eps_4q_growth_year": null,
            "roe": -1.59,
            "roe_4q": -1.59,
            "gross_profit": 5664,
            "gross_margin": 15.12,
            "gross_margin_4q_avg": 3.78,
            "net_income": -3304,
            "net_income_4q": null,
            "revenue": 37465,
            "revenue_4q": null,
            "common_shares": 200000,
            "book_valuer_per_share": 14.74,
            "book_valuer_per_share_4q_avg": 9.45,
            "equity": 281585,
            "current_ratio": 908.1,
            "debt_ratio": 9.98,
            "inventory_turnover_ratio": 7.8,
            "account_receivable_turnover_ratio": 2.55,
            "reinvestment_rate": null,
            "research_to_sale_ratio": null,
            "price_fair": 0,
            "eps_avg_yearly": 0,
            "eps_latest_yearly": 0,
            "eps_growth_yearly": 0
        },
        "20113": {
            "year_quarter": 20113,
            "year": 2011,
            "quarter": 3,
            "eps": null,
            "eps_growth_year": null,
            "eps_4q": null,
            "eps_4q_growth_year": null,
            "roe": null,
            "roe_4q": -1.59,
            "gross_profit": 11614,
            "gross_margin": null,
            "gross_margin_4q_avg": 3.78,
            "net_income": 1938,
            "net_income_4q": null,
            "revenue": 39900,
            "revenue_4q": null,
            "common_shares": 200000,
            "book_valuer_per_share": 14.81,
            "book_valuer_per_share_4q_avg": 13.15,
            "equity": 283523,
            "current_ratio": 1192.25,
            "debt_ratio": 7.6,
            "inventory_turnover_ratio": null,
            "account_receivable_turnover_ratio": null,
            "reinvestment_rate": null,
            "research_to_sale_ratio": null,
            "price_fair": 0,
            "eps_avg_yearly": 0,
            "eps_latest_yearly": 0,
            "eps_growth_yearly": 0
        },
        "20114": {
            "year_quarter": 20114,
            "year": 2011,
            "quarter": 4,
            "eps": null,
            "eps_growth_year": null,
            "eps_4q": null,
            "eps_4q_growth_year": null,
            "roe": null,
            "roe_4q": -1.59,
            "gross_profit": 26768,
            "gross_margin": null,
            "gross_margin_4q_avg": 3.78,
            "net_income": 9185,
            "net_income_4q": null,
            "revenue": 71296,
            "revenue_4q": null,
            "common_shares": 200000,
            "book_valuer_per_share": 15.5,
            "book_valuer_per_share_4q_avg": 14.37,
            "equity": 294806,
            "current_ratio": 382.26,
            "debt_ratio": 24.13,
            "inventory_turnover_ratio": null,
            "account_receivable_turnover_ratio": null,
            "reinvestment_rate": null,
            "research_to_sale_ratio": null,
            "price_fair": 0,
            "eps_avg_yearly": 0,
            "eps_latest_yearly": 0,
            "eps_growth_yearly": 0
        },
        "20121": {
            "year_quarter": 20121,
            "year": 2012,
            "quarter": 1,
            "eps": 0.06,
            "eps_growth_year": null,
            "eps_4q": -0.09,
            "eps_4q_growth_year": null,
            "roe": 0.39,
            "roe_4q": -1.2000000000000002,
            "gross_profit": 15060,
            "gross_margin": 21.08,
            "gross_margin_4q_avg": 9.05,
            "net_income": 1166,
            "net_income_4q": null,
            "revenue": 71442,
            "revenue_4q": null,
            "common_shares": 200000,
            "book_valuer_per_share": 15.62,
            "book_valuer_per_share_4q_avg": 15.17,
            "equity": 297006,
            "current_ratio": 424.88,
            "debt_ratio": 21.74,
            "inventory_turnover_ratio": 1.44,
            "account_receivable_turnover_ratio": 1.45,
            "reinvestment_rate": null,
            "research_to_sale_ratio": 6.39,
            "price_fair": 0,
            "eps_avg_yearly": 0,
            "eps_latest_yearly": 0,
            "eps_growth_yearly": 0
        },
        "20122": {
            "year_quarter": 20122,
            "year": 2012,
            "quarter": 2,
            "eps": 0.1,
            "eps_growth_year": null,
            "eps_4q": 0.18,
            "eps_4q_growth_year": null,
            "roe": 0.14,
            "roe_4q": 0.53,
            "gross_profit": 17857,
            "gross_margin": 23.3,
            "gross_margin_4q_avg": 11.1,
            "net_income": 421,
            "net_income_4q": null,
            "revenue": 76644,
            "revenue_4q": null,
            "common_shares": 200000,
            "book_valuer_per_share": 15.64,
            "book_valuer_per_share_4q_avg": 15.39,
            "equity": 301866,
            "current_ratio": 470.87,
            "debt_ratio": 19.65,
            "inventory_turnover_ratio": 1.91,
            "account_receivable_turnover_ratio": 1.23,
            "reinvestment_rate": null,
            "research_to_sale_ratio": 6.84,
            "price_fair": 14,
            "eps_avg_yearly": 0.4,
            "eps_latest_yearly": 0.4,
            "eps_growth_yearly": 266.67
        },
        "20123": {
            "year_quarter": 20123,
            "year": 2012,
            "quarter": 3,
            "eps": -0.11,
            "eps_growth_year": null,
            "eps_4q": 0.05,
            "eps_4q_growth_year": null,
            "roe": -1.43,
            "roe_4q": -0.9,
            "gross_profit": 13433,
            "gross_margin": 18.03,
            "gross_margin_4q_avg": 15.6,
            "net_income": -4976,
            "net_income_4q": null,
            "revenue": 74522,
            "revenue_4q": null,
            "common_shares": 235335,
            "book_valuer_per_share": 17.24,
            "book_valuer_per_share_4q_avg": 16,
            "equity": 392143,
            "current_ratio": 842.66,
            "debt_ratio": 11.14,
            "inventory_turnover_ratio": 2.88,
            "account_receivable_turnover_ratio": 1.06,
            "reinvestment_rate": null,
            "research_to_sale_ratio": 5.08,
            "price_fair": 14,
            "eps_avg_yearly": 0.4,
            "eps_latest_yearly": 0.4,
            "eps_growth_yearly": 266.67
        },
        "20124": {
            "year_quarter": 20124,
            "year": 2012,
            "quarter": 4,
            "eps": -0.8,
            "eps_growth_year": null,
            "eps_4q": -0.75,
            "eps_4q_growth_year": null,
            "roe": -4.02,
            "roe_4q": -4.92,
            "gross_profit": -2548,
            "gross_margin": -5.76,
            "gross_margin_4q_avg": 14.16,
            "net_income": -15545,
            "net_income_4q": null,
            "revenue": 44260,
            "revenue_4q": null,
            "common_shares": 235335,
            "book_valuer_per_share": 16.45,
            "book_valuer_per_share_4q_avg": 16.24,
            "equity": 381895,
            "current_ratio": 717.24,
            "debt_ratio": 12.94,
            "inventory_turnover_ratio": 2.19,
            "account_receivable_turnover_ratio": 0.87,
            "reinvestment_rate": null,
            "research_to_sale_ratio": 8.4,
            "price_fair": 14,
            "eps_avg_yearly": 0.4,
            "eps_latest_yearly": 0.4,
            "eps_growth_yearly": 266.67
        },
        "20131": {
            "year_quarter": 20131,
            "year": 2013,
            "quarter": 1,
            "eps": -0.39,
            "eps_growth_year": -750,
            "eps_4q": -1.2,
            "eps_4q_growth_year": null,
            "roe": -3.06,
            "roe_4q": -8.37,
            "gross_profit": 6736,
            "gross_margin": 12.78,
            "gross_margin_4q_avg": 12.09,
            "net_income": -11514,
            "net_income_4q": null,
            "revenue": 52721,
            "revenue_4q": null,
            "common_shares": 235335,
            "book_valuer_per_share": 16.11,
            "book_valuer_per_share_4q_avg": 16.36,
            "equity": 371669,
            "current_ratio": 484.51,
            "debt_ratio": 16.34,
            "inventory_turnover_ratio": 1.66,
            "account_receivable_turnover_ratio": 1.25,
            "reinvestment_rate": null,
            "research_to_sale_ratio": 7.98,
            "price_fair": 14,
            "eps_avg_yearly": 0.4,
            "eps_latest_yearly": 0.4,
            "eps_growth_yearly": 266.67
        },
        "20132": {
            "year_quarter": 20132,
            "year": 2013,
            "quarter": 2,
            "eps": -0.36,
            "eps_growth_year": -446.77,
            "eps_4q": -1.61,
            "eps_4q_growth_year": -1006.72,
            "roe": -3.73,
            "roe_4q": -12.239999999999998,
            "gross_profit": 6473,
            "gross_margin": 11.46,
            "gross_margin_4q_avg": 9.13,
            "net_income": -14458,
            "net_income_4q": null,
            "revenue": 56460,
            "revenue_4q": null,
            "common_shares": 235335,
            "book_valuer_per_share": 15.74,
            "book_valuer_per_share_4q_avg": 16.39,
            "equity": 403609,
            "current_ratio": 683.93,
            "debt_ratio": 11.46,
            "inventory_turnover_ratio": 1.99,
            "account_receivable_turnover_ratio": 1.68,
            "reinvestment_rate": null,
            "research_to_sale_ratio": 7.99,
            "price_fair": 14,
            "eps_avg_yearly": 0.4,
            "eps_latest_yearly": 0.4,
            "eps_growth_yearly": 266.67
        },
        "20133": {
            "year_quarter": 20133,
            "year": 2013,
            "quarter": 3,
            "eps": -0.42,
            "eps_growth_year": null,
            "eps_4q": -1.93,
            "eps_4q_growth_year": -3946.16,
            "roe": -3.71,
            "roe_4q": -14.52,
            "gross_profit": 4836,
            "gross_margin": 8.56,
            "gross_margin_4q_avg": 6.76,
            "net_income": -14640,
            "net_income_4q": null,
            "revenue": 56480,
            "revenue_4q": null,
            "common_shares": 240175,
            "book_valuer_per_share": 15.34,
            "book_valuer_per_share_4q_avg": 15.91,
            "equity": 385128,
            "current_ratio": 790.81,
            "debt_ratio": 9.65,
            "inventory_turnover_ratio": 2.92,
            "account_receivable_turnover_ratio": 2.53,
            "reinvestment_rate": null,
            "research_to_sale_ratio": 8.59,
            "price_fair": 14,
            "eps_avg_yearly": 0.4,
            "eps_latest_yearly": 0.4,
            "eps_growth_yearly": 266.67
        },
        "20134": {
            "year_quarter": 20134,
            "year": 2013,
            "quarter": 4,
            "eps": -0.23,
            "eps_growth_year": null,
            "eps_4q": -1.37,
            "eps_4q_growth_year": null,
            "roe": -2.27,
            "roe_4q": -12.770000000000001,
            "gross_profit": 15730,
            "gross_margin": 22.27,
            "gross_margin_4q_avg": 13.77,
            "net_income": -8292,
            "net_income_4q": null,
            "revenue": 70645,
            "revenue_4q": null,
            "common_shares": 240175,
            "book_valuer_per_share": 15.12,
            "book_valuer_per_share_4q_avg": 15.58,
            "equity": 345573,
            "current_ratio": 844.4,
            "debt_ratio": 10.75,
            "inventory_turnover_ratio": 4.99,
            "account_receivable_turnover_ratio": 1.28,
            "reinvestment_rate": null,
            "research_to_sale_ratio": 6.38,
            "price_fair": 14,
            "eps_avg_yearly": 0.4,
            "eps_latest_yearly": 0.4,
            "eps_growth_yearly": 266.67
        },
        "20141": {
            "year_quarter": 20141,
            "year": 2014,
            "quarter": 1,
            "eps": 0.06,
            "eps_growth_year": null,
            "eps_4q": -0.93,
            "eps_4q_growth_year": null,
            "roe": 0.16,
            "roe_4q": -9.55,
            "gross_profit": 19513,
            "gross_margin": 32.59,
            "gross_margin_4q_avg": 18.72,
            "net_income": 559,
            "net_income_4q": null,
            "revenue": 59868,
            "revenue_4q": null,
            "common_shares": 240175,
            "book_valuer_per_share": 15.19,
            "book_valuer_per_share_4q_avg": 15.35,
            "equity": 346270,
            "current_ratio": 649.46,
            "debt_ratio": 14.13,
            "inventory_turnover_ratio": 5.85,
            "account_receivable_turnover_ratio": 0.91,
            "reinvestment_rate": null,
            "research_to_sale_ratio": 7.37,
            "price_fair": 14,
            "eps_avg_yearly": 0.4,
            "eps_latest_yearly": 0.4,
            "eps_growth_yearly": 266.67
        },
        "20142": {
            "year_quarter": 20142,
            "year": 2014,
            "quarter": 2,
            "eps": -0.15,
            "eps_growth_year": null,
            "eps_4q": -0.72,
            "eps_4q_growth_year": null,
            "roe": -0.85,
            "roe_4q": -6.67,
            "gross_profit": 18931,
            "gross_margin": 26.2,
            "gross_margin_4q_avg": 22.41,
            "net_income": -2945,
            "net_income_4q": null,
            "revenue": 72242,
            "revenue_4q": null,
            "common_shares": 240175,
            "book_valuer_per_share": 15.08,
            "book_valuer_per_share_4q_avg": 15.18,
            "equity": 344294,
            "current_ratio": 708.17,
            "debt_ratio": 12.95,
            "inventory_turnover_ratio": 5.02,
            "account_receivable_turnover_ratio": 1.35,
            "reinvestment_rate": null,
            "research_to_sale_ratio": 7.64,
            "price_fair": 14,
            "eps_avg_yearly": 0.4,
            "eps_latest_yearly": 0.4,
            "eps_growth_yearly": 266.67
        },
        "20143": {
            "year_quarter": 20143,
            "year": 2014,
            "quarter": 3,
            "eps": -0.3,
            "eps_growth_year": null,
            "eps_4q": -0.61,
            "eps_4q_growth_year": null,
            "roe": -2.12,
            "roe_4q": -5.08,
            "gross_profit": 14239,
            "gross_margin": 43.31,
            "gross_margin_4q_avg": 31.09,
            "net_income": -7213,
            "net_income_4q": null,
            "revenue": 32878,
            "revenue_4q": null,
            "common_shares": 240840,
            "book_valuer_per_share": 14.74,
            "book_valuer_per_share_4q_avg": 15.03,
            "equity": 337092,
            "current_ratio": 756.5,
            "debt_ratio": 12.04,
            "inventory_turnover_ratio": 1.26,
            "account_receivable_turnover_ratio": 0.65,
            "reinvestment_rate": null,
            "research_to_sale_ratio": 17.03,
            "price_fair": 14,
            "eps_avg_yearly": 0.4,
            "eps_latest_yearly": 0.4,
            "eps_growth_yearly": 266.67
        },
        "20144": {
            "year_quarter": 20144,
            "year": 2014,
            "quarter": 4,
            "eps": -1.35,
            "eps_growth_year": null,
            "eps_4q": -1.74,
            "eps_4q_growth_year": null,
            "roe": -4.54,
            "roe_4q": -7.35,
            "gross_profit": 8513,
            "gross_margin": 14.9,
            "gross_margin_4q_avg": 29.25,
            "net_income": -14952,
            "net_income_4q": null,
            "revenue": 57150,
            "revenue_4q": null,
            "common_shares": 240840,
            "book_valuer_per_share": 13.39,
            "book_valuer_per_share_4q_avg": 14.6,
            "equity": 322157,
            "current_ratio": 366.89,
            "debt_ratio": 11.16,
            "inventory_turnover_ratio": 4.39,
            "account_receivable_turnover_ratio": 1.42,
            "reinvestment_rate": null,
            "research_to_sale_ratio": 11.35,
            "price_fair": 14,
            "eps_avg_yearly": 0.4,
            "eps_latest_yearly": 0.4,
            "eps_growth_yearly": 266.67
        },
        "20151": {
            "year_quarter": 20151,
            "year": 2015,
            "quarter": 1,
            "eps": -0.16,
            "eps_growth_year": -366.67,
            "eps_4q": -1.96,
            "eps_4q_growth_year": null,
            "roe": -1.19,
            "roe_4q": -8.700000000000001,
            "gross_profit": 20825,
            "gross_margin": 40.6,
            "gross_margin_4q_avg": 31.25,
            "net_income": -3821,
            "net_income_4q": null,
            "revenue": 51295,
            "revenue_4q": null,
            "common_shares": 240840,
            "book_valuer_per_share": 13.23,
            "book_valuer_per_share_4q_avg": 14.11,
            "equity": 318436,
            "current_ratio": 319.7,
            "debt_ratio": 15.88,
            "inventory_turnover_ratio": 3.83,
            "account_receivable_turnover_ratio": 1.23,
            "reinvestment_rate": null,
            "research_to_sale_ratio": 12.93,
            "price_fair": 14,
            "eps_avg_yearly": 0.4,
            "eps_latest_yearly": 0.4,
            "eps_growth_yearly": 266.67
        },
        "20152": {
            "year_quarter": 20152,
            "year": 2015,
            "quarter": 2,
            "eps": 0.15,
            "eps_growth_year": null,
            "eps_4q": -1.67,
            "eps_4q_growth_year": null,
            "roe": 1.1,
            "roe_4q": -6.75,
            "gross_profit": 24716,
            "gross_margin": 29.59,
            "gross_margin_4q_avg": 32.1,
            "net_income": 3518,
            "net_income_4q": null,
            "revenue": 83532,
            "revenue_4q": null,
            "common_shares": 240840,
            "book_valuer_per_share": 13.4,
            "book_valuer_per_share_4q_avg": 13.69,
            "equity": 322478,
            "current_ratio": 357.93,
            "debt_ratio": 18.59,
            "inventory_turnover_ratio": 4.56,
            "account_receivable_turnover_ratio": 1.67,
            "reinvestment_rate": null,
            "research_to_sale_ratio": 6.81,
            "price_fair": 14,
            "eps_avg_yearly": 0.4,
            "eps_latest_yearly": 0.4,
            "eps_growth_yearly": 266.67
        },
        "20153": {
            "year_quarter": 20153,
            "year": 2015,
            "quarter": 3,
            "eps": -0.13,
            "eps_growth_year": null,
            "eps_4q": -1.5,
            "eps_4q_growth_year": null,
            "roe": -0.95,
            "roe_4q": -5.58,
            "gross_profit": 17980,
            "gross_margin": 25.71,
            "gross_margin_4q_avg": 27.7,
            "net_income": -3040,
            "net_income_4q": null,
            "revenue": 69932,
            "revenue_4q": null,
            "common_shares": 241440,
            "book_valuer_per_share": 13.25,
            "book_valuer_per_share_4q_avg": 13.32,
            "equity": 319772,
            "current_ratio": 471.86,
            "debt_ratio": 15.26,
            "inventory_turnover_ratio": 1.73,
            "account_receivable_turnover_ratio": 1.34,
            "reinvestment_rate": null,
            "research_to_sale_ratio": 6.97,
            "price_fair": 14,
            "eps_avg_yearly": 0.4,
            "eps_latest_yearly": 0.4,
            "eps_growth_yearly": 266.67
        },
        "20154": {
            "year_quarter": 20154,
            "year": 2015,
            "quarter": 4,
            "eps": -0.39,
            "eps_growth_year": null,
            "eps_4q": -0.53,
            "eps_4q_growth_year": null,
            "roe": -3,
            "roe_4q": -4.04,
            "gross_profit": 17452,
            "gross_margin": 24.96,
            "gross_margin_4q_avg": 30.22,
            "net_income": -9474,
            "net_income_4q": null,
            "revenue": 69917,
            "revenue_4q": null,
            "common_shares": 242470,
            "book_valuer_per_share": 12.87,
            "book_valuer_per_share_4q_avg": 13.19,
            "equity": 311773,
            "current_ratio": 456.58,
            "debt_ratio": 18.1,
            "inventory_turnover_ratio": 1.13,
            "account_receivable_turnover_ratio": 1.46,
            "reinvestment_rate": null,
            "research_to_sale_ratio": 7.05,
            "price_fair": 14,
            "eps_avg_yearly": 0.4,
            "eps_latest_yearly": 0.4,
            "eps_growth_yearly": 266.67
        },
        "20161": {
            "year_quarter": 20161,
            "year": 2016,
            "quarter": 1,
            "eps": 0,
            "eps_growth_year": null,
            "eps_4q": -0.38,
            "eps_4q_growth_year": null,
            "roe": 0.01,
            "roe_4q": -2.8400000000000003,
            "gross_profit": 22585,
            "gross_margin": 29.81,
            "gross_margin_4q_avg": 27.52,
            "net_income": 44,
            "net_income_4q": null,
            "revenue": 75774,
            "revenue_4q": null,
            "common_shares": 242470,
            "book_valuer_per_share": 12.86,
            "book_valuer_per_share_4q_avg": 13.1,
            "equity": 311833,
            "current_ratio": 458.2,
            "debt_ratio": 18.42,
            "inventory_turnover_ratio": 1.07,
            "account_receivable_turnover_ratio": 1.52,
            "reinvestment_rate": null,
            "research_to_sale_ratio": 4.21,
            "price_fair": 14,
            "eps_avg_yearly": 0.4,
            "eps_latest_yearly": 0.4,
            "eps_growth_yearly": 266.67
        },
        "20162": {
            "year_quarter": 20162,
            "year": 2016,
            "quarter": 2,
            "eps": -0.15,
            "eps_growth_year": -200,
            "eps_4q": -0.67,
            "eps_4q_growth_year": null,
            "roe": -1.14,
            "roe_4q": -5.08,
            "gross_profit": 20313,
            "gross_margin": 25.11,
            "gross_margin_4q_avg": 26.4,
            "net_income": -3531,
            "net_income_4q": null,
            "revenue": 80888,
            "revenue_4q": null,
            "common_shares": 242470,
            "book_valuer_per_share": 12.71,
            "book_valuer_per_share_4q_avg": 12.92,
            "equity": 308063,
            "current_ratio": 511.72,
            "debt_ratio": 16.49,
            "inventory_turnover_ratio": 1.36,
            "account_receivable_turnover_ratio": 1.49,
            "reinvestment_rate": null,
            "research_to_sale_ratio": 3.74,
            "price_fair": 0,
            "eps_avg_yearly": 0,
            "eps_latest_yearly": 0,
            "eps_growth_yearly": 0
        },
        "20163": {
            "year_quarter": 20163,
            "year": 2016,
            "quarter": 3,
            "eps": 0.08,
            "eps_growth_year": null,
            "eps_4q": -0.46,
            "eps_4q_growth_year": null,
            "roe": 0.63,
            "roe_4q": -3.5,
            "gross_profit": 27199,
            "gross_margin": 25.58,
            "gross_margin_4q_avg": 26.37,
            "net_income": 1937,
            "net_income_4q": null,
            "revenue": 106323,
            "revenue_4q": null,
            "common_shares": 242470,
            "book_valuer_per_share": 12.78,
            "book_valuer_per_share_4q_avg": 12.81,
            "equity": 310000,
            "current_ratio": 522.1,
            "debt_ratio": 16.31,
            "inventory_turnover_ratio": 2.2,
            "account_receivable_turnover_ratio": 1.91,
            "reinvestment_rate": null,
            "research_to_sale_ratio": 3.21,
            "price_fair": 0,
            "eps_avg_yearly": 0,
            "eps_latest_yearly": 0,
            "eps_growth_yearly": 0
        },
        "20164": {
            "year_quarter": 20164,
            "year": 2016,
            "quarter": 4,
            "eps": -0.27,
            "eps_growth_year": null,
            "eps_4q": -0.35,
            "eps_4q_growth_year": null,
            "roe": -2.15,
            "roe_4q": -2.6500000000000004,
            "gross_profit": 21831,
            "gross_margin": 26.36,
            "gross_margin_4q_avg": 26.72,
            "net_income": -6589,
            "net_income_4q": null,
            "revenue": 82818,
            "revenue_4q": null,
            "common_shares": 242470,
            "book_valuer_per_share": 12.51,
            "book_valuer_per_share_4q_avg": 12.72,
            "equity": 303411,
            "current_ratio": 411.46,
            "debt_ratio": 20.65,
            "inventory_turnover_ratio": 1.65,
            "account_receivable_turnover_ratio": 1.45,
            "reinvestment_rate": null,
            "research_to_sale_ratio": 5.62,
            "price_fair": 0,
            "eps_avg_yearly": 0,
            "eps_latest_yearly": 0,
            "eps_growth_yearly": 0
        },
        "20171": {
            "year_quarter": 20171,
            "year": 2017,
            "quarter": 1,
            "eps": 0.27,
            "eps_growth_year": null,
            "eps_4q": -0.07,
            "eps_4q_growth_year": null,
            "roe": 2.16,
            "roe_4q": -0.49999999999999967,
            "gross_profit": 30503,
            "gross_margin": 34,
            "gross_margin_4q_avg": 27.76,
            "net_income": 6626,
            "net_income_4q": null,
            "revenue": 89720,
            "revenue_4q": null,
            "common_shares": 242470,
            "book_valuer_per_share": 12.78,
            "book_valuer_per_share_4q_avg": 12.7,
            "equity": 310037,
            "current_ratio": 533.85,
            "debt_ratio": 16.25,
            "inventory_turnover_ratio": 1.44,
            "account_receivable_turnover_ratio": 1.47,
            "reinvestment_rate": null,
            "research_to_sale_ratio": 4.25,
            "price_fair": 0,
            "eps_avg_yearly": 0,
            "eps_latest_yearly": 0,
            "eps_growth_yearly": 0
        },
        "20172": {
            "year_quarter": 20172,
            "year": 2017,
            "quarter": 2,
            "eps": 0.02,
            "eps_growth_year": null,
            "eps_4q": 0.1,
            "eps_4q_growth_year": null,
            "roe": 0.17,
            "roe_4q": 0.8100000000000002,
            "gross_profit": 25029,
            "gross_margin": 28.02,
            "gross_margin_4q_avg": 28.49,
            "net_income": 527,
            "net_income_4q": null,
            "revenue": 89326,
            "revenue_4q": null,
            "common_shares": 242470,
            "book_valuer_per_share": 12.8,
            "book_valuer_per_share_4q_avg": 12.72,
            "equity": 310564,
            "current_ratio": 550.77,
            "debt_ratio": 15.48,
            "inventory_turnover_ratio": 1.76,
            "account_receivable_turnover_ratio": 1.37,
            "reinvestment_rate": null,
            "research_to_sale_ratio": 3.84,
            "price_fair": 0.24,
            "eps_avg_yearly": 0.08,
            "eps_latest_yearly": 0.08,
            "eps_growth_yearly": -370.37
        },
        "20173": {
            "year_quarter": 20173,
            "year": 2017,
            "quarter": 3,
            "eps": 0.15,
            "eps_growth_year": 87.5,
            "eps_4q": 0.17,
            "eps_4q_growth_year": null,
            "roe": 0.82,
            "roe_4q": 1.0000000000000004,
            "gross_profit": 33562,
            "gross_margin": 37.28,
            "gross_margin_4q_avg": 31.42,
            "net_income": 2565,
            "net_income_4q": null,
            "revenue": 90020,
            "revenue_4q": null,
            "common_shares": 242470,
            "book_valuer_per_share": 12.95,
            "book_valuer_per_share_4q_avg": 12.76,
            "equity": 313129,
            "current_ratio": 564.78,
            "debt_ratio": 15.3,
            "inventory_turnover_ratio": 1.75,
            "account_receivable_turnover_ratio": 1.42,
            "reinvestment_rate": null,
            "research_to_sale_ratio": 4.4,
            "price_fair": 11.9,
            "eps_avg_yearly": 0.34,
            "eps_latest_yearly": 0.6,
            "eps_growth_yearly": 1114.81
        },
        "20174": {
            "year_quarter": 20174,
            "year": 2017,
            "quarter": 4,
            "eps": 0.01,
            "eps_growth_year": null,
            "eps_4q": 0.45,
            "eps_4q_growth_year": null,
            "roe": 0.08,
            "roe_4q": 3.23,
            "gross_profit": 34454,
            "gross_margin": 35.68,
            "gross_margin_4q_avg": 33.75,
            "net_income": 237,
            "net_income_4q": null,
            "revenue": 96552,
            "revenue_4q": null,
            "common_shares": 242470,
            "book_valuer_per_share": 12.96,
            "book_valuer_per_share_4q_avg": 12.87,
            "equity": 313366,
            "current_ratio": 491.39,
            "debt_ratio": 17.69,
            "inventory_turnover_ratio": 1.76,
            "account_receivable_turnover_ratio": 1.56,
            "reinvestment_rate": null,
            "research_to_sale_ratio": 8.73,
            "price_fair": 8.4,
            "eps_avg_yearly": 0.24,
            "eps_latest_yearly": 0.04,
            "eps_growth_yearly": 618.77
        },
        "20181": {
            "year_quarter": 20181,
            "year": 2018,
            "quarter": 1,
            "eps": 0.41,
            "eps_growth_year": 51.85,
            "eps_4q": 0.59,
            "eps_4q_growth_year": null,
            "roe": 3.13,
            "roe_4q": 4.2,
            "gross_profit": 41672,
            "gross_margin": 44.73,
            "gross_margin_4q_avg": 36.43,
            "net_income": 9974,
            "net_income_4q": null,
            "revenue": 93163,
            "revenue_4q": null,
            "common_shares": 242470,
            "book_valuer_per_share": 13.37,
            "book_valuer_per_share_4q_avg": 13.02,
            "equity": 323340,
            "current_ratio": 628.32,
            "debt_ratio": 13.83,
            "inventory_turnover_ratio": 1.39,
            "account_receivable_turnover_ratio": 1.64,
            "reinvestment_rate": null,
            "research_to_sale_ratio": 4.57,
            "price_fair": 20.65,
            "eps_avg_yearly": 0.59,
            "eps_latest_yearly": 1.64,
            "eps_growth_yearly": 4464.07
        },
        "20182": {
            "year_quarter": 20182,
            "year": 2018,
            "quarter": 2,
            "eps": 0.12,
            "eps_growth_year": 500,
            "eps_4q": 0.69,
            "eps_4q_growth_year": 615.46,
            "roe": 0.92,
            "roe_4q": 4.95,
            "gross_profit": 32417,
            "gross_margin": 34.83,
            "gross_margin_4q_avg": 38.13,
            "net_income": 2952,
            "net_income_4q": null,
            "revenue": 93084,
            "revenue_4q": null,
            "common_shares": 242470,
            "book_valuer_per_share": 13.08,
            "book_valuer_per_share_4q_avg": 13.09,
            "equity": 316462,
            "current_ratio": 464.2,
            "debt_ratio": 18.93,
            "inventory_turnover_ratio": 1.81,
            "account_receivable_turnover_ratio": 1.71,
            "reinvestment_rate": null,
            "research_to_sale_ratio": 6.05,
            "price_fair": 19.88,
            "eps_avg_yearly": 0.57,
            "eps_latest_yearly": 0.48,
            "eps_growth_yearly": 3514.67
        },
        "20183": {
            "year_quarter": 20183,
            "year": 2018,
            "quarter": 3,
            "eps": 0.04,
            "eps_growth_year": -73.33,
            "eps_4q": 0.58,
            "eps_4q_growth_year": 237.18,
            "roe": 0.27,
            "roe_4q": 4.4,
            "gross_profit": 35920,
            "gross_margin": 40.46,
            "gross_margin_4q_avg": 38.93,
            "net_income": 860,
            "net_income_4q": null,
            "revenue": 88782,
            "revenue_4q": null,
            "common_shares": 242470,
            "book_valuer_per_share": 13.19,
            "book_valuer_per_share_4q_avg": 13.15,
            "equity": 319007,
            "current_ratio": 521.17,
            "debt_ratio": 16.87,
            "inventory_turnover_ratio": 1.36,
            "account_receivable_turnover_ratio": 1.51,
            "reinvestment_rate": null,
            "research_to_sale_ratio": 5.92,
            "price_fair": 17.5,
            "eps_avg_yearly": 0.5,
            "eps_latest_yearly": 0.16,
            "eps_growth_yearly": 2884.45
        },
        "20184": {
            "year_quarter": 20184,
            "year": 2018,
            "quarter": 4,
            "eps": 0.13,
            "eps_growth_year": 2203.01,
            "eps_4q": 0.7,
            "eps_4q_growth_year": 54.77,
            "roe": 0.98,
            "roe_4q": 5.3,
            "gross_profit": 38444,
            "gross_margin": 36.05,
            "gross_margin_4q_avg": 39.02,
            "net_income": 3136,
            "net_income_4q": null,
            "revenue": 106631,
            "revenue_4q": null,
            "common_shares": 242470,
            "book_valuer_per_share": 13.3,
            "book_valuer_per_share_4q_avg": 13.24,
            "equity": 321714,
            "current_ratio": 448.28,
            "debt_ratio": 19.57,
            "inventory_turnover_ratio": 1.48,
            "account_receivable_turnover_ratio": 1.84,
            "reinvestment_rate": -2602.67,
            "research_to_sale_ratio": 4.87,
            "price_fair": 17.6,
            "eps_avg_yearly": 0.5,
            "eps_latest_yearly": 0.52,
            "eps_growth_yearly": 2600.96
        },
        "20191": {
            "year_quarter": 20191,
            "year": 2019,
            "quarter": 1,
            "eps": 0.37,
            "eps_growth_year": -9.76,
            "eps_4q": 0.66,
            "eps_4q_growth_year": 11.38,
            "roe": 2.7,
            "roe_4q": 4.87,
            "gross_profit": 39830,
            "gross_margin": 41.15,
            "gross_margin_4q_avg": 38.12,
            "net_income": 8933,
            "net_income_4q": null,
            "revenue": 96799,
            "revenue_4q": null,
            "common_shares": 242470,
            "book_valuer_per_share": 14.09,
            "book_valuer_per_share_4q_avg": 13.42,
            "equity": 340945,
            "current_ratio": 497.48,
            "debt_ratio": 17.92,
            "inventory_turnover_ratio": 1.23,
            "account_receivable_turnover_ratio": 1.69,
            "reinvestment_rate": -735.48,
            "research_to_sale_ratio": 4.47,
            "price_fair": 21.88,
            "eps_avg_yearly": 0.63,
            "eps_latest_yearly": 1.48,
            "eps_growth_yearly": 2368.15
        },
        "20192": {
            "year_quarter": 20192,
            "year": 2019,
            "quarter": 2,
            "eps": 0.33,
            "eps_growth_year": 175,
            "eps_4q": 0.87,
            "eps_4q_growth_year": 27.06,
            "roe": 2.39,
            "roe_4q": 6.34,
            "gross_profit": 47062,
            "gross_margin": 40.66,
            "gross_margin_4q_avg": 39.58,
            "net_income": 8180,
            "net_income_4q": null,
            "revenue": 115741,
            "revenue_4q": null,
            "common_shares": 242470,
            "book_valuer_per_share": 14.14,
            "book_valuer_per_share_4q_avg": 13.68,
            "equity": 342232,
            "current_ratio": 352.66,
            "debt_ratio": 25.69,
            "inventory_turnover_ratio": 1.32,
            "account_receivable_turnover_ratio": 1.92,
            "reinvestment_rate": -371.95,
            "research_to_sale_ratio": 5.49,
            "price_fair": 24.58,
            "eps_avg_yearly": 0.7,
            "eps_latest_yearly": 1.32,
            "eps_growth_yearly": 2100.21
        },
        "20193": {
            "year_quarter": 20193,
            "year": 2019,
            "quarter": 3,
            "eps": 0,
            "eps_growth_year": -100,
            "eps_4q": 0.82,
            "eps_4q_growth_year": 43.04,
            "roe": -0.03,
            "roe_4q": 6.040000000000001,
            "gross_profit": 35992,
            "gross_margin": 34.43,
            "gross_margin_4q_avg": 38.07,
            "net_income": -87,
            "net_income_4q": null,
            "revenue": 104529,
            "revenue_4q": null,
            "common_shares": 242470,
            "book_valuer_per_share": 14.56,
            "book_valuer_per_share_4q_avg": 14.02,
            "equity": 352270,
            "current_ratio": 490.92,
            "debt_ratio": 18.26,
            "inventory_turnover_ratio": 1.17,
            "account_receivable_turnover_ratio": 1.67,
            "reinvestment_rate": -230.45,
            "research_to_sale_ratio": 7.89,
            "price_fair": 24.58,
            "eps_avg_yearly": 0.7,
            "eps_latest_yearly": 1.32,
            "eps_growth_yearly": 2100.21
        },
        "20194": {
            "year_quarter": 20194,
            "year": 2019,
            "quarter": 4,
            "eps": 0.06,
            "eps_growth_year": -55.49,
            "eps_4q": 0.75,
            "eps_4q_growth_year": 8.41,
            "roe": 0.4,
            "roe_4q": 5.460000000000001,
            "gross_profit": 44745,
            "gross_margin": 39.84,
            "gross_margin_4q_avg": 39.02,
            "net_income": 1406,
            "net_income_4q": null,
            "revenue": 112315,
            "revenue_4q": null,
            "common_shares": 242470,
            "book_valuer_per_share": 14.23,
            "book_valuer_per_share_4q_avg": 14.26,
            "equity": 344390,
            "current_ratio": 410.27,
            "debt_ratio": 21.79,
            "inventory_turnover_ratio": 1.01,
            "account_receivable_turnover_ratio": 1.96,
            "reinvestment_rate": -43.45,
            "research_to_sale_ratio": 9.58,
            "price_fair": 24.58,
            "eps_avg_yearly": 0.7,
            "eps_latest_yearly": 1.32,
            "eps_growth_yearly": 2100.21
        },
        "20201": {
            "year_quarter": 20201,
            "year": 2020,
            "quarter": 1,
            "eps": 0.01,
            "eps_growth_year": -97.3,
            "eps_4q": 0.4,
            "eps_4q_growth_year": -39.47,
            "roe": 0.1,
            "roe_4q": 2.8600000000000003,
            "gross_profit": 40066,
            "gross_margin": 37.82,
            "gross_margin_4q_avg": 38.19,
            "net_income": 336,
            "net_income_4q": null,
            "revenue": 105947,
            "revenue_4q": null,
            "common_shares": 242470,
            "book_valuer_per_share": 13.35,
            "book_valuer_per_share_4q_avg": 14.07,
            "equity": 323023,
            "current_ratio": 416.58,
            "debt_ratio": 21.23,
            "inventory_turnover_ratio": 0.97,
            "account_receivable_turnover_ratio": 1.97,
            "reinvestment_rate": -31.56,
            "research_to_sale_ratio": 6.86,
            "price_fair": 22.26,
            "eps_avg_yearly": 0.64,
            "eps_latest_yearly": 0.04,
            "eps_growth_yearly": 1856.86
        },
        "20202": {
            "year_quarter": 20202,
            "year": 2020,
            "quarter": 2,
            "eps": -0.1,
            "eps_growth_year": -130.3,
            "eps_4q": -0.03,
            "eps_4q_growth_year": -103.76,
            "roe": -0.69,
            "roe_4q": -0.21999999999999995,
            "gross_profit": 33563,
            "gross_margin": 32.4,
            "gross_margin_4q_avg": 36.12,
            "net_income": -2236,
            "net_income_4q": null,
            "revenue": 103576,
            "revenue_4q": null,
            "common_shares": 242470,
            "book_valuer_per_share": 13.37,
            "book_valuer_per_share_4q_avg": 13.88,
            "equity": 323729,
            "current_ratio": 392.88,
            "debt_ratio": 22.3,
            "inventory_turnover_ratio": 1.11,
            "account_receivable_turnover_ratio": 1.87,
            "reinvestment_rate": -29.97,
            "research_to_sale_ratio": 7.2,
            "price_fair": 22.26,
            "eps_avg_yearly": 0.64,
            "eps_latest_yearly": 0.04,
            "eps_growth_yearly": 1856.86
        },
        "20203": {
            "year_quarter": 20203,
            "year": 2020,
            "quarter": 3,
            "eps": -0.19,
            "eps_growth_year": null,
            "eps_4q": -0.22,
            "eps_4q_growth_year": -126.43,
            "roe": -1.41,
            "roe_4q": -1.5999999999999996,
            "gross_profit": 35206,
            "gross_margin": 29.63,
            "gross_margin_4q_avg": 34.92,
            "net_income": -4523,
            "net_income_4q": null,
            "revenue": 118820,
            "revenue_4q": null,
            "common_shares": 242470,
            "book_valuer_per_share": 13.17,
            "book_valuer_per_share_4q_avg": 13.53,
            "equity": 318856,
            "current_ratio": 391.43,
            "debt_ratio": 22.15,
            "inventory_turnover_ratio": 1.27,
            "account_receivable_turnover_ratio": 2.09,
            "reinvestment_rate": -11.64,
            "research_to_sale_ratio": 7.35,
            "price_fair": 22.26,
            "eps_avg_yearly": 0.64,
            "eps_latest_yearly": 0.04,
            "eps_growth_yearly": 1856.86
        },
        "20204": {
            "year_quarter": 20204,
            "year": 2020,
            "quarter": 4,
            "eps": -0.37,
            "eps_growth_year": -770.21,
            "eps_4q": -0.65,
            "eps_4q_growth_year": -185.8,
            "roe": -2.85,
            "roe_4q": -4.85,
            "gross_profit": 32454,
            "gross_margin": 28.27,
            "gross_margin_4q_avg": 32.03,
            "net_income": -8987,
            "net_income_4q": null,
            "revenue": 114787,
            "revenue_4q": null,
            "common_shares": 242470,
            "book_valuer_per_share": 12.88,
            "book_valuer_per_share_4q_avg": 13.19,
            "equity": 311932,
            "current_ratio": 356.73,
            "debt_ratio": 23.76,
            "inventory_turnover_ratio": 1.36,
            "account_receivable_turnover_ratio": 2.02,
            "reinvestment_rate": -29.42,
            "research_to_sale_ratio": 7.52,
            "price_fair": 22.26,
            "eps_avg_yearly": 0.64,
            "eps_latest_yearly": 0.04,
            "eps_growth_yearly": 1856.86
        },
        "20211": {
            "year_quarter": 20211,
            "year": 2021,
            "quarter": 1,
            "eps": -0.02,
            "eps_growth_year": -300,
            "eps_4q": -0.68,
            "eps_4q_growth_year": -270.71,
            "roe": -0.11,
            "roe_4q": -5.0600000000000005,
            "gross_profit": 40776,
            "gross_margin": 33.92,
            "gross_margin_4q_avg": 31.06,
            "net_income": -342,
            "net_income_4q": null,
            "revenue": 120208,
            "revenue_4q": null,
            "common_shares": 242470,
            "book_valuer_per_share": 12.82,
            "book_valuer_per_share_4q_avg": 13.06,
            "equity": 310620,
            "current_ratio": 354.04,
            "debt_ratio": 24.32,
            "inventory_turnover_ratio": 1.38,
            "account_receivable_turnover_ratio": 1.98,
            "reinvestment_rate": -19.94,
            "research_to_sale_ratio": 6.51,
            "price_fair": 22.26,
            "eps_avg_yearly": 0.64,
            "eps_latest_yearly": 0.04,
            "eps_growth_yearly": 1856.86
        },
        "20212": {
            "year_quarter": 20212,
            "year": 2021,
            "quarter": 2,
            "eps": 0.26,
            "eps_growth_year": null,
            "eps_4q": -0.32,
            "eps_4q_growth_year": null,
            "roe": 2.04,
            "roe_4q": -2.33,
            "gross_profit": 55891,
            "gross_margin": 39.68,
            "gross_margin_4q_avg": 32.88,
            "net_income": 6441,
            "net_income_4q": null,
            "revenue": 140859,
            "revenue_4q": null,
            "common_shares": 242470,
            "book_valuer_per_share": 13.26,
            "book_valuer_per_share_4q_avg": 13.03,
            "equity": 321427,
            "current_ratio": 335.89,
            "debt_ratio": 25.51,
            "inventory_turnover_ratio": 1.48,
            "account_receivable_turnover_ratio": 1.91,
            "reinvestment_rate": 3.17,
            "research_to_sale_ratio": 9.98,
            "price_fair": 24.42,
            "eps_avg_yearly": 0.7,
            "eps_latest_yearly": 0.04,
            "eps_growth_yearly": 2104.33
        },
        "20213": {
            "year_quarter": 20213,
            "year": 2021,
            "quarter": 3,
            "eps": 0.15,
            "eps_growth_year": null,
            "eps_4q": 0.01,
            "eps_4q_growth_year": null,
            "roe": 1.08,
            "roe_4q": 0.16000000000000014,
            "gross_profit": 50823,
            "gross_margin": 37.1,
            "gross_margin_4q_avg": 34.74,
            "net_income": 3505,
            "net_income_4q": null,
            "revenue": 136993,
            "revenue_4q": null,
            "common_shares": 242470,
            "book_valuer_per_share": 13.48,
            "book_valuer_per_share_4q_avg": 13.11,
            "equity": 326776,
            "current_ratio": 318.65,
            "debt_ratio": 27.19,
            "inventory_turnover_ratio": 1.37,
            "account_receivable_turnover_ratio": 1.77,
            "reinvestment_rate": 3.68,
            "research_to_sale_ratio": 10.24,
            "price_fair": 24.42,
            "eps_avg_yearly": 0.7,
            "eps_latest_yearly": 0.6,
            "eps_growth_yearly": 1796.64
        },
        "20214": {
            "year_quarter": 20214,
            "year": 2021,
            "quarter": 4,
            "eps": -0.06,
            "eps_growth_year": null,
            "eps_4q": 0.32,
            "eps_4q_growth_year": null,
            "roe": -0.49,
            "roe_4q": 2.52,
            "gross_profit": 48004,
            "gross_margin": 39.53,
            "gross_margin_4q_avg": 37.56,
            "net_income": -1596,
            "net_income_4q": null,
            "revenue": 121451,
            "revenue_4q": null,
            "common_shares": 242470,
            "book_valuer_per_share": 13.15,
            "book_valuer_per_share_4q_avg": 13.18,
            "equity": 318696,
            "current_ratio": 345.04,
            "debt_ratio": 24.97,
            "inventory_turnover_ratio": 1.13,
            "account_receivable_turnover_ratio": 1.61,
            "reinvestment_rate": 3.8,
            "research_to_sale_ratio": 12.42,
            "price_fair": 27.3,
            "eps_avg_yearly": 0.78,
            "eps_latest_yearly": 0.6,
            "eps_growth_yearly": 2067.88
        },
        "20221": {
            "year_quarter": 20221,
            "year": 2022,
            "quarter": 1,
            "eps": 0.44,
            "eps_growth_year": null,
            "eps_4q": 0.79,
            "eps_4q_growth_year": null,
            "roe": 3.36,
            "roe_4q": 5.99,
            "gross_profit": 58011,
            "gross_margin": 41.53,
            "gross_margin_4q_avg": 39.46,
            "net_income": 10806,
            "net_income_4q": null,
            "revenue": 139686,
            "revenue_4q": null,
            "common_shares": 242470,
            "book_valuer_per_share": 13.43,
            "book_valuer_per_share_4q_avg": 13.33,
            "equity": 325414,
            "current_ratio": 336.53,
            "debt_ratio": 26.17,
            "inventory_turnover_ratio": 1.56,
            "account_receivable_turnover_ratio": 1.64,
            "reinvestment_rate": 3.53,
            "research_to_sale_ratio": 9.36,
            "price_fair": 23,
            "eps_avg_yearly": 0.66,
            "eps_latest_yearly": 0.6,
            "eps_growth_yearly": 77.58
        },
        "20222": {
            "year_quarter": 20222,
            "year": 2022,
            "quarter": 2,
            "eps": 0.04,
            "eps_growth_year": -84.62,
            "eps_4q": 0.56,
            "eps_4q_growth_year": null,
            "roe": 0.3,
            "roe_4q": 4.25,
            "gross_profit": 49226,
            "gross_margin": 36.65,
            "gross_margin_4q_avg": 38.7,
            "net_income": 962,
            "net_income_4q": null,
            "revenue": 134308,
            "revenue_4q": null,
            "common_shares": 242470,
            "book_valuer_per_share": 13.38,
            "book_valuer_per_share_4q_avg": 13.36,
            "equity": 324292,
            "current_ratio": 333.28,
            "debt_ratio": 26.58,
            "inventory_turnover_ratio": 1.66,
            "account_receivable_turnover_ratio": 1.48,
            "reinvestment_rate": -3.83,
            "research_to_sale_ratio": 9.63,
            "price_fair": 21.4,
            "eps_avg_yearly": 0.61,
            "eps_latest_yearly": 0.16,
            "eps_growth_yearly": 66.05
        },
        "20223": {
            "year_quarter": 20223,
            "year": 2022,
            "quarter": 3,
            "eps": 0.32,
            "eps_growth_year": 113.33,
            "eps_4q": 0.74,
            "eps_4q_growth_year": 5524.54,
            "roe": 2.39,
            "roe_4q": 5.56,
            "gross_profit": 59331,
            "gross_margin": 44.81,
            "gross_margin_4q_avg": 40.63,
            "net_income": 7825,
            "net_income_4q": null,
            "revenue": 132407,
            "revenue_4q": null,
            "common_shares": 242470,
            "book_valuer_per_share": 13.65,
            "book_valuer_per_share_4q_avg": 13.4,
            "equity": 331006,
            "current_ratio": 347.93,
            "debt_ratio": 25.59,
            "inventory_turnover_ratio": 1.27,
            "account_receivable_turnover_ratio": 1.54,
            "reinvestment_rate": -4.13,
            "research_to_sale_ratio": 9.83,
            "price_fair": 27,
            "eps_avg_yearly": 0.77,
            "eps_latest_yearly": 1.28,
            "eps_growth_yearly": 504.15
        },
        "20224": {
            "year_quarter": 20224,
            "year": 2022,
            "quarter": 4,
            "eps": 0.26,
            "eps_growth_year": null,
            "eps_4q": 1.06,
            "eps_4q_growth_year": 228.24,
            "roe": 1.87,
            "roe_4q": 7.92,
            "gross_profit": 59868,
            "gross_margin": 42.34,
            "gross_margin_4q_avg": 41.33,
            "net_income": 6357,
            "net_income_4q": null,
            "revenue": 141408,
            "revenue_4q": null,
            "common_shares": 242470,
            "book_valuer_per_share": 14.33,
            "book_valuer_per_share_4q_avg": 13.7,
            "equity": 347461,
            "current_ratio": 375.98,
            "debt_ratio": 23.75,
            "inventory_turnover_ratio": 1.83,
            "account_receivable_turnover_ratio": 1.59,
            "reinvestment_rate": 12.15,
            "research_to_sale_ratio": 9.4,
            "price_fair": 29.6,
            "eps_avg_yearly": 0.85,
            "eps_latest_yearly": 1.04,
            "eps_growth_yearly": 364.86
        },
        "20231": {
            "year_quarter": 20231,
            "year": 2023,
            "quarter": 1,
            "eps": 0.31,
            "eps_growth_year": -29.55,
            "eps_4q": 0.93,
            "eps_4q_growth_year": 18.16,
            "roe": 2.13,
            "roe_4q": 6.69,
            "gross_profit": 53640,
            "gross_margin": 39.86,
            "gross_margin_4q_avg": 40.92,
            "net_income": 7562,
            "net_income_4q": null,
            "revenue": 134554,
            "revenue_4q": null,
            "common_shares": 242470,
            "book_valuer_per_share": 14.92,
            "book_valuer_per_share_4q_avg": 14.07,
            "equity": 361780,
            "current_ratio": 405.07,
            "debt_ratio": 22.28,
            "inventory_turnover_ratio": 2.52,
            "account_receivable_turnover_ratio": 1.44,
            "reinvestment_rate": 11.17,
            "research_to_sale_ratio": 9.3,
            "price_fair": 28.4,
            "eps_avg_yearly": 0.81,
            "eps_latest_yearly": 1.24,
            "eps_growth_yearly": 270.35
        },
        "20232": {
            "year_quarter": 20232,
            "year": 2023,
            "quarter": 2,
            "eps": 0.38,
            "eps_growth_year": 850,
            "eps_4q": 1.22,
            "eps_4q_growth_year": 117.4,
            "roe": 2.45,
            "roe_4q": 8.84,
            "gross_profit": 59074,
            "gross_margin": 40.62,
            "gross_margin_4q_avg": 41.91,
            "net_income": 9398,
            "net_income_4q": null,
            "revenue": 145418,
            "revenue_4q": null,
            "common_shares": 242470,
            "book_valuer_per_share": 16.66,
            "book_valuer_per_share_4q_avg": 14.89,
            "equity": 404114,
            "current_ratio": 369.57,
            "debt_ratio": 26.29,
            "inventory_turnover_ratio": 2.59,
            "account_receivable_turnover_ratio": 1.53,
            "reinvestment_rate": 10.82,
            "research_to_sale_ratio": 9.29,
            "price_fair": 29.4,
            "eps_avg_yearly": 0.84,
            "eps_latest_yearly": 1.52,
            "eps_growth_yearly": 289.44
        },
        "20233": {
            "year_quarter": 20233,
            "year": 2023,
            "quarter": 3,
            "eps": 0.19,
            "eps_growth_year": -40.62,
            "eps_4q": 1.1,
            "eps_4q_growth_year": 49.34,
            "roe": 1.2,
            "roe_4q": 7.65,
            "gross_profit": 59429,
            "gross_margin": 38.39,
            "gross_margin_4q_avg": 40.3,
            "net_income": 4884,
            "net_income_4q": null,
            "revenue": 154796,
            "revenue_4q": null,
            "common_shares": 254049,
            "book_valuer_per_share": 16.09,
            "book_valuer_per_share_4q_avg": 15.5,
            "equity": 409040,
            "current_ratio": 345.62,
            "debt_ratio": 25.53,
            "inventory_turnover_ratio": 2.96,
            "account_receivable_turnover_ratio": 1.48,
            "reinvestment_rate": 12.64,
            "research_to_sale_ratio": 9.71,
            "price_fair": 29.05,
            "eps_avg_yearly": 0.83,
            "eps_latest_yearly": 0.76,
            "eps_growth_yearly": 228.26
        }
    },
    "months": {
        "2011-07": {
            "month": "2011-07",
            "price": "36.17",
            "revenue": 14260
        },
        "2011-08": {
            "month": "2011-08",
            "price": "33.49",
            "revenue": 11429
        },
        "2011-09": {
            "month": "2011-09",
            "price": "29.60",
            "revenue": 13167
        },
        "2011-10": {
            "month": "2011-10",
            "price": "24.93",
            "revenue": 20937
        },
        "2011-11": {
            "month": "2011-11",
            "price": "23.88",
            "revenue": 27629
        },
        "2011-12": {
            "month": "2011-12",
            "price": "22.98",
            "revenue": 23204
        },
        "2012-01": {
            "month": "2012-01",
            "price": "25.57",
            "revenue": 18196
        },
        "2012-02": {
            "month": "2012-02",
            "price": "26.48",
            "revenue": 18294
        },
        "2012-03": {
            "month": "2012-03",
            "price": "25.73",
            "revenue": 34952
        },
        "2012-04": {
            "month": "2012-04",
            "price": "29.82",
            "revenue": 24959
        },
        "2012-05": {
            "month": "2012-05",
            "price": "31.80",
            "revenue": 29147
        },
        "2012-06": {
            "month": "2012-06",
            "price": "34.26",
            "revenue": 27632
        },
        "2012-07": {
            "month": "2012-07",
            "price": "38.99",
            "revenue": 23787
        },
        "2012-08": {
            "month": "2012-08",
            "price": "41.33",
            "revenue": 24169
        },
        "2012-09": {
            "month": "2012-09",
            "price": "46.52",
            "revenue": 24172
        },
        "2012-10": {
            "month": "2012-10",
            "price": "53.63",
            "revenue": 17277
        },
        "2012-11": {
            "month": "2012-11",
            "price": "44.20",
            "revenue": 16856
        },
        "2012-12": {
            "month": "2012-12",
            "price": "43.90",
            "revenue": 17507
        },
        "2013-01": {
            "month": "2013-01",
            "price": "44.55",
            "revenue": 15267
        },
        "2013-02": {
            "month": "2013-02",
            "price": "46.60",
            "revenue": 21694
        },
        "2013-03": {
            "month": "2013-03",
            "price": "46.38",
            "revenue": 16231
        },
        "2013-04": {
            "month": "2013-04",
            "price": "41.17",
            "revenue": 16998
        },
        "2013-05": {
            "month": "2013-05",
            "price": "38.04",
            "revenue": 18464
        },
        "2013-06": {
            "month": "2013-06",
            "price": "36.11",
            "revenue": 22438
        },
        "2013-07": {
            "month": "2013-07",
            "price": "35.50",
            "revenue": 19710
        },
        "2013-08": {
            "month": "2013-08",
            "price": "34.30",
            "revenue": 18865
        },
        "2013-09": {
            "month": "2013-09",
            "price": "34.84",
            "revenue": 18016
        },
        "2013-10": {
            "month": "2013-10",
            "price": "31.90",
            "revenue": 22682
        },
        "2013-11": {
            "month": "2013-11",
            "price": "25.20",
            "revenue": 27749
        },
        "2013-12": {
            "month": "2013-12",
            "price": "26.80",
            "revenue": 20469
        },
        "2014-01": {
            "month": "2014-01",
            "price": "30.71",
            "revenue": 20726
        },
        "2014-02": {
            "month": "2014-02",
            "price": "30.04",
            "revenue": 13922
        },
        "2014-03": {
            "month": "2014-03",
            "price": "30.80",
            "revenue": 25553
        },
        "2014-04": {
            "month": "2014-04",
            "price": "28.23",
            "revenue": 22124
        },
        "2014-05": {
            "month": "2014-05",
            "price": "29.02",
            "revenue": 25913
        },
        "2014-06": {
            "month": "2014-06",
            "price": "34.42",
            "revenue": 21256
        },
        "2014-07": {
            "month": "2014-07",
            "price": "42.52",
            "revenue": 12874
        },
        "2014-08": {
            "month": "2014-08",
            "price": "33.94",
            "revenue": 12321
        },
        "2014-09": {
            "month": "2014-09",
            "price": "32.17",
            "revenue": 10299
        },
        "2014-10": {
            "month": "2014-10",
            "price": "28.47",
            "revenue": 17101
        },
        "2014-11": {
            "month": "2014-11",
            "price": "24.94",
            "revenue": 14355
        },
        "2014-12": {
            "month": "2014-12",
            "price": "30.14",
            "revenue": 21978
        },
        "2015-01": {
            "month": "2015-01",
            "price": "28.50",
            "revenue": 14546
        },
        "2015-02": {
            "month": "2015-02",
            "price": "27.61",
            "revenue": 11832
        },
        "2015-03": {
            "month": "2015-03",
            "price": "32.97",
            "revenue": 22116
        },
        "2015-04": {
            "month": "2015-04",
            "price": "37.91",
            "revenue": 21891
        },
        "2015-05": {
            "month": "2015-05",
            "price": "30.71",
            "revenue": 33404
        },
        "2015-06": {
            "month": "2015-06",
            "price": "27.82",
            "revenue": 24739
        },
        "2015-07": {
            "month": "2015-07",
            "price": "30.25",
            "revenue": 23287
        },
        "2015-08": {
            "month": "2015-08",
            "price": "25.69",
            "revenue": 20412
        },
        "2015-09": {
            "month": "2015-09",
            "price": "26.95",
            "revenue": 22211
        },
        "2015-10": {
            "month": "2015-10",
            "price": "28.55",
            "revenue": 27501
        },
        "2015-11": {
            "month": "2015-11",
            "price": "34.69",
            "revenue": 28615
        },
        "2015-12": {
            "month": "2015-12",
            "price": "31.45",
            "revenue": 20269
        },
        "2016-01": {
            "month": "2016-01",
            "price": "27.78",
            "revenue": 24213
        },
        "2016-02": {
            "month": "2016-02",
            "price": "28.25",
            "revenue": 16821
        },
        "2016-03": {
            "month": "2016-03",
            "price": "28.97",
            "revenue": 34740
        },
        "2016-04": {
            "month": "2016-04",
            "price": "28.16",
            "revenue": 22903
        },
        "2016-05": {
            "month": "2016-05",
            "price": "27.31",
            "revenue": 24613
        },
        "2016-06": {
            "month": "2016-06",
            "price": "27.47",
            "revenue": 33371
        },
        "2016-07": {
            "month": "2016-07",
            "price": "28.89",
            "revenue": 30986
        },
        "2016-08": {
            "month": "2016-08",
            "price": "27.87",
            "revenue": 52212
        },
        "2016-09": {
            "month": "2016-09",
            "price": "29.04",
            "revenue": 23124
        },
        "2016-10": {
            "month": "2016-10",
            "price": "29.00",
            "revenue": 24291
        },
        "2016-11": {
            "month": "2016-11",
            "price": "28.59",
            "revenue": 26471
        },
        "2016-12": {
            "month": "2016-12",
            "price": "28.24",
            "revenue": 32057
        },
        "2017-01": {
            "month": "2017-01",
            "price": "27.72",
            "revenue": 32104
        },
        "2017-02": {
            "month": "2017-02",
            "price": "27.73",
            "revenue": 20800
        },
        "2017-03": {
            "month": "2017-03",
            "price": "26.88",
            "revenue": 36816
        },
        "2017-04": {
            "month": "2017-04",
            "price": "25.52",
            "revenue": 25979
        },
        "2017-05": {
            "month": "2017-05",
            "price": "25.42",
            "revenue": 25989
        },
        "2017-06": {
            "month": "2017-06",
            "price": "26.60",
            "revenue": 37358
        },
        "2017-07": {
            "month": "2017-07",
            "price": "26.59",
            "revenue": 27316
        },
        "2017-08": {
            "month": "2017-08",
            "price": "26.59",
            "revenue": 35985
        },
        "2017-09": {
            "month": "2017-09",
            "price": "30.21",
            "revenue": 26718
        },
        "2017-10": {
            "month": "2017-10",
            "price": "28.74",
            "revenue": 39049
        },
        "2017-11": {
            "month": "2017-11",
            "price": "28.00",
            "revenue": 26651
        },
        "2017-12": {
            "month": "2017-12",
            "price": "26.95",
            "revenue": 30852
        },
        "2018-01": {
            "month": "2018-01",
            "price": "27.15",
            "revenue": 35430
        },
        "2018-02": {
            "month": "2018-02",
            "price": "26.37",
            "revenue": 24708
        },
        "2018-03": {
            "month": "2018-03",
            "price": "27.24",
            "revenue": 33025
        },
        "2018-04": {
            "month": "2018-04",
            "price": "27.94",
            "revenue": 29524
        },
        "2018-05": {
            "month": "2018-05",
            "price": "27.74",
            "revenue": 34943
        },
        "2018-06": {
            "month": "2018-06",
            "price": "30.74",
            "revenue": 28616
        },
        "2018-07": {
            "month": "2018-07",
            "price": "30.35",
            "revenue": 30499
        },
        "2018-08": {
            "month": "2018-08",
            "price": "29.50",
            "revenue": 31483
        },
        "2018-09": {
            "month": "2018-09",
            "price": "28.58",
            "revenue": 26801
        },
        "2018-10": {
            "month": "2018-10",
            "price": "27.91",
            "revenue": 34991
        },
        "2018-11": {
            "month": "2018-11",
            "price": "27.96",
            "revenue": 30363
        },
        "2018-12": {
            "month": "2018-12",
            "price": "28.13",
            "revenue": 41278
        },
        "2019-01": {
            "month": "2019-01",
            "price": "28.50",
            "revenue": 35506
        },
        "2019-02": {
            "month": "2019-02",
            "price": "28.92",
            "revenue": 24799
        },
        "2019-03": {
            "month": "2019-03",
            "price": "27.78",
            "revenue": 36494
        },
        "2019-04": {
            "month": "2019-04",
            "price": "28.07",
            "revenue": 40731
        },
        "2019-05": {
            "month": "2019-05",
            "price": "27.07",
            "revenue": 39750
        },
        "2019-06": {
            "month": "2019-06",
            "price": "26.86",
            "revenue": 35261
        },
        "2019-07": {
            "month": "2019-07",
            "price": "28.63",
            "revenue": 37883
        },
        "2019-08": {
            "month": "2019-08",
            "price": "27.56",
            "revenue": 36345
        },
        "2019-09": {
            "month": "2019-09",
            "price": "28.06",
            "revenue": 30301
        },
        "2019-10": {
            "month": "2019-10",
            "price": "29.80",
            "revenue": 36896
        },
        "2019-11": {
            "month": "2019-11",
            "price": "28.96",
            "revenue": 30736
        },
        "2019-12": {
            "month": "2019-12",
            "price": "28.02",
            "revenue": 45936
        },
        "2020-01": {
            "month": "2020-01",
            "price": "28.45",
            "revenue": 31124
        },
        "2020-02": {
            "month": "2020-02",
            "price": "28.25",
            "revenue": 36057
        },
        "2020-03": {
            "month": "2020-03",
            "price": "25.06",
            "revenue": 38756
        },
        "2020-04": {
            "month": "2020-04",
            "price": "25.27",
            "revenue": 35571
        },
        "2020-05": {
            "month": "2020-05",
            "price": "31.28",
            "revenue": 33310
        },
        "2020-06": {
            "month": "2020-06",
            "price": "30.89",
            "revenue": 34705
        },
        "2020-07": {
            "month": "2020-07",
            "price": "30.13",
            "revenue": 43431
        },
        "2020-08": {
            "month": "2020-08",
            "price": "27.83",
            "revenue": 35536
        },
        "2020-09": {
            "month": "2020-09",
            "price": "25.70",
            "revenue": 39821
        },
        "2020-10": {
            "month": "2020-10",
            "price": "24.81",
            "revenue": 30971
        },
        "2020-11": {
            "month": "2020-11",
            "price": "24.46",
            "revenue": 38996
        },
        "2020-12": {
            "month": "2020-12",
            "price": "24.58",
            "revenue": 47044
        },
        "2021-01": {
            "month": "2021-01",
            "price": "23.90",
            "revenue": 35083
        },
        "2021-02": {
            "month": "2021-02",
            "price": "23.52",
            "revenue": 37056
        },
        "2021-03": {
            "month": "2021-03",
            "price": "24.91",
            "revenue": 48233
        },
        "2021-04": {
            "month": "2021-04",
            "price": "24.68",
            "revenue": 43908
        },
        "2021-05": {
            "month": "2021-05",
            "price": "23.74",
            "revenue": 39478
        },
        "2021-06": {
            "month": "2021-06",
            "price": "24.40",
            "revenue": 57310
        },
        "2021-07": {
            "month": "2021-07",
            "price": "24.47",
            "revenue": 51967
        },
        "2021-08": {
            "month": "2021-08",
            "price": "24.33",
            "revenue": 43548
        },
        "2021-09": {
            "month": "2021-09",
            "price": "24.18",
            "revenue": 41477
        },
        "2021-10": {
            "month": "2021-10",
            "price": "24.02",
            "revenue": 38386
        },
        "2021-11": {
            "month": "2021-11",
            "price": "24.59",
            "revenue": 38560
        },
        "2021-12": {
            "month": "2021-12",
            "price": "24.66",
            "revenue": 44505
        },
        "2022-01": {
            "month": "2022-01",
            "price": "24.92",
            "revenue": 43330
        },
        "2022-02": {
            "month": "2022-02",
            "price": "24.76",
            "revenue": 38029
        },
        "2022-03": {
            "month": "2022-03",
            "price": "24.42",
            "revenue": 58327
        },
        "2022-04": {
            "month": "2022-04",
            "price": "25.04",
            "revenue": 51531
        },
        "2022-05": {
            "month": "2022-05",
            "price": "24.89",
            "revenue": 43673
        },
        "2022-06": {
            "month": "2022-06",
            "price": "24.74",
            "revenue": 39104
        },
        "2022-07": {
            "month": "2022-07",
            "price": "23.79",
            "revenue": 45880
        },
        "2022-08": {
            "month": "2022-08",
            "price": "24.70",
            "revenue": 47588
        },
        "2022-09": {
            "month": "2022-09",
            "price": "24.83",
            "revenue": 38939
        },
        "2022-10": {
            "month": "2022-10",
            "price": "23.78",
            "revenue": 41014
        },
        "2022-11": {
            "month": "2022-11",
            "price": "25.35",
            "revenue": 45532
        },
        "2022-12": {
            "month": "2022-12",
            "price": "27.96",
            "revenue": 54862
        },
        "2023-01": {
            "month": "2023-01",
            "price": "26.76",
            "revenue": 37178
        },
        "2023-02": {
            "month": "2023-02",
            "price": "28.11",
            "revenue": 38711
        },
        "2023-03": {
            "month": "2023-03",
            "price": "27.92",
            "revenue": 58665
        },
        "2023-04": {
            "month": "2023-04",
            "price": "31.76",
            "revenue": 42950
        },
        "2023-05": {
            "month": "2023-05",
            "price": "44.74",
            "revenue": 52735
        },
        "2023-06": {
            "month": "2023-06",
            "price": "39.05",
            "revenue": 49733
        },
        "2023-07": {
            "month": "2023-07",
            "price": "40.21",
            "revenue": 57810
        },
        "2023-08": {
            "month": "2023-08",
            "price": "47.61",
            "revenue": 52665
        },
        "2023-09": {
            "month": "2023-09",
            "price": "41.41",
            "revenue": 44321
        },
        "2023-10": {
            "month": "2023-10",
            "price": "38.88",
            "revenue": 49986
        },
        "2023-11": {
            "month": "2023-11",
            "price": "40.92",
            "revenue": 50872
        },
        "2023-12": {
            "month": "2023-12",
            "price": "39.90",
            "revenue": 56874
        }
    }
}
