{
    "summary": {
        "stock_name": "聿新科",
        "stock_id": "4161",
        "category": "生技醫療",
        "main_business": "居家醫療檢測產品<br>生醫材料及產品<br>天然蝦紅素及原料",
        "website_url": "http://www.bioptik.com.tw/",
        "ceo": "楊金昌",
        "pe_ratio": 24,
        "report_year_from": 2009,
        "report_year_to": 2023,
        "age": 14,
        "eps_negative_percentage": 17,
        "eps_growth_avg": {
            "last_all": -30,
            "last_2y": 0,
            "last_4y": -26.67,
            "last_8y": -48.57,
            "last_12y": null,
            "last_16y": null,
            "last_20y": null,
            "at_2006_last_3y": null,
            "at_2007_last_3y": null,
            "at_2008_last_3y": null,
            "at_2009_last_3y": null,
            "at_2010_last_3y": null,
            "at_2011_last_3y": null,
            "at_2012_last_3y": null,
            "at_2013_last_3y": null,
            "at_2014_last_3y": null,
            "at_2015_last_3y": null,
            "at_2016_last_3y": -15,
            "at_2017_last_3y": -65,
            "at_2018_last_3y": -64.55,
            "at_2019_last_3y": -83.81,
            "at_2020_last_3y": -93.33,
            "at_2021_last_3y": -90,
            "at_2022_last_3y": -26.67,
            "at_2023_last_3y": -26.67,
            "at_2006_last_all": null,
            "at_2007_last_all": null,
            "at_2008_last_all": null,
            "at_2009_last_all": null,
            "at_2010_last_all": null,
            "at_2011_last_all": null,
            "at_2012_last_all": null,
            "at_2013_last_all": null,
            "at_2014_last_all": 16.82,
            "at_2015_last_all": 3.81,
            "at_2016_last_all": -15,
            "at_2017_last_all": -32,
            "at_2018_last_all": -32,
            "at_2019_last_all": -40,
            "at_2020_last_all": -48.57,
            "at_2021_last_all": -48.57,
            "at_2022_last_all": -30,
            "at_2023_last_all": -30
        },
        "latest_eps": 1.24,
        "latest_price": 29.95,
        "latest_roe": 8.85,
        "latest_gross_margin": 24.87,
        "latest_equity": 762733,
        "latest_revenue": 189005,
        "latest_gross_profit": 47005,
        "latest_net_income": 11764,
        "latest_debt_ratio": 46.47,
        "latest_current_ratio": 158.58,
        "latest_account_receivable_turnover_ratio": 1.09,
        "latest_inventory_turnover_ratio": 0.54,
        "latest_reinvestment_rate": -197.92,
        "latest_research_to_sale_ratio": 9.57
    },
    "eps_dividends": {
        "2001": {
            "cash": 0,
            "stock": 0,
            "eps": 0
        },
        "2002": {
            "cash": 0,
            "stock": 0,
            "eps": 0
        },
        "2003": {
            "cash": 0,
            "stock": 0,
            "eps": 0
        },
        "2004": {
            "cash": 0,
            "stock": 0,
            "eps": 0
        },
        "2005": {
            "cash": 0,
            "stock": 0,
            "eps": 0
        },
        "2006": {
            "cash": 0,
            "stock": 0,
            "eps": 0
        },
        "2007": {
            "cash": 0,
            "stock": 0,
            "eps": 0
        },
        "2008": {
            "cash": 0,
            "stock": 0,
            "eps": 0
        },
        "2009": {
            "cash": 0,
            "stock": 0,
            "eps": 0
        },
        "2010": {
            "cash": 0,
            "stock": 0,
            "eps": 0
        },
        "2011": {
            "cash": 0,
            "stock": 0.05,
            "eps": 0
        },
        "2012": {
            "cash": 0,
            "stock": 0.15,
            "eps": 0.79
        },
        "2013": {
            "cash": 0,
            "stock": 0,
            "eps": 2.14
        },
        "2014": {
            "cash": 0,
            "stock": 1.5,
            "eps": 0.72
        },
        "2015": {
            "cash": 1,
            "stock": 0,
            "eps": 0.56
        },
        "2016": {
            "cash": 0.5,
            "stock": 0,
            "eps": 0.16
        },
        "2017": {
            "cash": 1,
            "stock": 0,
            "eps": -0.68
        },
        "2018": {
            "cash": 0,
            "stock": 0.5,
            "eps": 0.55
        },
        "2019": {
            "cash": 0.5,
            "stock": 0,
            "eps": 0.11
        },
        "2020": {
            "cash": 0.6,
            "stock": 0,
            "eps": -1.25
        },
        "2021": {
            "cash": 0.3,
            "stock": 0,
            "eps": 0.47
        },
        "2022": {
            "cash": 0.3,
            "stock": 0,
            "eps": 1
        },
        "2023": {
            "cash": 0,
            "stock": 0.5,
            "eps": 0.41
        }
    },
    "dividends": {
        "2011-05-16": {
            "cash": 0,
            "stock": 0.05
        },
        "2012-06-13": {
            "cash": 0,
            "stock": 0.15
        },
        "2014-06-25": {
            "cash": 0,
            "stock": 1.5
        },
        "2015-08-25": {
            "cash": 1,
            "stock": 0
        },
        "2016-10-03": {
            "cash": 0.5,
            "stock": 0
        },
        "2017-08-25": {
            "cash": 1,
            "stock": 0
        },
        "2018-05-09": {
            "cash": 0,
            "stock": 0.5
        },
        "2019-08-23": {
            "cash": 0.5,
            "stock": 0
        },
        "2020-08-21": {
            "cash": 0.6,
            "stock": 0
        },
        "2021-10-07": {
            "cash": 0.3,
            "stock": 0
        },
        "2022-09-07": {
            "cash": 0.3,
            "stock": 0
        },
        "2023-03-10": {
            "cash": 0,
            "stock": 0.5
        }
    },
    "prices": {
        "200101": "無",
        "200102": "無",
        "200103": "無",
        "200104": "無",
        "200105": "無",
        "200106": "無",
        "200107": "無",
        "200108": "無",
        "200109": "無",
        "200110": "無",
        "200111": "無",
        "200112": "無",
        "200201": "無",
        "200202": "無",
        "200203": "無",
        "200204": "無",
        "200205": "無",
        "200206": "無",
        "200207": "無",
        "200208": "無",
        "200209": "無",
        "200210": "無",
        "200211": "無",
        "200212": "無",
        "200301": "無",
        "200302": "無",
        "200303": "無",
        "200304": "無",
        "200305": "無",
        "200306": "無",
        "200307": "無",
        "200308": "無",
        "200309": "無",
        "200310": "無",
        "200311": "無",
        "200312": "無",
        "200401": "無",
        "200402": "無",
        "200403": "無",
        "200404": "無",
        "200405": "無",
        "200406": "無",
        "200407": "無",
        "200408": "無",
        "200409": "無",
        "200410": "無",
        "200411": "無",
        "200412": "無",
        "200501": "無",
        "200502": "無",
        "200503": "無",
        "200504": "無",
        "200505": "無",
        "200506": "無",
        "200507": "無",
        "200508": "無",
        "200509": "無",
        "200510": "無",
        "200511": "無",
        "200512": "無",
        "200601": "無",
        "200602": "無",
        "200603": "無",
        "200604": "無",
        "200605": "無",
        "200606": "無",
        "200607": "無",
        "200608": "無",
        "200609": "無",
        "200610": "無",
        "200611": "無",
        "200612": "無",
        "200701": "無",
        "200702": "無",
        "200703": "無",
        "200704": "無",
        "200705": "無",
        "200706": "無",
        "200707": "無",
        "200708": "無",
        "200709": "無",
        "200710": "無",
        "200711": "無",
        "200712": "無",
        "200801": "無",
        "200802": "無",
        "200803": "無",
        "200804": "無",
        "200805": "無",
        "200806": "無",
        "200807": "無",
        "200808": "無",
        "200809": "無",
        "200810": "無",
        "200811": "無",
        "200812": "無",
        "200901": "無",
        "200902": "無",
        "200903": "無",
        "200904": "無",
        "200905": "無",
        "200906": "無",
        "200907": "無",
        "200908": "無",
        "200909": "無",
        "200910": "無",
        "200911": "無",
        "200912": "無",
        "201001": "無",
        "201002": "無",
        "201003": "無",
        "201004": "無",
        "201005": "無",
        "201006": "無",
        "201007": "無",
        "201008": "無",
        "201009": "無",
        "201010": "無",
        "201011": "無",
        "201012": "無",
        "201101": "無",
        "201102": "無",
        "201103": "無",
        "201104": "無",
        "201105": "無",
        "201106": "無",
        "201107": "43.09",
        "201108": "33.31",
        "201109": "30.52",
        "201110": "29.50",
        "201111": "29.38",
        "201112": "26.27",
        "201201": "25.21",
        "201202": "26.35",
        "201203": "30.20",
        "201204": "32.20",
        "201205": "32.61",
        "201206": "32.04",
        "201207": "29.49",
        "201208": "31.04",
        "201209": "30.54",
        "201210": "29.61",
        "201211": "30.84",
        "201212": "36.38",
        "201301": "46.15",
        "201302": "51.60",
        "201303": "51.43",
        "201304": "53.02",
        "201305": "52.68",
        "201306": "49.03",
        "201307": "51.18",
        "201308": "55.04",
        "201309": "54.06",
        "201310": "52.50",
        "201311": "55.14",
        "201312": "57.24",
        "201401": "68.82",
        "201402": "93.93",
        "201403": "98.29",
        "201404": "89.84",
        "201405": "93.51",
        "201406": "109.36",
        "201407": "136.68",
        "201408": "120.86",
        "201409": "122.62",
        "201410": "109.95",
        "201411": "101.26",
        "201412": "108.38",
        "201501": "110.92",
        "201502": "105.42",
        "201503": "100.78",
        "201504": "94.31",
        "201505": "86.66",
        "201506": "84.06",
        "201507": "84.69",
        "201508": "68.52",
        "201509": "65.34",
        "201510": "68.87",
        "201511": "71.02",
        "201512": "71.03",
        "201601": "60.07",
        "201602": "60.15",
        "201603": "62.95",
        "201604": "67.14",
        "201605": "62.89",
        "201606": "61.09",
        "201607": "61.34",
        "201608": "60.57",
        "201609": "60.15",
        "201610": "58.82",
        "201611": "56.69",
        "201612": "56.84",
        "201701": "58.16",
        "201702": "57.87",
        "201703": "57.56",
        "201704": "55.43",
        "201705": "53.94",
        "201706": "54.74",
        "201707": "53.99",
        "201708": "50.77",
        "201709": "49.26",
        "201710": "48.63",
        "201711": "46.81",
        "201712": "46.31",
        "201801": "45.38",
        "201802": "41.47",
        "201803": "41.29",
        "201804": "40.61",
        "201805": "38.65",
        "201806": "41.74",
        "201807": "39.56",
        "201808": "38.19",
        "201809": "35.04",
        "201810": "35.59",
        "201811": "34.45",
        "201812": "33.10",
        "201901": "31.91",
        "201902": "30.52",
        "201903": "30.03",
        "201904": "29.91",
        "201905": "27.70",
        "201906": "27.21",
        "201907": "27.21",
        "201908": "25.88",
        "201909": "27.82",
        "201910": "28.75",
        "201911": "32.67",
        "201912": "35.79",
        "202001": "34.29",
        "202002": "33.89",
        "202003": "30.23",
        "202004": "30.00",
        "202005": "30.52",
        "202006": "32.91",
        "202007": "31.02",
        "202008": "27.17",
        "202009": "26.37",
        "202010": "25.24",
        "202011": "25.34",
        "202012": "26.01",
        "202101": "25.33",
        "202102": "25.09",
        "202103": "25.17",
        "202104": "26.89",
        "202105": "28.57",
        "202106": "27.15",
        "202107": "26.45",
        "202108": "27.05",
        "202109": "26.53",
        "202110": "26.01",
        "202111": "27.57",
        "202112": "29.14",
        "202201": "26.86",
        "202202": "26.73",
        "202203": "25.68",
        "202204": "26.02",
        "202205": "24.84",
        "202206": "24.86",
        "202207": "24.30",
        "202208": "24.20",
        "202209": "25.60",
        "202210": "24.21",
        "202211": "25.29",
        "202212": "29.15",
        "202301": "26.96",
        "202302": "26.98",
        "202303": "28.31",
        "202304": "29.72",
        "202305": "34.74",
        "202306": "38.00",
        "202307": "38.85",
        "202308": "35.60",
        "202309": "31.70",
        "202310": "29.89"
    },
    "quarters": {
        "20011": {
            "year_quarter": 20011,
            "year": 2001,
            "quarter": 1,
            "eps": null,
            "eps_growth_year": null,
            "eps_4q": null,
            "eps_4q_growth_year": null,
            "roe": null,
            "roe_4q": 0,
            "gross_profit": null,
            "gross_margin": null,
            "gross_margin_4q_avg": 0,
            "net_income": null,
            "net_income_4q": null,
            "revenue": null,
            "revenue_4q": null,
            "common_shares": null,
            "book_valuer_per_share": null,
            "book_valuer_per_share_4q_avg": 0,
            "equity": null,
            "current_ratio": null,
            "debt_ratio": null,
            "inventory_turnover_ratio": null,
            "account_receivable_turnover_ratio": null,
            "reinvestment_rate": null,
            "research_to_sale_ratio": null,
            "price_fair": 0,
            "eps_avg_yearly": 0,
            "eps_latest_yearly": 0,
            "eps_growth_yearly": 0
        },
        "20012": {
            "year_quarter": 20012,
            "year": 2001,
            "quarter": 2,
            "eps": null,
            "eps_growth_year": null,
            "eps_4q": null,
            "eps_4q_growth_year": null,
            "roe": null,
            "roe_4q": 0,
            "gross_profit": null,
            "gross_margin": null,
            "gross_margin_4q_avg": 0,
            "net_income": null,
            "net_income_4q": null,
            "revenue": null,
            "revenue_4q": null,
            "common_shares": null,
            "book_valuer_per_share": null,
            "book_valuer_per_share_4q_avg": 0,
            "equity": null,
            "current_ratio": null,
            "debt_ratio": null,
            "inventory_turnover_ratio": null,
            "account_receivable_turnover_ratio": null,
            "reinvestment_rate": null,
            "research_to_sale_ratio": null,
            "price_fair": 0,
            "eps_avg_yearly": 0,
            "eps_latest_yearly": 0,
            "eps_growth_yearly": 0
        },
        "20013": {
            "year_quarter": 20013,
            "year": 2001,
            "quarter": 3,
            "eps": null,
            "eps_growth_year": null,
            "eps_4q": null,
            "eps_4q_growth_year": null,
            "roe": null,
            "roe_4q": 0,
            "gross_profit": null,
            "gross_margin": null,
            "gross_margin_4q_avg": 0,
            "net_income": null,
            "net_income_4q": null,
            "revenue": null,
            "revenue_4q": null,
            "common_shares": null,
            "book_valuer_per_share": null,
            "book_valuer_per_share_4q_avg": 0,
            "equity": null,
            "current_ratio": null,
            "debt_ratio": null,
            "inventory_turnover_ratio": null,
            "account_receivable_turnover_ratio": null,
            "reinvestment_rate": null,
            "research_to_sale_ratio": null,
            "price_fair": 0,
            "eps_avg_yearly": 0,
            "eps_latest_yearly": 0,
            "eps_growth_yearly": 0
        },
        "20014": {
            "year_quarter": 20014,
            "year": 2001,
            "quarter": 4,
            "eps": null,
            "eps_growth_year": null,
            "eps_4q": null,
            "eps_4q_growth_year": null,
            "roe": null,
            "roe_4q": 0,
            "gross_profit": null,
            "gross_margin": null,
            "gross_margin_4q_avg": 0,
            "net_income": null,
            "net_income_4q": null,
            "revenue": null,
            "revenue_4q": null,
            "common_shares": null,
            "book_valuer_per_share": null,
            "book_valuer_per_share_4q_avg": 0,
            "equity": null,
            "current_ratio": null,
            "debt_ratio": null,
            "inventory_turnover_ratio": null,
            "account_receivable_turnover_ratio": null,
            "reinvestment_rate": null,
            "research_to_sale_ratio": null,
            "price_fair": 0,
            "eps_avg_yearly": 0,
            "eps_latest_yearly": 0,
            "eps_growth_yearly": 0
        },
        "20021": {
            "year_quarter": 20021,
            "year": 2002,
            "quarter": 1,
            "eps": null,
            "eps_growth_year": null,
            "eps_4q": null,
            "eps_4q_growth_year": null,
            "roe": null,
            "roe_4q": 0,
            "gross_profit": null,
            "gross_margin": null,
            "gross_margin_4q_avg": 0,
            "net_income": null,
            "net_income_4q": null,
            "revenue": null,
            "revenue_4q": null,
            "common_shares": null,
            "book_valuer_per_share": null,
            "book_valuer_per_share_4q_avg": 0,
            "equity": null,
            "current_ratio": null,
            "debt_ratio": null,
            "inventory_turnover_ratio": null,
            "account_receivable_turnover_ratio": null,
            "reinvestment_rate": null,
            "research_to_sale_ratio": null,
            "price_fair": 0,
            "eps_avg_yearly": 0,
            "eps_latest_yearly": 0,
            "eps_growth_yearly": 0
        },
        "20022": {
            "year_quarter": 20022,
            "year": 2002,
            "quarter": 2,
            "eps": null,
            "eps_growth_year": null,
            "eps_4q": null,
            "eps_4q_growth_year": null,
            "roe": null,
            "roe_4q": 0,
            "gross_profit": null,
            "gross_margin": null,
            "gross_margin_4q_avg": 0,
            "net_income": null,
            "net_income_4q": null,
            "revenue": null,
            "revenue_4q": null,
            "common_shares": null,
            "book_valuer_per_share": null,
            "book_valuer_per_share_4q_avg": 0,
            "equity": null,
            "current_ratio": null,
            "debt_ratio": null,
            "inventory_turnover_ratio": null,
            "account_receivable_turnover_ratio": null,
            "reinvestment_rate": null,
            "research_to_sale_ratio": null,
            "price_fair": 0,
            "eps_avg_yearly": 0,
            "eps_latest_yearly": 0,
            "eps_growth_yearly": 0
        },
        "20023": {
            "year_quarter": 20023,
            "year": 2002,
            "quarter": 3,
            "eps": null,
            "eps_growth_year": null,
            "eps_4q": null,
            "eps_4q_growth_year": null,
            "roe": null,
            "roe_4q": 0,
            "gross_profit": null,
            "gross_margin": null,
            "gross_margin_4q_avg": 0,
            "net_income": null,
            "net_income_4q": null,
            "revenue": null,
            "revenue_4q": null,
            "common_shares": null,
            "book_valuer_per_share": null,
            "book_valuer_per_share_4q_avg": 0,
            "equity": null,
            "current_ratio": null,
            "debt_ratio": null,
            "inventory_turnover_ratio": null,
            "account_receivable_turnover_ratio": null,
            "reinvestment_rate": null,
            "research_to_sale_ratio": null,
            "price_fair": 0,
            "eps_avg_yearly": 0,
            "eps_latest_yearly": 0,
            "eps_growth_yearly": 0
        },
        "20024": {
            "year_quarter": 20024,
            "year": 2002,
            "quarter": 4,
            "eps": null,
            "eps_growth_year": null,
            "eps_4q": null,
            "eps_4q_growth_year": null,
            "roe": null,
            "roe_4q": 0,
            "gross_profit": null,
            "gross_margin": null,
            "gross_margin_4q_avg": 0,
            "net_income": null,
            "net_income_4q": null,
            "revenue": null,
            "revenue_4q": null,
            "common_shares": null,
            "book_valuer_per_share": null,
            "book_valuer_per_share_4q_avg": 0,
            "equity": null,
            "current_ratio": null,
            "debt_ratio": null,
            "inventory_turnover_ratio": null,
            "account_receivable_turnover_ratio": null,
            "reinvestment_rate": null,
            "research_to_sale_ratio": null,
            "price_fair": 0,
            "eps_avg_yearly": 0,
            "eps_latest_yearly": 0,
            "eps_growth_yearly": 0
        },
        "20031": {
            "year_quarter": 20031,
            "year": 2003,
            "quarter": 1,
            "eps": null,
            "eps_growth_year": null,
            "eps_4q": null,
            "eps_4q_growth_year": null,
            "roe": null,
            "roe_4q": 0,
            "gross_profit": null,
            "gross_margin": null,
            "gross_margin_4q_avg": 0,
            "net_income": null,
            "net_income_4q": null,
            "revenue": null,
            "revenue_4q": null,
            "common_shares": null,
            "book_valuer_per_share": null,
            "book_valuer_per_share_4q_avg": 0,
            "equity": null,
            "current_ratio": null,
            "debt_ratio": null,
            "inventory_turnover_ratio": null,
            "account_receivable_turnover_ratio": null,
            "reinvestment_rate": null,
            "research_to_sale_ratio": null,
            "price_fair": 0,
            "eps_avg_yearly": 0,
            "eps_latest_yearly": 0,
            "eps_growth_yearly": 0
        },
        "20032": {
            "year_quarter": 20032,
            "year": 2003,
            "quarter": 2,
            "eps": null,
            "eps_growth_year": null,
            "eps_4q": null,
            "eps_4q_growth_year": null,
            "roe": null,
            "roe_4q": 0,
            "gross_profit": null,
            "gross_margin": null,
            "gross_margin_4q_avg": 0,
            "net_income": null,
            "net_income_4q": null,
            "revenue": null,
            "revenue_4q": null,
            "common_shares": null,
            "book_valuer_per_share": null,
            "book_valuer_per_share_4q_avg": 0,
            "equity": null,
            "current_ratio": null,
            "debt_ratio": null,
            "inventory_turnover_ratio": null,
            "account_receivable_turnover_ratio": null,
            "reinvestment_rate": null,
            "research_to_sale_ratio": null,
            "price_fair": 0,
            "eps_avg_yearly": 0,
            "eps_latest_yearly": 0,
            "eps_growth_yearly": 0
        },
        "20033": {
            "year_quarter": 20033,
            "year": 2003,
            "quarter": 3,
            "eps": null,
            "eps_growth_year": null,
            "eps_4q": null,
            "eps_4q_growth_year": null,
            "roe": null,
            "roe_4q": 0,
            "gross_profit": null,
            "gross_margin": null,
            "gross_margin_4q_avg": 0,
            "net_income": null,
            "net_income_4q": null,
            "revenue": null,
            "revenue_4q": null,
            "common_shares": null,
            "book_valuer_per_share": null,
            "book_valuer_per_share_4q_avg": 0,
            "equity": null,
            "current_ratio": null,
            "debt_ratio": null,
            "inventory_turnover_ratio": null,
            "account_receivable_turnover_ratio": null,
            "reinvestment_rate": null,
            "research_to_sale_ratio": null,
            "price_fair": 0,
            "eps_avg_yearly": 0,
            "eps_latest_yearly": 0,
            "eps_growth_yearly": 0
        },
        "20034": {
            "year_quarter": 20034,
            "year": 2003,
            "quarter": 4,
            "eps": null,
            "eps_growth_year": null,
            "eps_4q": null,
            "eps_4q_growth_year": null,
            "roe": null,
            "roe_4q": 0,
            "gross_profit": null,
            "gross_margin": null,
            "gross_margin_4q_avg": 0,
            "net_income": null,
            "net_income_4q": null,
            "revenue": null,
            "revenue_4q": null,
            "common_shares": null,
            "book_valuer_per_share": null,
            "book_valuer_per_share_4q_avg": 0,
            "equity": null,
            "current_ratio": null,
            "debt_ratio": null,
            "inventory_turnover_ratio": null,
            "account_receivable_turnover_ratio": null,
            "reinvestment_rate": null,
            "research_to_sale_ratio": null,
            "price_fair": 0,
            "eps_avg_yearly": 0,
            "eps_latest_yearly": 0,
            "eps_growth_yearly": 0
        },
        "20041": {
            "year_quarter": 20041,
            "year": 2004,
            "quarter": 1,
            "eps": null,
            "eps_growth_year": null,
            "eps_4q": null,
            "eps_4q_growth_year": null,
            "roe": null,
            "roe_4q": 0,
            "gross_profit": null,
            "gross_margin": null,
            "gross_margin_4q_avg": 0,
            "net_income": null,
            "net_income_4q": null,
            "revenue": null,
            "revenue_4q": null,
            "common_shares": null,
            "book_valuer_per_share": null,
            "book_valuer_per_share_4q_avg": 0,
            "equity": null,
            "current_ratio": null,
            "debt_ratio": null,
            "inventory_turnover_ratio": null,
            "account_receivable_turnover_ratio": null,
            "reinvestment_rate": null,
            "research_to_sale_ratio": null,
            "price_fair": 0,
            "eps_avg_yearly": 0,
            "eps_latest_yearly": 0,
            "eps_growth_yearly": 0
        },
        "20042": {
            "year_quarter": 20042,
            "year": 2004,
            "quarter": 2,
            "eps": null,
            "eps_growth_year": null,
            "eps_4q": null,
            "eps_4q_growth_year": null,
            "roe": null,
            "roe_4q": 0,
            "gross_profit": null,
            "gross_margin": null,
            "gross_margin_4q_avg": 0,
            "net_income": null,
            "net_income_4q": null,
            "revenue": null,
            "revenue_4q": null,
            "common_shares": null,
            "book_valuer_per_share": null,
            "book_valuer_per_share_4q_avg": 0,
            "equity": null,
            "current_ratio": null,
            "debt_ratio": null,
            "inventory_turnover_ratio": null,
            "account_receivable_turnover_ratio": null,
            "reinvestment_rate": null,
            "research_to_sale_ratio": null,
            "price_fair": 0,
            "eps_avg_yearly": 0,
            "eps_latest_yearly": 0,
            "eps_growth_yearly": 0
        },
        "20043": {
            "year_quarter": 20043,
            "year": 2004,
            "quarter": 3,
            "eps": null,
            "eps_growth_year": null,
            "eps_4q": null,
            "eps_4q_growth_year": null,
            "roe": null,
            "roe_4q": 0,
            "gross_profit": null,
            "gross_margin": null,
            "gross_margin_4q_avg": 0,
            "net_income": null,
            "net_income_4q": null,
            "revenue": null,
            "revenue_4q": null,
            "common_shares": null,
            "book_valuer_per_share": null,
            "book_valuer_per_share_4q_avg": 0,
            "equity": null,
            "current_ratio": null,
            "debt_ratio": null,
            "inventory_turnover_ratio": null,
            "account_receivable_turnover_ratio": null,
            "reinvestment_rate": null,
            "research_to_sale_ratio": null,
            "price_fair": 0,
            "eps_avg_yearly": 0,
            "eps_latest_yearly": 0,
            "eps_growth_yearly": 0
        },
        "20044": {
            "year_quarter": 20044,
            "year": 2004,
            "quarter": 4,
            "eps": null,
            "eps_growth_year": null,
            "eps_4q": null,
            "eps_4q_growth_year": null,
            "roe": null,
            "roe_4q": 0,
            "gross_profit": null,
            "gross_margin": null,
            "gross_margin_4q_avg": 0,
            "net_income": null,
            "net_income_4q": null,
            "revenue": null,
            "revenue_4q": null,
            "common_shares": null,
            "book_valuer_per_share": null,
            "book_valuer_per_share_4q_avg": 0,
            "equity": null,
            "current_ratio": null,
            "debt_ratio": null,
            "inventory_turnover_ratio": null,
            "account_receivable_turnover_ratio": null,
            "reinvestment_rate": null,
            "research_to_sale_ratio": null,
            "price_fair": 0,
            "eps_avg_yearly": 0,
            "eps_latest_yearly": 0,
            "eps_growth_yearly": 0
        },
        "20051": {
            "year_quarter": 20051,
            "year": 2005,
            "quarter": 1,
            "eps": null,
            "eps_growth_year": null,
            "eps_4q": null,
            "eps_4q_growth_year": null,
            "roe": null,
            "roe_4q": 0,
            "gross_profit": null,
            "gross_margin": null,
            "gross_margin_4q_avg": 0,
            "net_income": null,
            "net_income_4q": null,
            "revenue": null,
            "revenue_4q": null,
            "common_shares": null,
            "book_valuer_per_share": null,
            "book_valuer_per_share_4q_avg": 0,
            "equity": null,
            "current_ratio": null,
            "debt_ratio": null,
            "inventory_turnover_ratio": null,
            "account_receivable_turnover_ratio": null,
            "reinvestment_rate": null,
            "research_to_sale_ratio": null,
            "price_fair": 0,
            "eps_avg_yearly": 0,
            "eps_latest_yearly": 0,
            "eps_growth_yearly": 0
        },
        "20052": {
            "year_quarter": 20052,
            "year": 2005,
            "quarter": 2,
            "eps": null,
            "eps_growth_year": null,
            "eps_4q": null,
            "eps_4q_growth_year": null,
            "roe": null,
            "roe_4q": 0,
            "gross_profit": null,
            "gross_margin": null,
            "gross_margin_4q_avg": 0,
            "net_income": null,
            "net_income_4q": null,
            "revenue": null,
            "revenue_4q": null,
            "common_shares": null,
            "book_valuer_per_share": null,
            "book_valuer_per_share_4q_avg": 0,
            "equity": null,
            "current_ratio": null,
            "debt_ratio": null,
            "inventory_turnover_ratio": null,
            "account_receivable_turnover_ratio": null,
            "reinvestment_rate": null,
            "research_to_sale_ratio": null,
            "price_fair": 0,
            "eps_avg_yearly": 0,
            "eps_latest_yearly": 0,
            "eps_growth_yearly": 0
        },
        "20053": {
            "year_quarter": 20053,
            "year": 2005,
            "quarter": 3,
            "eps": null,
            "eps_growth_year": null,
            "eps_4q": null,
            "eps_4q_growth_year": null,
            "roe": null,
            "roe_4q": 0,
            "gross_profit": null,
            "gross_margin": null,
            "gross_margin_4q_avg": 0,
            "net_income": null,
            "net_income_4q": null,
            "revenue": null,
            "revenue_4q": null,
            "common_shares": null,
            "book_valuer_per_share": null,
            "book_valuer_per_share_4q_avg": 0,
            "equity": null,
            "current_ratio": null,
            "debt_ratio": null,
            "inventory_turnover_ratio": null,
            "account_receivable_turnover_ratio": null,
            "reinvestment_rate": null,
            "research_to_sale_ratio": null,
            "price_fair": 0,
            "eps_avg_yearly": 0,
            "eps_latest_yearly": 0,
            "eps_growth_yearly": 0
        },
        "20054": {
            "year_quarter": 20054,
            "year": 2005,
            "quarter": 4,
            "eps": null,
            "eps_growth_year": null,
            "eps_4q": null,
            "eps_4q_growth_year": null,
            "roe": null,
            "roe_4q": 0,
            "gross_profit": null,
            "gross_margin": null,
            "gross_margin_4q_avg": 0,
            "net_income": null,
            "net_income_4q": null,
            "revenue": null,
            "revenue_4q": null,
            "common_shares": null,
            "book_valuer_per_share": null,
            "book_valuer_per_share_4q_avg": 0,
            "equity": null,
            "current_ratio": null,
            "debt_ratio": null,
            "inventory_turnover_ratio": null,
            "account_receivable_turnover_ratio": null,
            "reinvestment_rate": null,
            "research_to_sale_ratio": null,
            "price_fair": 0,
            "eps_avg_yearly": 0,
            "eps_latest_yearly": 0,
            "eps_growth_yearly": 0
        },
        "20061": {
            "year_quarter": 20061,
            "year": 2006,
            "quarter": 1,
            "eps": null,
            "eps_growth_year": null,
            "eps_4q": null,
            "eps_4q_growth_year": null,
            "roe": null,
            "roe_4q": 0,
            "gross_profit": null,
            "gross_margin": null,
            "gross_margin_4q_avg": 0,
            "net_income": null,
            "net_income_4q": null,
            "revenue": null,
            "revenue_4q": null,
            "common_shares": null,
            "book_valuer_per_share": null,
            "book_valuer_per_share_4q_avg": 0,
            "equity": null,
            "current_ratio": null,
            "debt_ratio": null,
            "inventory_turnover_ratio": null,
            "account_receivable_turnover_ratio": null,
            "reinvestment_rate": null,
            "research_to_sale_ratio": null,
            "price_fair": 0,
            "eps_avg_yearly": 0,
            "eps_latest_yearly": 0,
            "eps_growth_yearly": 0
        },
        "20062": {
            "year_quarter": 20062,
            "year": 2006,
            "quarter": 2,
            "eps": null,
            "eps_growth_year": null,
            "eps_4q": null,
            "eps_4q_growth_year": null,
            "roe": null,
            "roe_4q": 0,
            "gross_profit": null,
            "gross_margin": null,
            "gross_margin_4q_avg": 0,
            "net_income": null,
            "net_income_4q": null,
            "revenue": null,
            "revenue_4q": null,
            "common_shares": null,
            "book_valuer_per_share": null,
            "book_valuer_per_share_4q_avg": 0,
            "equity": null,
            "current_ratio": null,
            "debt_ratio": null,
            "inventory_turnover_ratio": null,
            "account_receivable_turnover_ratio": null,
            "reinvestment_rate": null,
            "research_to_sale_ratio": null,
            "price_fair": 0,
            "eps_avg_yearly": 0,
            "eps_latest_yearly": 0,
            "eps_growth_yearly": 0
        },
        "20063": {
            "year_quarter": 20063,
            "year": 2006,
            "quarter": 3,
            "eps": null,
            "eps_growth_year": null,
            "eps_4q": null,
            "eps_4q_growth_year": null,
            "roe": null,
            "roe_4q": 0,
            "gross_profit": null,
            "gross_margin": null,
            "gross_margin_4q_avg": 0,
            "net_income": null,
            "net_income_4q": null,
            "revenue": null,
            "revenue_4q": null,
            "common_shares": null,
            "book_valuer_per_share": null,
            "book_valuer_per_share_4q_avg": 0,
            "equity": null,
            "current_ratio": null,
            "debt_ratio": null,
            "inventory_turnover_ratio": null,
            "account_receivable_turnover_ratio": null,
            "reinvestment_rate": null,
            "research_to_sale_ratio": null,
            "price_fair": 0,
            "eps_avg_yearly": 0,
            "eps_latest_yearly": 0,
            "eps_growth_yearly": 0
        },
        "20064": {
            "year_quarter": 20064,
            "year": 2006,
            "quarter": 4,
            "eps": null,
            "eps_growth_year": null,
            "eps_4q": null,
            "eps_4q_growth_year": null,
            "roe": null,
            "roe_4q": 0,
            "gross_profit": null,
            "gross_margin": null,
            "gross_margin_4q_avg": 0,
            "net_income": null,
            "net_income_4q": null,
            "revenue": null,
            "revenue_4q": null,
            "common_shares": 366000,
            "book_valuer_per_share": 4.75,
            "book_valuer_per_share_4q_avg": 1.19,
            "equity": 173968,
            "current_ratio": 371.63,
            "debt_ratio": 10.4,
            "inventory_turnover_ratio": null,
            "account_receivable_turnover_ratio": null,
            "reinvestment_rate": null,
            "research_to_sale_ratio": null,
            "price_fair": 0,
            "eps_avg_yearly": 0,
            "eps_latest_yearly": 0,
            "eps_growth_yearly": 0
        },
        "20071": {
            "year_quarter": 20071,
            "year": 2007,
            "quarter": 1,
            "eps": null,
            "eps_growth_year": null,
            "eps_4q": null,
            "eps_4q_growth_year": null,
            "roe": null,
            "roe_4q": 0,
            "gross_profit": null,
            "gross_margin": null,
            "gross_margin_4q_avg": 0,
            "net_income": null,
            "net_income_4q": null,
            "revenue": null,
            "revenue_4q": null,
            "common_shares": null,
            "book_valuer_per_share": null,
            "book_valuer_per_share_4q_avg": 1.19,
            "equity": null,
            "current_ratio": null,
            "debt_ratio": null,
            "inventory_turnover_ratio": null,
            "account_receivable_turnover_ratio": null,
            "reinvestment_rate": null,
            "research_to_sale_ratio": null,
            "price_fair": 0,
            "eps_avg_yearly": 0,
            "eps_latest_yearly": 0,
            "eps_growth_yearly": 0
        },
        "20072": {
            "year_quarter": 20072,
            "year": 2007,
            "quarter": 2,
            "eps": null,
            "eps_growth_year": null,
            "eps_4q": null,
            "eps_4q_growth_year": null,
            "roe": null,
            "roe_4q": 0,
            "gross_profit": null,
            "gross_margin": null,
            "gross_margin_4q_avg": 0,
            "net_income": null,
            "net_income_4q": null,
            "revenue": null,
            "revenue_4q": null,
            "common_shares": null,
            "book_valuer_per_share": null,
            "book_valuer_per_share_4q_avg": 1.19,
            "equity": null,
            "current_ratio": null,
            "debt_ratio": null,
            "inventory_turnover_ratio": null,
            "account_receivable_turnover_ratio": null,
            "reinvestment_rate": null,
            "research_to_sale_ratio": null,
            "price_fair": 0,
            "eps_avg_yearly": 0,
            "eps_latest_yearly": 0,
            "eps_growth_yearly": 0
        },
        "20073": {
            "year_quarter": 20073,
            "year": 2007,
            "quarter": 3,
            "eps": null,
            "eps_growth_year": null,
            "eps_4q": null,
            "eps_4q_growth_year": null,
            "roe": null,
            "roe_4q": 0,
            "gross_profit": null,
            "gross_margin": null,
            "gross_margin_4q_avg": 0,
            "net_income": null,
            "net_income_4q": null,
            "revenue": null,
            "revenue_4q": null,
            "common_shares": null,
            "book_valuer_per_share": null,
            "book_valuer_per_share_4q_avg": 1.19,
            "equity": null,
            "current_ratio": null,
            "debt_ratio": null,
            "inventory_turnover_ratio": null,
            "account_receivable_turnover_ratio": null,
            "reinvestment_rate": null,
            "research_to_sale_ratio": null,
            "price_fair": 0,
            "eps_avg_yearly": 0,
            "eps_latest_yearly": 0,
            "eps_growth_yearly": 0
        },
        "20074": {
            "year_quarter": 20074,
            "year": 2007,
            "quarter": 4,
            "eps": null,
            "eps_growth_year": null,
            "eps_4q": null,
            "eps_4q_growth_year": null,
            "roe": null,
            "roe_4q": 0,
            "gross_profit": null,
            "gross_margin": null,
            "gross_margin_4q_avg": 0,
            "net_income": null,
            "net_income_4q": null,
            "revenue": null,
            "revenue_4q": null,
            "common_shares": 366000,
            "book_valuer_per_share": 4.05,
            "book_valuer_per_share_4q_avg": 1.01,
            "equity": 148090,
            "current_ratio": 212.18,
            "debt_ratio": 18.14,
            "inventory_turnover_ratio": null,
            "account_receivable_turnover_ratio": null,
            "reinvestment_rate": null,
            "research_to_sale_ratio": null,
            "price_fair": 0,
            "eps_avg_yearly": 0,
            "eps_latest_yearly": 0,
            "eps_growth_yearly": 0
        },
        "20081": {
            "year_quarter": 20081,
            "year": 2008,
            "quarter": 1,
            "eps": null,
            "eps_growth_year": null,
            "eps_4q": null,
            "eps_4q_growth_year": null,
            "roe": null,
            "roe_4q": 0,
            "gross_profit": null,
            "gross_margin": null,
            "gross_margin_4q_avg": 0,
            "net_income": null,
            "net_income_4q": null,
            "revenue": null,
            "revenue_4q": null,
            "common_shares": null,
            "book_valuer_per_share": null,
            "book_valuer_per_share_4q_avg": 1.01,
            "equity": null,
            "current_ratio": null,
            "debt_ratio": null,
            "inventory_turnover_ratio": null,
            "account_receivable_turnover_ratio": null,
            "reinvestment_rate": null,
            "research_to_sale_ratio": null,
            "price_fair": 0,
            "eps_avg_yearly": 0,
            "eps_latest_yearly": 0,
            "eps_growth_yearly": 0
        },
        "20082": {
            "year_quarter": 20082,
            "year": 2008,
            "quarter": 2,
            "eps": null,
            "eps_growth_year": null,
            "eps_4q": null,
            "eps_4q_growth_year": null,
            "roe": null,
            "roe_4q": 0,
            "gross_profit": null,
            "gross_margin": null,
            "gross_margin_4q_avg": 0,
            "net_income": null,
            "net_income_4q": null,
            "revenue": null,
            "revenue_4q": null,
            "common_shares": null,
            "book_valuer_per_share": null,
            "book_valuer_per_share_4q_avg": 1.01,
            "equity": null,
            "current_ratio": null,
            "debt_ratio": null,
            "inventory_turnover_ratio": null,
            "account_receivable_turnover_ratio": null,
            "reinvestment_rate": null,
            "research_to_sale_ratio": null,
            "price_fair": 0,
            "eps_avg_yearly": 0,
            "eps_latest_yearly": 0,
            "eps_growth_yearly": 0
        },
        "20083": {
            "year_quarter": 20083,
            "year": 2008,
            "quarter": 3,
            "eps": null,
            "eps_growth_year": null,
            "eps_4q": null,
            "eps_4q_growth_year": null,
            "roe": null,
            "roe_4q": 0,
            "gross_profit": null,
            "gross_margin": null,
            "gross_margin_4q_avg": 0,
            "net_income": null,
            "net_income_4q": null,
            "revenue": null,
            "revenue_4q": null,
            "common_shares": null,
            "book_valuer_per_share": null,
            "book_valuer_per_share_4q_avg": 1.01,
            "equity": null,
            "current_ratio": null,
            "debt_ratio": null,
            "inventory_turnover_ratio": null,
            "account_receivable_turnover_ratio": null,
            "reinvestment_rate": null,
            "research_to_sale_ratio": null,
            "price_fair": 0,
            "eps_avg_yearly": 0,
            "eps_latest_yearly": 0,
            "eps_growth_yearly": 0
        },
        "20084": {
            "year_quarter": 20084,
            "year": 2008,
            "quarter": 4,
            "eps": null,
            "eps_growth_year": null,
            "eps_4q": null,
            "eps_4q_growth_year": null,
            "roe": null,
            "roe_4q": 0,
            "gross_profit": null,
            "gross_margin": null,
            "gross_margin_4q_avg": 0,
            "net_income": null,
            "net_income_4q": null,
            "revenue": null,
            "revenue_4q": null,
            "common_shares": 235000,
            "book_valuer_per_share": 5.28,
            "book_valuer_per_share_4q_avg": 1.32,
            "equity": 124023,
            "current_ratio": 122.98,
            "debt_ratio": 51.84,
            "inventory_turnover_ratio": null,
            "account_receivable_turnover_ratio": null,
            "reinvestment_rate": null,
            "research_to_sale_ratio": null,
            "price_fair": 0,
            "eps_avg_yearly": 0,
            "eps_latest_yearly": 0,
            "eps_growth_yearly": 0
        },
        "20091": {
            "year_quarter": 20091,
            "year": 2009,
            "quarter": 1,
            "eps": null,
            "eps_growth_year": null,
            "eps_4q": null,
            "eps_4q_growth_year": null,
            "roe": null,
            "roe_4q": 0,
            "gross_profit": null,
            "gross_margin": null,
            "gross_margin_4q_avg": 0,
            "net_income": null,
            "net_income_4q": null,
            "revenue": null,
            "revenue_4q": null,
            "common_shares": null,
            "book_valuer_per_share": null,
            "book_valuer_per_share_4q_avg": 1.32,
            "equity": null,
            "current_ratio": null,
            "debt_ratio": null,
            "inventory_turnover_ratio": null,
            "account_receivable_turnover_ratio": null,
            "reinvestment_rate": null,
            "research_to_sale_ratio": null,
            "price_fair": 0,
            "eps_avg_yearly": 0,
            "eps_latest_yearly": 0,
            "eps_growth_yearly": 0
        },
        "20092": {
            "year_quarter": 20092,
            "year": 2009,
            "quarter": 2,
            "eps": null,
            "eps_growth_year": null,
            "eps_4q": null,
            "eps_4q_growth_year": null,
            "roe": null,
            "roe_4q": 0,
            "gross_profit": null,
            "gross_margin": null,
            "gross_margin_4q_avg": 0,
            "net_income": null,
            "net_income_4q": null,
            "revenue": null,
            "revenue_4q": null,
            "common_shares": null,
            "book_valuer_per_share": null,
            "book_valuer_per_share_4q_avg": 1.32,
            "equity": null,
            "current_ratio": null,
            "debt_ratio": null,
            "inventory_turnover_ratio": null,
            "account_receivable_turnover_ratio": null,
            "reinvestment_rate": null,
            "research_to_sale_ratio": null,
            "price_fair": 0,
            "eps_avg_yearly": 0,
            "eps_latest_yearly": 0,
            "eps_growth_yearly": 0
        },
        "20093": {
            "year_quarter": 20093,
            "year": 2009,
            "quarter": 3,
            "eps": null,
            "eps_growth_year": null,
            "eps_4q": null,
            "eps_4q_growth_year": null,
            "roe": null,
            "roe_4q": 0,
            "gross_profit": null,
            "gross_margin": null,
            "gross_margin_4q_avg": 0,
            "net_income": null,
            "net_income_4q": null,
            "revenue": null,
            "revenue_4q": null,
            "common_shares": null,
            "book_valuer_per_share": null,
            "book_valuer_per_share_4q_avg": 1.32,
            "equity": null,
            "current_ratio": null,
            "debt_ratio": null,
            "inventory_turnover_ratio": null,
            "account_receivable_turnover_ratio": null,
            "reinvestment_rate": null,
            "research_to_sale_ratio": null,
            "price_fair": 0,
            "eps_avg_yearly": 0,
            "eps_latest_yearly": 0,
            "eps_growth_yearly": 0
        },
        "20094": {
            "year_quarter": 20094,
            "year": 2009,
            "quarter": 4,
            "eps": null,
            "eps_growth_year": null,
            "eps_4q": null,
            "eps_4q_growth_year": null,
            "roe": null,
            "roe_4q": 0,
            "gross_profit": null,
            "gross_margin": null,
            "gross_margin_4q_avg": 0,
            "net_income": null,
            "net_income_4q": null,
            "revenue": null,
            "revenue_4q": null,
            "common_shares": 260000,
            "book_valuer_per_share": 6.93,
            "book_valuer_per_share_4q_avg": 1.73,
            "equity": 182207,
            "current_ratio": 187.29,
            "debt_ratio": 42.87,
            "inventory_turnover_ratio": null,
            "account_receivable_turnover_ratio": null,
            "reinvestment_rate": null,
            "research_to_sale_ratio": null,
            "price_fair": 0,
            "eps_avg_yearly": 0,
            "eps_latest_yearly": 0,
            "eps_growth_yearly": 0
        },
        "20101": {
            "year_quarter": 20101,
            "year": 2010,
            "quarter": 1,
            "eps": null,
            "eps_growth_year": null,
            "eps_4q": null,
            "eps_4q_growth_year": null,
            "roe": null,
            "roe_4q": 0,
            "gross_profit": null,
            "gross_margin": null,
            "gross_margin_4q_avg": 0,
            "net_income": null,
            "net_income_4q": null,
            "revenue": null,
            "revenue_4q": null,
            "common_shares": null,
            "book_valuer_per_share": null,
            "book_valuer_per_share_4q_avg": 1.73,
            "equity": null,
            "current_ratio": null,
            "debt_ratio": null,
            "inventory_turnover_ratio": null,
            "account_receivable_turnover_ratio": null,
            "reinvestment_rate": null,
            "research_to_sale_ratio": null,
            "price_fair": 0,
            "eps_avg_yearly": 0,
            "eps_latest_yearly": 0,
            "eps_growth_yearly": 0
        },
        "20102": {
            "year_quarter": 20102,
            "year": 2010,
            "quarter": 2,
            "eps": null,
            "eps_growth_year": null,
            "eps_4q": null,
            "eps_4q_growth_year": null,
            "roe": null,
            "roe_4q": 0,
            "gross_profit": null,
            "gross_margin": null,
            "gross_margin_4q_avg": 0,
            "net_income": null,
            "net_income_4q": null,
            "revenue": null,
            "revenue_4q": null,
            "common_shares": 0,
            "book_valuer_per_share": null,
            "book_valuer_per_share_4q_avg": 1.73,
            "equity": 0,
            "current_ratio": null,
            "debt_ratio": null,
            "inventory_turnover_ratio": null,
            "account_receivable_turnover_ratio": null,
            "reinvestment_rate": null,
            "research_to_sale_ratio": null,
            "price_fair": 0,
            "eps_avg_yearly": 0,
            "eps_latest_yearly": 0,
            "eps_growth_yearly": 0
        },
        "20103": {
            "year_quarter": 20103,
            "year": 2010,
            "quarter": 3,
            "eps": null,
            "eps_growth_year": null,
            "eps_4q": null,
            "eps_4q_growth_year": null,
            "roe": null,
            "roe_4q": 0,
            "gross_profit": null,
            "gross_margin": null,
            "gross_margin_4q_avg": 0,
            "net_income": null,
            "net_income_4q": null,
            "revenue": null,
            "revenue_4q": null,
            "common_shares": null,
            "book_valuer_per_share": null,
            "book_valuer_per_share_4q_avg": 1.73,
            "equity": null,
            "current_ratio": null,
            "debt_ratio": null,
            "inventory_turnover_ratio": null,
            "account_receivable_turnover_ratio": null,
            "reinvestment_rate": null,
            "research_to_sale_ratio": null,
            "price_fair": 0,
            "eps_avg_yearly": 0,
            "eps_latest_yearly": 0,
            "eps_growth_yearly": 0
        },
        "20104": {
            "year_quarter": 20104,
            "year": 2010,
            "quarter": 4,
            "eps": null,
            "eps_growth_year": null,
            "eps_4q": null,
            "eps_4q_growth_year": null,
            "roe": null,
            "roe_4q": 0,
            "gross_profit": null,
            "gross_margin": null,
            "gross_margin_4q_avg": 0,
            "net_income": null,
            "net_income_4q": null,
            "revenue": null,
            "revenue_4q": null,
            "common_shares": 315000,
            "book_valuer_per_share": 10.64,
            "book_valuer_per_share_4q_avg": 2.66,
            "equity": 342215,
            "current_ratio": 317.81,
            "debt_ratio": 29.58,
            "inventory_turnover_ratio": null,
            "account_receivable_turnover_ratio": null,
            "reinvestment_rate": null,
            "research_to_sale_ratio": null,
            "price_fair": 0,
            "eps_avg_yearly": 0,
            "eps_latest_yearly": 0,
            "eps_growth_yearly": 0
        },
        "20111": {
            "year_quarter": 20111,
            "year": 2011,
            "quarter": 1,
            "eps": null,
            "eps_growth_year": null,
            "eps_4q": null,
            "eps_4q_growth_year": null,
            "roe": null,
            "roe_4q": 0,
            "gross_profit": null,
            "gross_margin": null,
            "gross_margin_4q_avg": 0,
            "net_income": null,
            "net_income_4q": null,
            "revenue": null,
            "revenue_4q": null,
            "common_shares": null,
            "book_valuer_per_share": null,
            "book_valuer_per_share_4q_avg": 2.66,
            "equity": null,
            "current_ratio": null,
            "debt_ratio": null,
            "inventory_turnover_ratio": null,
            "account_receivable_turnover_ratio": null,
            "reinvestment_rate": null,
            "research_to_sale_ratio": null,
            "price_fair": 0,
            "eps_avg_yearly": 0,
            "eps_latest_yearly": 0,
            "eps_growth_yearly": 0
        },
        "20112": {
            "year_quarter": 20112,
            "year": 2011,
            "quarter": 2,
            "eps": null,
            "eps_growth_year": null,
            "eps_4q": null,
            "eps_4q_growth_year": null,
            "roe": null,
            "roe_4q": 0,
            "gross_profit": null,
            "gross_margin": null,
            "gross_margin_4q_avg": 0,
            "net_income": null,
            "net_income_4q": null,
            "revenue": null,
            "revenue_4q": null,
            "common_shares": 332442,
            "book_valuer_per_share": 10.66,
            "book_valuer_per_share_4q_avg": 5.33,
            "equity": 377247,
            "current_ratio": 330.44,
            "debt_ratio": 27,
            "inventory_turnover_ratio": null,
            "account_receivable_turnover_ratio": null,
            "reinvestment_rate": null,
            "research_to_sale_ratio": null,
            "price_fair": 0,
            "eps_avg_yearly": 0,
            "eps_latest_yearly": 0,
            "eps_growth_yearly": 0
        },
        "20113": {
            "year_quarter": 20113,
            "year": 2011,
            "quarter": 3,
            "eps": null,
            "eps_growth_year": null,
            "eps_4q": null,
            "eps_4q_growth_year": null,
            "roe": null,
            "roe_4q": 0,
            "gross_profit": 22511,
            "gross_margin": null,
            "gross_margin_4q_avg": 0,
            "net_income": -10956,
            "net_income_4q": null,
            "revenue": 73130,
            "revenue_4q": null,
            "common_shares": 332442,
            "book_valuer_per_share": 10.34,
            "book_valuer_per_share_4q_avg": 7.91,
            "equity": 343589,
            "current_ratio": 193.05,
            "debt_ratio": 34.23,
            "inventory_turnover_ratio": null,
            "account_receivable_turnover_ratio": null,
            "reinvestment_rate": null,
            "research_to_sale_ratio": null,
            "price_fair": 0,
            "eps_avg_yearly": 0,
            "eps_latest_yearly": 0,
            "eps_growth_yearly": 0
        },
        "20114": {
            "year_quarter": 20114,
            "year": 2011,
            "quarter": 4,
            "eps": null,
            "eps_growth_year": null,
            "eps_4q": null,
            "eps_4q_growth_year": null,
            "roe": null,
            "roe_4q": 0,
            "gross_profit": 92032,
            "gross_margin": null,
            "gross_margin_4q_avg": 0,
            "net_income": 3317,
            "net_income_4q": null,
            "revenue": 297417,
            "revenue_4q": null,
            "common_shares": 332442,
            "book_valuer_per_share": 10.33,
            "book_valuer_per_share_4q_avg": 7.83,
            "equity": 364799,
            "current_ratio": 205.1,
            "debt_ratio": 35.1,
            "inventory_turnover_ratio": null,
            "account_receivable_turnover_ratio": null,
            "reinvestment_rate": null,
            "research_to_sale_ratio": null,
            "price_fair": 0,
            "eps_avg_yearly": 0,
            "eps_latest_yearly": 0,
            "eps_growth_yearly": 0
        },
        "20121": {
            "year_quarter": 20121,
            "year": 2012,
            "quarter": 1,
            "eps": null,
            "eps_growth_year": null,
            "eps_4q": null,
            "eps_4q_growth_year": null,
            "roe": null,
            "roe_4q": 0,
            "gross_profit": 17562,
            "gross_margin": null,
            "gross_margin_4q_avg": 0,
            "net_income": 6092,
            "net_income_4q": null,
            "revenue": 73481,
            "revenue_4q": null,
            "common_shares": 332442,
            "book_valuer_per_share": null,
            "book_valuer_per_share_4q_avg": 7.83,
            "equity": 369933,
            "current_ratio": null,
            "debt_ratio": null,
            "inventory_turnover_ratio": null,
            "account_receivable_turnover_ratio": null,
            "reinvestment_rate": null,
            "research_to_sale_ratio": null,
            "price_fair": 0,
            "eps_avg_yearly": 0,
            "eps_latest_yearly": 0,
            "eps_growth_yearly": 0
        },
        "20122": {
            "year_quarter": 20122,
            "year": 2012,
            "quarter": 2,
            "eps": null,
            "eps_growth_year": null,
            "eps_4q": null,
            "eps_4q_growth_year": null,
            "roe": null,
            "roe_4q": 0,
            "gross_profit": 26401,
            "gross_margin": null,
            "gross_margin_4q_avg": 0,
            "net_income": -28240,
            "net_income_4q": null,
            "revenue": 84302,
            "revenue_4q": null,
            "common_shares": 332442,
            "book_valuer_per_share": 9.7,
            "book_valuer_per_share_4q_avg": 7.59,
            "equity": 342812,
            "current_ratio": 291.89,
            "debt_ratio": 35.32,
            "inventory_turnover_ratio": null,
            "account_receivable_turnover_ratio": null,
            "reinvestment_rate": null,
            "research_to_sale_ratio": null,
            "price_fair": 0,
            "eps_avg_yearly": 0,
            "eps_latest_yearly": 0,
            "eps_growth_yearly": 0
        },
        "20123": {
            "year_quarter": 20123,
            "year": 2012,
            "quarter": 3,
            "eps": 0.32,
            "eps_growth_year": null,
            "eps_4q": 0.32,
            "eps_4q_growth_year": null,
            "roe": 3.04,
            "roe_4q": 3.04,
            "gross_profit": 25373,
            "gross_margin": 31.66,
            "gross_margin_4q_avg": 7.92,
            "net_income": 10584,
            "net_income_4q": null,
            "revenue": 80142,
            "revenue_4q": null,
            "common_shares": 337657,
            "book_valuer_per_share": 9.88,
            "book_valuer_per_share_4q_avg": 7.48,
            "equity": 353363,
            "current_ratio": 269.74,
            "debt_ratio": 36.65,
            "inventory_turnover_ratio": 0.58,
            "account_receivable_turnover_ratio": 1.35,
            "reinvestment_rate": null,
            "research_to_sale_ratio": 8.24,
            "price_fair": 0,
            "eps_avg_yearly": 0,
            "eps_latest_yearly": 0,
            "eps_growth_yearly": 0
        },
        "20124": {
            "year_quarter": 20124,
            "year": 2012,
            "quarter": 4,
            "eps": 0.47,
            "eps_growth_year": null,
            "eps_4q": 0.79,
            "eps_4q_growth_year": null,
            "roe": 6.16,
            "roe_4q": 9.2,
            "gross_profit": 25940,
            "gross_margin": 28.02,
            "gross_margin_4q_avg": 14.92,
            "net_income": 22467,
            "net_income_4q": null,
            "revenue": 92574,
            "revenue_4q": null,
            "common_shares": 337657,
            "book_valuer_per_share": 10.35,
            "book_valuer_per_share_4q_avg": 7.48,
            "equity": 375814,
            "current_ratio": 257.92,
            "debt_ratio": 37.75,
            "inventory_turnover_ratio": 0.64,
            "account_receivable_turnover_ratio": 1.66,
            "reinvestment_rate": null,
            "research_to_sale_ratio": 7.54,
            "price_fair": 65.8,
            "eps_avg_yearly": 1.88,
            "eps_latest_yearly": 1.88,
            "eps_growth_yearly": 187.5
        },
        "20131": {
            "year_quarter": 20131,
            "year": 2013,
            "quarter": 1,
            "eps": 0.1,
            "eps_growth_year": null,
            "eps_4q": 0.9,
            "eps_4q_growth_year": null,
            "roe": 0.66,
            "roe_4q": 9.86,
            "gross_profit": 21743,
            "gross_margin": 22.69,
            "gross_margin_4q_avg": 20.59,
            "net_income": 2473,
            "net_income_4q": null,
            "revenue": 95834,
            "revenue_4q": null,
            "common_shares": 337657,
            "book_valuer_per_share": 10.44,
            "book_valuer_per_share_4q_avg": 10.09,
            "equity": 377897,
            "current_ratio": 250.22,
            "debt_ratio": 37.88,
            "inventory_turnover_ratio": 0.69,
            "account_receivable_turnover_ratio": 1.42,
            "reinvestment_rate": null,
            "research_to_sale_ratio": 7.29,
            "price_fair": 3.42,
            "eps_avg_yearly": 1.14,
            "eps_latest_yearly": 0.4,
            "eps_growth_yearly": -63.7
        },
        "20132": {
            "year_quarter": 20132,
            "year": 2013,
            "quarter": 2,
            "eps": 0.53,
            "eps_growth_year": null,
            "eps_4q": 1.26,
            "eps_4q_growth_year": null,
            "roe": 3.2,
            "roe_4q": 13.059999999999999,
            "gross_profit": 34441,
            "gross_margin": 30.51,
            "gross_margin_4q_avg": 28.22,
            "net_income": 14914,
            "net_income_4q": null,
            "revenue": 112875,
            "revenue_4q": null,
            "common_shares": 382687,
            "book_valuer_per_share": 13.93,
            "book_valuer_per_share_4q_avg": 11.15,
            "equity": 555543,
            "current_ratio": 373.84,
            "debt_ratio": 18.15,
            "inventory_turnover_ratio": 0.68,
            "account_receivable_turnover_ratio": 1.5,
            "reinvestment_rate": null,
            "research_to_sale_ratio": 7.02,
            "price_fair": 51.33,
            "eps_avg_yearly": 1.47,
            "eps_latest_yearly": 2.12,
            "eps_growth_yearly": 530.87
        },
        "20133": {
            "year_quarter": 20133,
            "year": 2013,
            "quarter": 3,
            "eps": 0.52,
            "eps_growth_year": 60.61,
            "eps_4q": 1.49,
            "eps_4q_growth_year": 361.29,
            "roe": 3.96,
            "roe_4q": 13.98,
            "gross_profit": 33467,
            "gross_margin": 26.57,
            "gross_margin_4q_avg": 26.95,
            "net_income": 22450,
            "net_income_4q": null,
            "revenue": 125958,
            "revenue_4q": null,
            "common_shares": 382687,
            "book_valuer_per_share": 14.45,
            "book_valuer_per_share_4q_avg": 12.29,
            "equity": 577970,
            "current_ratio": 446.82,
            "debt_ratio": 15.08,
            "inventory_turnover_ratio": 0.79,
            "account_receivable_turnover_ratio": 1.42,
            "reinvestment_rate": null,
            "research_to_sale_ratio": 6.13,
            "price_fair": 56.7,
            "eps_avg_yearly": 1.62,
            "eps_latest_yearly": 2.08,
            "eps_growth_yearly": 396.26
        },
        "20134": {
            "year_quarter": 20134,
            "year": 2013,
            "quarter": 4,
            "eps": 0.99,
            "eps_growth_year": 110.72,
            "eps_4q": 2.07,
            "eps_4q_growth_year": 160.85,
            "roe": 5.8,
            "roe_4q": 13.620000000000001,
            "gross_profit": 40307,
            "gross_margin": 34.38,
            "gross_margin_4q_avg": 28.54,
            "net_income": 34526,
            "net_income_4q": null,
            "revenue": 117226,
            "revenue_4q": null,
            "common_shares": 382687,
            "book_valuer_per_share": 15.45,
            "book_valuer_per_share_4q_avg": 13.57,
            "equity": 612811,
            "current_ratio": 378.47,
            "debt_ratio": 17.76,
            "inventory_turnover_ratio": 0.67,
            "account_receivable_turnover_ratio": 1.09,
            "reinvestment_rate": null,
            "research_to_sale_ratio": 8.19,
            "price_fair": 73.08,
            "eps_avg_yearly": 2.09,
            "eps_latest_yearly": 3.96,
            "eps_growth_yearly": 389.32
        },
        "20141": {
            "year_quarter": 20141,
            "year": 2014,
            "quarter": 1,
            "eps": 0.45,
            "eps_growth_year": 350,
            "eps_4q": 2.41,
            "eps_4q_growth_year": 169.06,
            "roe": 2.55,
            "roe_4q": 15.509999999999998,
            "gross_profit": 32080,
            "gross_margin": 33.05,
            "gross_margin_4q_avg": 31.13,
            "net_income": 16216,
            "net_income_4q": null,
            "revenue": 97059,
            "revenue_4q": null,
            "common_shares": 386351,
            "book_valuer_per_share": 16.56,
            "book_valuer_per_share_4q_avg": 15.1,
            "equity": 660486,
            "current_ratio": 467.69,
            "debt_ratio": 35.03,
            "inventory_turnover_ratio": 0.52,
            "account_receivable_turnover_ratio": 0.94,
            "reinvestment_rate": null,
            "research_to_sale_ratio": 11.41,
            "price_fair": 71.4,
            "eps_avg_yearly": 2.04,
            "eps_latest_yearly": 1.8,
            "eps_growth_yearly": 288.07
        },
        "20142": {
            "year_quarter": 20142,
            "year": 2014,
            "quarter": 2,
            "eps": 0.01,
            "eps_growth_year": -98.11,
            "eps_4q": 1.69,
            "eps_4q_growth_year": 33.99,
            "roe": 0.07,
            "roe_4q": 12.379999999999999,
            "gross_profit": 16702,
            "gross_margin": 20.69,
            "gross_margin_4q_avg": 28.67,
            "net_income": 493,
            "net_income_4q": null,
            "revenue": 80715,
            "revenue_4q": null,
            "common_shares": 388748,
            "book_valuer_per_share": 16.85,
            "book_valuer_per_share_4q_avg": 15.83,
            "equity": 675796,
            "current_ratio": 480.01,
            "debt_ratio": 32.94,
            "inventory_turnover_ratio": 0.5,
            "account_receivable_turnover_ratio": 0.84,
            "reinvestment_rate": null,
            "research_to_sale_ratio": 11.28,
            "price_fair": 61.4,
            "eps_avg_yearly": 1.75,
            "eps_latest_yearly": 0.04,
            "eps_growth_yearly": 191.04
        },
        "20143": {
            "year_quarter": 20143,
            "year": 2014,
            "quarter": 3,
            "eps": 0.03,
            "eps_growth_year": -94.23,
            "eps_4q": 1.25,
            "eps_4q_growth_year": -16.53,
            "roe": -0.1,
            "roe_4q": 8.32,
            "gross_profit": 32534,
            "gross_margin": 29.99,
            "gross_margin_4q_avg": 29.53,
            "net_income": -699,
            "net_income_4q": null,
            "revenue": 108469,
            "revenue_4q": null,
            "common_shares": 455631,
            "book_valuer_per_share": 15.53,
            "book_valuer_per_share_4q_avg": 16.1,
            "equity": 726287,
            "current_ratio": 462.12,
            "debt_ratio": 27.46,
            "inventory_turnover_ratio": 0.64,
            "account_receivable_turnover_ratio": 0.98,
            "reinvestment_rate": null,
            "research_to_sale_ratio": 8.6,
            "price_fair": 54.25,
            "eps_avg_yearly": 1.55,
            "eps_latest_yearly": 0.12,
            "eps_growth_yearly": 267.16
        },
        "20144": {
            "year_quarter": 20144,
            "year": 2014,
            "quarter": 4,
            "eps": 0.23,
            "eps_growth_year": -76.93,
            "eps_4q": 0.63,
            "eps_4q_growth_year": -69.4,
            "roe": 1.3,
            "roe_4q": 3.82,
            "gross_profit": 34700,
            "gross_margin": 26.92,
            "gross_margin_4q_avg": 27.66,
            "net_income": 10015,
            "net_income_4q": null,
            "revenue": 128918,
            "revenue_4q": null,
            "common_shares": 455631,
            "book_valuer_per_share": 17.35,
            "book_valuer_per_share_4q_avg": 16.57,
            "equity": 808747,
            "current_ratio": 306.19,
            "debt_ratio": 27.39,
            "inventory_turnover_ratio": 0.85,
            "account_receivable_turnover_ratio": 0.89,
            "reinvestment_rate": null,
            "research_to_sale_ratio": 8.81,
            "price_fair": 51.8,
            "eps_avg_yearly": 1.48,
            "eps_latest_yearly": 0.92,
            "eps_growth_yearly": 533.77
        },
        "20151": {
            "year_quarter": 20151,
            "year": 2015,
            "quarter": 1,
            "eps": 0.23,
            "eps_growth_year": -48.89,
            "eps_4q": 0.46,
            "eps_4q_growth_year": -80.95,
            "roe": 0.99,
            "roe_4q": 2.26,
            "gross_profit": 50510,
            "gross_margin": 43.84,
            "gross_margin_4q_avg": 30.36,
            "net_income": 10085,
            "net_income_4q": null,
            "revenue": 115204,
            "revenue_4q": null,
            "common_shares": 513547,
            "book_valuer_per_share": 23.6,
            "book_valuer_per_share_4q_avg": 18.33,
            "equity": 1228908,
            "current_ratio": 722.59,
            "debt_ratio": 12.93,
            "inventory_turnover_ratio": 0.51,
            "account_receivable_turnover_ratio": 0.71,
            "reinvestment_rate": null,
            "research_to_sale_ratio": 8.56,
            "price_fair": 49.84,
            "eps_avg_yearly": 1.42,
            "eps_latest_yearly": 0.92,
            "eps_growth_yearly": 480.4
        },
        "20152": {
            "year_quarter": 20152,
            "year": 2015,
            "quarter": 2,
            "eps": 0.1,
            "eps_growth_year": 900,
            "eps_4q": 0.56,
            "eps_4q_growth_year": -66.53,
            "roe": 0.51,
            "roe_4q": 2.6999999999999997,
            "gross_profit": 37906,
            "gross_margin": 32.16,
            "gross_margin_4q_avg": 33.23,
            "net_income": 5826,
            "net_income_4q": null,
            "revenue": 117882,
            "revenue_4q": null,
            "common_shares": 515395,
            "book_valuer_per_share": 20.94,
            "book_valuer_per_share_4q_avg": 19.36,
            "equity": 1066705,
            "current_ratio": 311.87,
            "debt_ratio": 24.36,
            "inventory_turnover_ratio": 0.56,
            "account_receivable_turnover_ratio": 0.74,
            "reinvestment_rate": 251.57,
            "research_to_sale_ratio": 10.82,
            "price_fair": 46.58,
            "eps_avg_yearly": 1.33,
            "eps_latest_yearly": 0.4,
            "eps_growth_yearly": 416.17
        },
        "20153": {
            "year_quarter": 20153,
            "year": 2015,
            "quarter": 3,
            "eps": 0.04,
            "eps_growth_year": 33.33,
            "eps_4q": 0.59,
            "eps_4q_growth_year": -52.9,
            "roe": 0.12,
            "roe_4q": 2.92,
            "gross_profit": 33968,
            "gross_margin": 33.76,
            "gross_margin_4q_avg": 34.17,
            "net_income": 1315,
            "net_income_4q": null,
            "revenue": 100614,
            "revenue_4q": null,
            "common_shares": 515571,
            "book_valuer_per_share": 20.6,
            "book_valuer_per_share_4q_avg": 20.62,
            "equity": 1037299,
            "current_ratio": 283.77,
            "debt_ratio": 25.5,
            "inventory_turnover_ratio": 0.51,
            "account_receivable_turnover_ratio": 0.68,
            "reinvestment_rate": 249.61,
            "research_to_sale_ratio": 13.95,
            "price_fair": 43.17,
            "eps_avg_yearly": 1.23,
            "eps_latest_yearly": 0.16,
            "eps_growth_yearly": 361.49
        },
        "20154": {
            "year_quarter": 20154,
            "year": 2015,
            "quarter": 4,
            "eps": 0.19,
            "eps_growth_year": -17.11,
            "eps_4q": 0.56,
            "eps_4q_growth_year": -11.52,
            "roe": 0.88,
            "roe_4q": 2.5,
            "gross_profit": 40479,
            "gross_margin": 34.03,
            "gross_margin_4q_avg": 35.95,
            "net_income": 9089,
            "net_income_4q": null,
            "revenue": 118940,
            "revenue_4q": null,
            "common_shares": 515571,
            "book_valuer_per_share": 20.69,
            "book_valuer_per_share_4q_avg": 21.46,
            "equity": 1040158,
            "current_ratio": 247.7,
            "debt_ratio": 28.02,
            "inventory_turnover_ratio": 0.67,
            "account_receivable_turnover_ratio": 0.81,
            "reinvestment_rate": 249.22,
            "research_to_sale_ratio": 9.11,
            "price_fair": 41.89,
            "eps_avg_yearly": 1.2,
            "eps_latest_yearly": 0.76,
            "eps_growth_yearly": 449.07
        },
        "20161": {
            "year_quarter": 20161,
            "year": 2016,
            "quarter": 1,
            "eps": -0.14,
            "eps_growth_year": -160.87,
            "eps_4q": 0.19,
            "eps_4q_growth_year": -57.78,
            "roe": -0.78,
            "roe_4q": 0.73,
            "gross_profit": 38580,
            "gross_margin": 36.39,
            "gross_margin_4q_avg": 34.09,
            "net_income": -8042,
            "net_income_4q": null,
            "revenue": 106030,
            "revenue_4q": null,
            "common_shares": 516293,
            "book_valuer_per_share": 20.46,
            "book_valuer_per_share_4q_avg": 20.67,
            "equity": 1029006,
            "current_ratio": 217.07,
            "debt_ratio": 29.13,
            "inventory_turnover_ratio": 0.54,
            "account_receivable_turnover_ratio": 0.67,
            "reinvestment_rate": 300.42,
            "research_to_sale_ratio": 14.95,
            "price_fair": 41.89,
            "eps_avg_yearly": 1.2,
            "eps_latest_yearly": 0.76,
            "eps_growth_yearly": 449.07
        },
        "20162": {
            "year_quarter": 20162,
            "year": 2016,
            "quarter": 2,
            "eps": 0.2,
            "eps_growth_year": 100,
            "eps_4q": 0.29,
            "eps_4q_growth_year": -48.74,
            "roe": 0.86,
            "roe_4q": 1.08,
            "gross_profit": 39789,
            "gross_margin": 34.62,
            "gross_margin_4q_avg": 34.7,
            "net_income": 8807,
            "net_income_4q": null,
            "revenue": 114928,
            "revenue_4q": null,
            "common_shares": 516293,
            "book_valuer_per_share": 20.06,
            "book_valuer_per_share_4q_avg": 20.45,
            "equity": 1008381,
            "current_ratio": 197.32,
            "debt_ratio": 31.86,
            "inventory_turnover_ratio": 0.57,
            "account_receivable_turnover_ratio": 0.69,
            "reinvestment_rate": 209.77,
            "research_to_sale_ratio": 10.01,
            "price_fair": 41.89,
            "eps_avg_yearly": 1.2,
            "eps_latest_yearly": 0.76,
            "eps_growth_yearly": 449.07
        },
        "20163": {
            "year_quarter": 20163,
            "year": 2016,
            "quarter": 3,
            "eps": -0.02,
            "eps_growth_year": -150,
            "eps_4q": 0.22,
            "eps_4q_growth_year": -61.91,
            "roe": 0.05,
            "roe_4q": 1.01,
            "gross_profit": 30390,
            "gross_margin": 24.74,
            "gross_margin_4q_avg": 32.45,
            "net_income": 511,
            "net_income_4q": null,
            "revenue": 122852,
            "revenue_4q": null,
            "common_shares": 516293,
            "book_valuer_per_share": 19.98,
            "book_valuer_per_share_4q_avg": 20.3,
            "equity": 1006210,
            "current_ratio": 206.79,
            "debt_ratio": 29.64,
            "inventory_turnover_ratio": 0.79,
            "account_receivable_turnover_ratio": 0.72,
            "reinvestment_rate": 225.46,
            "research_to_sale_ratio": 17.37,
            "price_fair": 41.89,
            "eps_avg_yearly": 1.2,
            "eps_latest_yearly": 0.76,
            "eps_growth_yearly": 449.07
        },
        "20164": {
            "year_quarter": 20164,
            "year": 2016,
            "quarter": 4,
            "eps": 0.12,
            "eps_growth_year": -36.88,
            "eps_4q": 0.15,
            "eps_4q_growth_year": -72.57,
            "roe": 0.36,
            "roe_4q": 0.49,
            "gross_profit": 32054,
            "gross_margin": 24.01,
            "gross_margin_4q_avg": 29.94,
            "net_income": 3673,
            "net_income_4q": null,
            "revenue": 133520,
            "revenue_4q": null,
            "common_shares": 521452,
            "book_valuer_per_share": 20.46,
            "book_valuer_per_share_4q_avg": 20.24,
            "equity": 1038296,
            "current_ratio": 195.32,
            "debt_ratio": 31.51,
            "inventory_turnover_ratio": 0.94,
            "account_receivable_turnover_ratio": 0.75,
            "reinvestment_rate": 269.02,
            "research_to_sale_ratio": 10.3,
            "price_fair": 39.9,
            "eps_avg_yearly": 1.14,
            "eps_latest_yearly": 0.76,
            "eps_growth_yearly": 470.87
        },
        "20171": {
            "year_quarter": 20171,
            "year": 2017,
            "quarter": 1,
            "eps": -0.56,
            "eps_growth_year": null,
            "eps_4q": -0.27,
            "eps_4q_growth_year": -238.11,
            "roe": -2.85,
            "roe_4q": -1.5800000000000005,
            "gross_profit": 28846,
            "gross_margin": 22.48,
            "gross_margin_4q_avg": 26.46,
            "net_income": -29309,
            "net_income_4q": null,
            "revenue": 128336,
            "revenue_4q": null,
            "common_shares": 522579,
            "book_valuer_per_share": 20.03,
            "book_valuer_per_share_4q_avg": 20.13,
            "equity": 1017722,
            "current_ratio": 212.77,
            "debt_ratio": 33.51,
            "inventory_turnover_ratio": 0.85,
            "account_receivable_turnover_ratio": 0.68,
            "reinvestment_rate": 389.69,
            "research_to_sale_ratio": 10.72,
            "price_fair": 42.25,
            "eps_avg_yearly": 1.21,
            "eps_latest_yearly": 0.76,
            "eps_growth_yearly": 542.3
        },
        "20172": {
            "year_quarter": 20172,
            "year": 2017,
            "quarter": 2,
            "eps": 0.08,
            "eps_growth_year": -60,
            "eps_4q": -0.39,
            "eps_4q_growth_year": -233.67,
            "roe": 0.34,
            "roe_4q": -2.1000000000000005,
            "gross_profit": 32700,
            "gross_margin": 24.07,
            "gross_margin_4q_avg": 23.83,
            "net_income": 3312,
            "net_income_4q": null,
            "revenue": 135868,
            "revenue_4q": null,
            "common_shares": 522579,
            "book_valuer_per_share": 18.52,
            "book_valuer_per_share_4q_avg": 19.75,
            "equity": 925755,
            "current_ratio": 299.08,
            "debt_ratio": 40.97,
            "inventory_turnover_ratio": 0.83,
            "account_receivable_turnover_ratio": 0.72,
            "reinvestment_rate": 458.47,
            "research_to_sale_ratio": 9.29,
            "price_fair": 39.06,
            "eps_avg_yearly": 1.12,
            "eps_latest_yearly": 0.76,
            "eps_growth_yearly": 424.53
        },
        "20173": {
            "year_quarter": 20173,
            "year": 2017,
            "quarter": 3,
            "eps": -0.05,
            "eps_growth_year": null,
            "eps_4q": -0.41,
            "eps_4q_growth_year": -283.57,
            "roe": -0.38,
            "roe_4q": -2.5300000000000002,
            "gross_profit": 17796,
            "gross_margin": 19.53,
            "gross_margin_4q_avg": 22.52,
            "net_income": -3503,
            "net_income_4q": null,
            "revenue": 91117,
            "revenue_4q": null,
            "common_shares": 522579,
            "book_valuer_per_share": 18.34,
            "book_valuer_per_share_4q_avg": 19.34,
            "equity": 915457,
            "current_ratio": 306.09,
            "debt_ratio": 40.48,
            "inventory_turnover_ratio": 0.57,
            "account_receivable_turnover_ratio": 0.52,
            "reinvestment_rate": 577.78,
            "research_to_sale_ratio": 13.27,
            "price_fair": 35.31,
            "eps_avg_yearly": 1.01,
            "eps_latest_yearly": 0.76,
            "eps_growth_yearly": 472.54
        },
        "20174": {
            "year_quarter": 20174,
            "year": 2017,
            "quarter": 4,
            "eps": -0.15,
            "eps_growth_year": -228.67,
            "eps_4q": -0.69,
            "eps_4q_growth_year": -551.78,
            "roe": -0.8,
            "roe_4q": -3.6900000000000004,
            "gross_profit": 35565,
            "gross_margin": 29.37,
            "gross_margin_4q_avg": 23.86,
            "net_income": -7214,
            "net_income_4q": null,
            "revenue": 121074,
            "revenue_4q": null,
            "common_shares": 522579,
            "book_valuer_per_share": 18.06,
            "book_valuer_per_share_4q_avg": 18.74,
            "equity": 887416,
            "current_ratio": 262.6,
            "debt_ratio": 43.31,
            "inventory_turnover_ratio": 0.66,
            "account_receivable_turnover_ratio": 0.77,
            "reinvestment_rate": 1352.81,
            "research_to_sale_ratio": 9.55,
            "price_fair": 22.4,
            "eps_avg_yearly": 0.64,
            "eps_latest_yearly": 0.76,
            "eps_growth_yearly": 486.41
        },
        "20181": {
            "year_quarter": 20181,
            "year": 2018,
            "quarter": 1,
            "eps": 0.04,
            "eps_growth_year": null,
            "eps_4q": -0.08,
            "eps_4q_growth_year": null,
            "roe": 0.25,
            "roe_4q": -0.5900000000000001,
            "gross_profit": 38870,
            "gross_margin": 30.56,
            "gross_margin_4q_avg": 25.88,
            "net_income": 2236,
            "net_income_4q": null,
            "revenue": 127187,
            "revenue_4q": null,
            "common_shares": 522579,
            "book_valuer_per_share": 17.71,
            "book_valuer_per_share_4q_avg": 18.16,
            "equity": 867840,
            "current_ratio": 230.88,
            "debt_ratio": 46.6,
            "inventory_turnover_ratio": 0.59,
            "account_receivable_turnover_ratio": 0.77,
            "reinvestment_rate": 1386.03,
            "research_to_sale_ratio": 11.1,
            "price_fair": 16.6,
            "eps_avg_yearly": 0.47,
            "eps_latest_yearly": 0.76,
            "eps_growth_yearly": 587.07
        },
        "20182": {
            "year_quarter": 20182,
            "year": 2018,
            "quarter": 2,
            "eps": 0.96,
            "eps_growth_year": 1100,
            "eps_4q": 0.77,
            "eps_4q_growth_year": null,
            "roe": 5.24,
            "roe_4q": 4.3100000000000005,
            "gross_profit": 31662,
            "gross_margin": 27.91,
            "gross_margin_4q_avg": 26.84,
            "net_income": 45633,
            "net_income_4q": null,
            "revenue": 113428,
            "revenue_4q": null,
            "common_shares": 522579,
            "book_valuer_per_share": 18.2,
            "book_valuer_per_share_4q_avg": 18.08,
            "equity": 874192,
            "current_ratio": 241.72,
            "debt_ratio": 45.33,
            "inventory_turnover_ratio": 0.47,
            "account_receivable_turnover_ratio": 0.63,
            "reinvestment_rate": 333.66,
            "research_to_sale_ratio": 8.72,
            "price_fair": 35.6,
            "eps_avg_yearly": 1.02,
            "eps_latest_yearly": 3.84,
            "eps_growth_yearly": 1957.23
        },
        "20183": {
            "year_quarter": 20183,
            "year": 2018,
            "quarter": 3,
            "eps": -0.37,
            "eps_growth_year": null,
            "eps_4q": 0.46,
            "eps_4q_growth_year": null,
            "roe": -2.32,
            "roe_4q": 2.37,
            "gross_profit": 22217,
            "gross_margin": 18.29,
            "gross_margin_4q_avg": 26.53,
            "net_income": -19626,
            "net_income_4q": null,
            "revenue": 121449,
            "revenue_4q": null,
            "common_shares": 530767,
            "book_valuer_per_share": 16.5,
            "book_valuer_per_share_4q_avg": 17.62,
            "equity": 820071,
            "current_ratio": 217.36,
            "debt_ratio": 47.94,
            "inventory_turnover_ratio": 0.59,
            "account_receivable_turnover_ratio": 0.77,
            "reinvestment_rate": 498.93,
            "research_to_sale_ratio": 12.21,
            "price_fair": 40.83,
            "eps_avg_yearly": 1.17,
            "eps_latest_yearly": 3.84,
            "eps_growth_yearly": 2150.1
        },
        "20184": {
            "year_quarter": 20184,
            "year": 2018,
            "quarter": 4,
            "eps": -0.08,
            "eps_growth_year": null,
            "eps_4q": 0.55,
            "eps_4q_growth_year": null,
            "roe": -0.67,
            "roe_4q": 2.5000000000000004,
            "gross_profit": 33561,
            "gross_margin": 21.31,
            "gross_margin_4q_avg": 24.52,
            "net_income": -5464,
            "net_income_4q": null,
            "revenue": 157486,
            "revenue_4q": null,
            "common_shares": 526597,
            "book_valuer_per_share": 16.66,
            "book_valuer_per_share_4q_avg": 17.27,
            "equity": 811728,
            "current_ratio": 194.28,
            "debt_ratio": 49.39,
            "inventory_turnover_ratio": 0.79,
            "account_receivable_turnover_ratio": 0.97,
            "reinvestment_rate": 811.02,
            "research_to_sale_ratio": 11.87,
            "price_fair": 42.56,
            "eps_avg_yearly": 1.22,
            "eps_latest_yearly": 3.84,
            "eps_growth_yearly": 2046.78
        },
        "20191": {
            "year_quarter": 20191,
            "year": 2019,
            "quarter": 1,
            "eps": 0.01,
            "eps_growth_year": -75,
            "eps_4q": 0.52,
            "eps_4q_growth_year": null,
            "roe": -0.06,
            "roe_4q": 2.1900000000000004,
            "gross_profit": 29867,
            "gross_margin": 27.69,
            "gross_margin_4q_avg": 23.8,
            "net_income": -456,
            "net_income_4q": null,
            "revenue": 107867,
            "revenue_4q": null,
            "common_shares": 526597,
            "book_valuer_per_share": 16.66,
            "book_valuer_per_share_4q_avg": 17.01,
            "equity": 810974,
            "current_ratio": 186.91,
            "debt_ratio": 50.7,
            "inventory_turnover_ratio": 0.5,
            "account_receivable_turnover_ratio": 0.53,
            "reinvestment_rate": 1041.58,
            "research_to_sale_ratio": 16.14,
            "price_fair": 45.15,
            "eps_avg_yearly": 1.29,
            "eps_latest_yearly": 3.84,
            "eps_growth_yearly": 2558.48
        },
        "20192": {
            "year_quarter": 20192,
            "year": 2019,
            "quarter": 2,
            "eps": 0.1,
            "eps_growth_year": -89.58,
            "eps_4q": -0.35,
            "eps_4q_growth_year": -145.15,
            "roe": 0.47,
            "roe_4q": -2.58,
            "gross_profit": 39819,
            "gross_margin": 27.49,
            "gross_margin_4q_avg": 23.7,
            "net_income": 3747,
            "net_income_4q": null,
            "revenue": 144868,
            "revenue_4q": null,
            "common_shares": 526597,
            "book_valuer_per_share": 16.31,
            "book_valuer_per_share_4q_avg": 16.53,
            "equity": 796666,
            "current_ratio": 185.83,
            "debt_ratio": 50.59,
            "inventory_turnover_ratio": 0.66,
            "account_receivable_turnover_ratio": 0.71,
            "reinvestment_rate": 794.37,
            "research_to_sale_ratio": 10.47,
            "price_fair": 45.15,
            "eps_avg_yearly": 1.29,
            "eps_latest_yearly": 0.4,
            "eps_growth_yearly": 3515
        },
        "20193": {
            "year_quarter": 20193,
            "year": 2019,
            "quarter": 3,
            "eps": 0.15,
            "eps_growth_year": null,
            "eps_4q": 0.18,
            "eps_4q_growth_year": -61.24,
            "roe": 0.77,
            "roe_4q": 0.5099999999999999,
            "gross_profit": 45441,
            "gross_margin": 31.39,
            "gross_margin_4q_avg": 26.97,
            "net_income": 6157,
            "net_income_4q": null,
            "revenue": 144754,
            "revenue_4q": null,
            "common_shares": 526597,
            "book_valuer_per_share": 16.45,
            "book_valuer_per_share_4q_avg": 16.52,
            "equity": 802261,
            "current_ratio": 192.73,
            "debt_ratio": 49.27,
            "inventory_turnover_ratio": 0.64,
            "account_receivable_turnover_ratio": 0.76,
            "reinvestment_rate": 389.9,
            "research_to_sale_ratio": 12.68,
            "price_fair": 49,
            "eps_avg_yearly": 1.4,
            "eps_latest_yearly": 0.6,
            "eps_growth_yearly": 3625
        },
        "20194": {
            "year_quarter": 20194,
            "year": 2019,
            "quarter": 4,
            "eps": -0.15,
            "eps_growth_year": null,
            "eps_4q": 0.11,
            "eps_4q_growth_year": -80.1,
            "roe": -1.2,
            "roe_4q": -0.019999999999999962,
            "gross_profit": 33479,
            "gross_margin": 19.82,
            "gross_margin_4q_avg": 26.6,
            "net_income": -9436,
            "net_income_4q": null,
            "revenue": 168933,
            "revenue_4q": null,
            "common_shares": 526597,
            "book_valuer_per_share": 15.8,
            "book_valuer_per_share_4q_avg": 16.31,
            "equity": 768381,
            "current_ratio": 181.74,
            "debt_ratio": 50.57,
            "inventory_turnover_ratio": 0.89,
            "account_receivable_turnover_ratio": 0.85,
            "reinvestment_rate": 790.56,
            "research_to_sale_ratio": 10.48,
            "price_fair": 56.47,
            "eps_avg_yearly": 1.61,
            "eps_latest_yearly": 0.6,
            "eps_growth_yearly": 4333.33
        },
        "20201": {
            "year_quarter": 20201,
            "year": 2020,
            "quarter": 1,
            "eps": -0.29,
            "eps_growth_year": -3000,
            "eps_4q": -0.19,
            "eps_4q_growth_year": -136.12,
            "roe": -1.97,
            "roe_4q": -1.93,
            "gross_profit": 27104,
            "gross_margin": 20.59,
            "gross_margin_4q_avg": 24.82,
            "net_income": -14848,
            "net_income_4q": null,
            "revenue": 131667,
            "revenue_4q": null,
            "common_shares": 526597,
            "book_valuer_per_share": 15.26,
            "book_valuer_per_share_4q_avg": 15.96,
            "equity": 740971,
            "current_ratio": 170.23,
            "debt_ratio": 51.74,
            "inventory_turnover_ratio": 0.64,
            "account_receivable_turnover_ratio": 0.62,
            "reinvestment_rate": null,
            "research_to_sale_ratio": 13.04,
            "price_fair": 56.47,
            "eps_avg_yearly": 1.61,
            "eps_latest_yearly": 0.6,
            "eps_growth_yearly": 4333.33
        },
        "20202": {
            "year_quarter": 20202,
            "year": 2020,
            "quarter": 2,
            "eps": -0.13,
            "eps_growth_year": -230,
            "eps_4q": -0.42,
            "eps_4q_growth_year": null,
            "roe": -0.87,
            "roe_4q": -3.27,
            "gross_profit": 23919,
            "gross_margin": 22.01,
            "gross_margin_4q_avg": 23.45,
            "net_income": -6341,
            "net_income_4q": null,
            "revenue": 108683,
            "revenue_4q": null,
            "common_shares": 526597,
            "book_valuer_per_share": 14.59,
            "book_valuer_per_share_4q_avg": 15.53,
            "equity": 708603,
            "current_ratio": 164.38,
            "debt_ratio": 52.16,
            "inventory_turnover_ratio": 0.45,
            "account_receivable_turnover_ratio": 0.56,
            "reinvestment_rate": null,
            "research_to_sale_ratio": 10.86,
            "price_fair": 56.47,
            "eps_avg_yearly": 1.61,
            "eps_latest_yearly": 0.6,
            "eps_growth_yearly": 4333.33
        },
        "20203": {
            "year_quarter": 20203,
            "year": 2020,
            "quarter": 3,
            "eps": -0.49,
            "eps_growth_year": -426.67,
            "eps_4q": -1.05,
            "eps_4q_growth_year": -689.57,
            "roe": -3.46,
            "roe_4q": -7.5,
            "gross_profit": 10340,
            "gross_margin": 10,
            "gross_margin_4q_avg": 18.11,
            "net_income": -24305,
            "net_income_4q": null,
            "revenue": 103363,
            "revenue_4q": null,
            "common_shares": 526597,
            "book_valuer_per_share": 14.34,
            "book_valuer_per_share_4q_avg": 15,
            "equity": 696116,
            "current_ratio": 163.1,
            "debt_ratio": 50.74,
            "inventory_turnover_ratio": 0.49,
            "account_receivable_turnover_ratio": 0.68,
            "reinvestment_rate": null,
            "research_to_sale_ratio": 13.38,
            "price_fair": 56.47,
            "eps_avg_yearly": 1.61,
            "eps_latest_yearly": 0.6,
            "eps_growth_yearly": 4333.33
        },
        "20204": {
            "year_quarter": 20204,
            "year": 2020,
            "quarter": 4,
            "eps": -0.34,
            "eps_growth_year": null,
            "eps_4q": -1.24,
            "eps_4q_growth_year": -1242.4,
            "roe": -2.34,
            "roe_4q": -8.64,
            "gross_profit": 21794,
            "gross_margin": 15.36,
            "gross_margin_4q_avg": 16.99,
            "net_income": -16718,
            "net_income_4q": null,
            "revenue": 141885,
            "revenue_4q": null,
            "common_shares": 526597,
            "book_valuer_per_share": 15.13,
            "book_valuer_per_share_4q_avg": 14.83,
            "equity": 735657,
            "current_ratio": 156.14,
            "debt_ratio": 50.08,
            "inventory_turnover_ratio": 0.67,
            "account_receivable_turnover_ratio": 0.99,
            "reinvestment_rate": null,
            "research_to_sale_ratio": 5.17,
            "price_fair": 56.47,
            "eps_avg_yearly": 1.61,
            "eps_latest_yearly": 0.6,
            "eps_growth_yearly": 4333.33
        },
        "20211": {
            "year_quarter": 20211,
            "year": 2021,
            "quarter": 1,
            "eps": 0.04,
            "eps_growth_year": null,
            "eps_4q": -0.92,
            "eps_4q_growth_year": null,
            "roe": 0.21,
            "roe_4q": -6.46,
            "gross_profit": 34977,
            "gross_margin": 20.47,
            "gross_margin_4q_avg": 16.96,
            "net_income": 1551,
            "net_income_4q": null,
            "revenue": 170859,
            "revenue_4q": null,
            "common_shares": 526597,
            "book_valuer_per_share": 15.14,
            "book_valuer_per_share_4q_avg": 14.8,
            "equity": 735784,
            "current_ratio": 153.81,
            "debt_ratio": 50.16,
            "inventory_turnover_ratio": 0.8,
            "account_receivable_turnover_ratio": 1.04,
            "reinvestment_rate": null,
            "research_to_sale_ratio": 6.79,
            "price_fair": 56.47,
            "eps_avg_yearly": 1.61,
            "eps_latest_yearly": 0.6,
            "eps_growth_yearly": 4333.33
        },
        "20212": {
            "year_quarter": 20212,
            "year": 2021,
            "quarter": 2,
            "eps": 0.09,
            "eps_growth_year": null,
            "eps_4q": -0.7,
            "eps_4q_growth_year": null,
            "roe": 0.5,
            "roe_4q": -5.09,
            "gross_profit": 42123,
            "gross_margin": 25.41,
            "gross_margin_4q_avg": 17.81,
            "net_income": 3808,
            "net_income_4q": null,
            "revenue": 165766,
            "revenue_4q": null,
            "common_shares": 526597,
            "book_valuer_per_share": 15.99,
            "book_valuer_per_share_4q_avg": 15.15,
            "equity": 778157,
            "current_ratio": 150.66,
            "debt_ratio": 49.3,
            "inventory_turnover_ratio": 0.7,
            "account_receivable_turnover_ratio": 0.77,
            "reinvestment_rate": null,
            "research_to_sale_ratio": 6.59,
            "price_fair": 45.5,
            "eps_avg_yearly": 1.3,
            "eps_latest_yearly": 0.36,
            "eps_growth_yearly": 3375
        },
        "20213": {
            "year_quarter": 20213,
            "year": 2021,
            "quarter": 3,
            "eps": 0.23,
            "eps_growth_year": null,
            "eps_4q": 0.02,
            "eps_4q_growth_year": null,
            "roe": 1.4,
            "roe_4q": -0.22999999999999998,
            "gross_profit": 46525,
            "gross_margin": 23.36,
            "gross_margin_4q_avg": 21.15,
            "net_income": 10613,
            "net_income_4q": null,
            "revenue": 199160,
            "revenue_4q": null,
            "common_shares": 526597,
            "book_valuer_per_share": 15.14,
            "book_valuer_per_share_4q_avg": 15.35,
            "equity": 736876,
            "current_ratio": 142.48,
            "debt_ratio": 52.68,
            "inventory_turnover_ratio": 0.81,
            "account_receivable_turnover_ratio": 0.74,
            "reinvestment_rate": null,
            "research_to_sale_ratio": 7.49,
            "price_fair": 42.84,
            "eps_avg_yearly": 1.22,
            "eps_latest_yearly": 0.92,
            "eps_growth_yearly": 2824.44
        },
        "20214": {
            "year_quarter": 20214,
            "year": 2021,
            "quarter": 4,
            "eps": 0.11,
            "eps_growth_year": null,
            "eps_4q": 0.47,
            "eps_4q_growth_year": null,
            "roe": 0.64,
            "roe_4q": 2.75,
            "gross_profit": 39920,
            "gross_margin": 19.75,
            "gross_margin_4q_avg": 22.25,
            "net_income": 4583,
            "net_income_4q": null,
            "revenue": 202107,
            "revenue_4q": null,
            "common_shares": 526597,
            "book_valuer_per_share": 14.3,
            "book_valuer_per_share_4q_avg": 15.14,
            "equity": 694539,
            "current_ratio": 140.98,
            "debt_ratio": 54.42,
            "inventory_turnover_ratio": 0.81,
            "account_receivable_turnover_ratio": 0.71,
            "reinvestment_rate": null,
            "research_to_sale_ratio": 5.69,
            "price_fair": 38.27,
            "eps_avg_yearly": 1.09,
            "eps_latest_yearly": 0.44,
            "eps_growth_yearly": 2318.92
        },
        "20221": {
            "year_quarter": 20221,
            "year": 2022,
            "quarter": 1,
            "eps": 0.04,
            "eps_growth_year": 0,
            "eps_4q": 0.47,
            "eps_4q_growth_year": null,
            "roe": 0.23,
            "roe_4q": 2.77,
            "gross_profit": 28971,
            "gross_margin": 19.47,
            "gross_margin_4q_avg": 22,
            "net_income": 1571,
            "net_income_4q": null,
            "revenue": 148813,
            "revenue_4q": null,
            "common_shares": 526597,
            "book_valuer_per_share": 13.86,
            "book_valuer_per_share_4q_avg": 14.82,
            "equity": 672517,
            "current_ratio": 136.54,
            "debt_ratio": 55.61,
            "inventory_turnover_ratio": 0.51,
            "account_receivable_turnover_ratio": 0.52,
            "reinvestment_rate": null,
            "research_to_sale_ratio": 10.17,
            "price_fair": 33.6,
            "eps_avg_yearly": 0.96,
            "eps_latest_yearly": 0.16,
            "eps_growth_yearly": 1951.28
        },
        "20222": {
            "year_quarter": 20222,
            "year": 2022,
            "quarter": 2,
            "eps": 0.02,
            "eps_growth_year": -77.78,
            "eps_4q": 0.4,
            "eps_4q_growth_year": null,
            "roe": 0.1,
            "roe_4q": 2.37,
            "gross_profit": 28794,
            "gross_margin": 19.31,
            "gross_margin_4q_avg": 20.47,
            "net_income": 666,
            "net_income_4q": null,
            "revenue": 149087,
            "revenue_4q": null,
            "common_shares": 526597,
            "book_valuer_per_share": 13.91,
            "book_valuer_per_share_4q_avg": 14.3,
            "equity": 674861,
            "current_ratio": 136.15,
            "debt_ratio": 55.35,
            "inventory_turnover_ratio": 0.43,
            "account_receivable_turnover_ratio": 0.59,
            "reinvestment_rate": null,
            "research_to_sale_ratio": 9.16,
            "price_fair": 14.8,
            "eps_avg_yearly": 0.42,
            "eps_latest_yearly": 0.08,
            "eps_growth_yearly": 608.43
        },
        "20223": {
            "year_quarter": 20223,
            "year": 2022,
            "quarter": 3,
            "eps": 0.6,
            "eps_growth_year": 160.87,
            "eps_4q": 0.77,
            "eps_4q_growth_year": 3332.38,
            "roe": 4.13,
            "roe_4q": 5.1,
            "gross_profit": 52861,
            "gross_margin": 23.26,
            "gross_margin_4q_avg": 20.45,
            "net_income": 28560,
            "net_income_4q": null,
            "revenue": 227234,
            "revenue_4q": null,
            "common_shares": 517297,
            "book_valuer_per_share": 14.62,
            "book_valuer_per_share_4q_avg": 14.17,
            "equity": 708859,
            "current_ratio": 140.04,
            "debt_ratio": 54.12,
            "inventory_turnover_ratio": 0.54,
            "account_receivable_turnover_ratio": 0.96,
            "reinvestment_rate": null,
            "research_to_sale_ratio": 6.24,
            "price_fair": 23.45,
            "eps_avg_yearly": 0.67,
            "eps_latest_yearly": 2.4,
            "eps_growth_yearly": 1982.37
        },
        "20224": {
            "year_quarter": 20224,
            "year": 2022,
            "quarter": 4,
            "eps": 0.34,
            "eps_growth_year": 219.39,
            "eps_4q": 1,
            "eps_4q_growth_year": 114.67,
            "roe": 2.28,
            "roe_4q": 6.74,
            "gross_profit": 66838,
            "gross_margin": 27.55,
            "gross_margin_4q_avg": 22.4,
            "net_income": 16231,
            "net_income_4q": null,
            "revenue": 242619,
            "revenue_4q": null,
            "common_shares": 517297,
            "book_valuer_per_share": 14.82,
            "book_valuer_per_share_4q_avg": 14.3,
            "equity": 717827,
            "current_ratio": 140.87,
            "debt_ratio": 52.63,
            "inventory_turnover_ratio": 0.55,
            "account_receivable_turnover_ratio": 1.04,
            "reinvestment_rate": -311.53,
            "research_to_sale_ratio": 6.32,
            "price_fair": 26.13,
            "eps_avg_yearly": 0.75,
            "eps_latest_yearly": 1.36,
            "eps_growth_yearly": 1742.85
        },
        "20231": {
            "year_quarter": 20231,
            "year": 2023,
            "quarter": 1,
            "eps": 0.16,
            "eps_growth_year": 300,
            "eps_4q": 1.09,
            "eps_4q_growth_year": 132.27,
            "roe": 0.96,
            "roe_4q": 7.469999999999999,
            "gross_profit": 41921,
            "gross_margin": 26.63,
            "gross_margin_4q_avg": 24.19,
            "net_income": 7053,
            "net_income_4q": null,
            "revenue": 157393,
            "revenue_4q": null,
            "common_shares": 524279,
            "book_valuer_per_share": 14.87,
            "book_valuer_per_share_4q_avg": 14.56,
            "equity": 746714,
            "current_ratio": 149.88,
            "debt_ratio": 49.51,
            "inventory_turnover_ratio": 0.39,
            "account_receivable_turnover_ratio": 0.79,
            "reinvestment_rate": -280.74,
            "research_to_sale_ratio": 10.11,
            "price_fair": 25.76,
            "eps_avg_yearly": 0.74,
            "eps_latest_yearly": 0.64,
            "eps_growth_yearly": 1547.39
        },
        "20232": {
            "year_quarter": 20232,
            "year": 2023,
            "quarter": 2,
            "eps": 0.25,
            "eps_growth_year": 1150,
            "eps_4q": 1.24,
            "eps_4q_growth_year": 211.19,
            "roe": 1.56,
            "roe_4q": 8.93,
            "gross_profit": 47005,
            "gross_margin": 24.87,
            "gross_margin_4q_avg": 25.58,
            "net_income": 11764,
            "net_income_4q": null,
            "revenue": 189005,
            "revenue_4q": null,
            "common_shares": 524279,
            "book_valuer_per_share": 15.2,
            "book_valuer_per_share_4q_avg": 14.88,
            "equity": 762733,
            "current_ratio": 158.58,
            "debt_ratio": 46.47,
            "inventory_turnover_ratio": 0.54,
            "account_receivable_turnover_ratio": 1.09,
            "reinvestment_rate": -197.92,
            "research_to_sale_ratio": 9.57,
            "price_fair": 27.86,
            "eps_avg_yearly": 0.8,
            "eps_latest_yearly": 1,
            "eps_growth_yearly": 1209.89
        }
    },
    "months": {
        "2011-07": {
            "month": "2011-07",
            "price": "43.09",
            "revenue": 27050
        },
        "2011-08": {
            "month": "2011-08",
            "price": "33.31",
            "revenue": 23504
        },
        "2011-09": {
            "month": "2011-09",
            "price": "30.52",
            "revenue": 22577
        },
        "2011-10": {
            "month": "2011-10",
            "price": "29.50",
            "revenue": 22880
        },
        "2011-11": {
            "month": "2011-11",
            "price": "29.38",
            "revenue": 29943
        },
        "2011-12": {
            "month": "2011-12",
            "price": "26.27",
            "revenue": 35406
        },
        "2012-01": {
            "month": "2012-01",
            "price": "25.21",
            "revenue": 23063
        },
        "2012-02": {
            "month": "2012-02",
            "price": "26.35",
            "revenue": 18083
        },
        "2012-03": {
            "month": "2012-03",
            "price": "30.20",
            "revenue": 32289
        },
        "2012-04": {
            "month": "2012-04",
            "price": "32.20",
            "revenue": 31620
        },
        "2012-05": {
            "month": "2012-05",
            "price": "32.61",
            "revenue": 34752
        },
        "2012-06": {
            "month": "2012-06",
            "price": "32.04",
            "revenue": 21410
        },
        "2012-07": {
            "month": "2012-07",
            "price": "29.49",
            "revenue": 31176
        },
        "2012-08": {
            "month": "2012-08",
            "price": "31.04",
            "revenue": 26740
        },
        "2012-09": {
            "month": "2012-09",
            "price": "30.54",
            "revenue": 22093
        },
        "2012-10": {
            "month": "2012-10",
            "price": "29.61",
            "revenue": 32748
        },
        "2012-11": {
            "month": "2012-11",
            "price": "30.84",
            "revenue": 31274
        },
        "2012-12": {
            "month": "2012-12",
            "price": "36.38",
            "revenue": 28610
        },
        "2013-01": {
            "month": "2013-01",
            "price": "46.15",
            "revenue": 31878
        },
        "2013-02": {
            "month": "2013-02",
            "price": "51.60",
            "revenue": 31596
        },
        "2013-03": {
            "month": "2013-03",
            "price": "51.43",
            "revenue": 33739
        },
        "2013-04": {
            "month": "2013-04",
            "price": "53.02",
            "revenue": 36046
        },
        "2013-05": {
            "month": "2013-05",
            "price": "52.68",
            "revenue": 36528
        },
        "2013-06": {
            "month": "2013-06",
            "price": "49.03",
            "revenue": 38873
        },
        "2013-07": {
            "month": "2013-07",
            "price": "51.18",
            "revenue": 39001
        },
        "2013-08": {
            "month": "2013-08",
            "price": "55.04",
            "revenue": 42571
        },
        "2013-09": {
            "month": "2013-09",
            "price": "54.06",
            "revenue": 42882
        },
        "2013-10": {
            "month": "2013-10",
            "price": "52.50",
            "revenue": 40070
        },
        "2013-11": {
            "month": "2013-11",
            "price": "55.14",
            "revenue": 42153
        },
        "2013-12": {
            "month": "2013-12",
            "price": "57.24",
            "revenue": 36558
        },
        "2014-01": {
            "month": "2014-01",
            "price": "68.82",
            "revenue": 32576
        },
        "2014-02": {
            "month": "2014-02",
            "price": "93.93",
            "revenue": 32591
        },
        "2014-03": {
            "month": "2014-03",
            "price": "98.29",
            "revenue": 31883
        },
        "2014-04": {
            "month": "2014-04",
            "price": "89.84",
            "revenue": 37141
        },
        "2014-05": {
            "month": "2014-05",
            "price": "93.51",
            "revenue": 38773
        },
        "2014-06": {
            "month": "2014-06",
            "price": "109.36",
            "revenue": 39856
        },
        "2014-07": {
            "month": "2014-07",
            "price": "136.68",
            "revenue": 33869
        },
        "2014-08": {
            "month": "2014-08",
            "price": "120.86",
            "revenue": 35560
        },
        "2014-09": {
            "month": "2014-09",
            "price": "122.62",
            "revenue": 39040
        },
        "2014-10": {
            "month": "2014-10",
            "price": "109.95",
            "revenue": 36353
        },
        "2014-11": {
            "month": "2014-11",
            "price": "101.26",
            "revenue": 34526
        },
        "2014-12": {
            "month": "2014-12",
            "price": "108.38",
            "revenue": 58039
        },
        "2015-01": {
            "month": "2015-01",
            "price": "110.92",
            "revenue": 42620
        },
        "2015-02": {
            "month": "2015-02",
            "price": "105.42",
            "revenue": 31526
        },
        "2015-03": {
            "month": "2015-03",
            "price": "100.78",
            "revenue": 41058
        },
        "2015-04": {
            "month": "2015-04",
            "price": "94.31",
            "revenue": 41215
        },
        "2015-05": {
            "month": "2015-05",
            "price": "86.66",
            "revenue": 40027
        },
        "2015-06": {
            "month": "2015-06",
            "price": "84.06",
            "revenue": 36640
        },
        "2015-07": {
            "month": "2015-07",
            "price": "84.69",
            "revenue": 33219
        },
        "2015-08": {
            "month": "2015-08",
            "price": "68.52",
            "revenue": 31054
        },
        "2015-09": {
            "month": "2015-09",
            "price": "65.34",
            "revenue": 36341
        },
        "2015-10": {
            "month": "2015-10",
            "price": "68.87",
            "revenue": 38826
        },
        "2015-11": {
            "month": "2015-11",
            "price": "71.02",
            "revenue": 42366
        },
        "2015-12": {
            "month": "2015-12",
            "price": "71.03",
            "revenue": 37694
        },
        "2016-01": {
            "month": "2016-01",
            "price": "60.07",
            "revenue": 34155
        },
        "2016-02": {
            "month": "2016-02",
            "price": "60.15",
            "revenue": 28958
        },
        "2016-03": {
            "month": "2016-03",
            "price": "62.95",
            "revenue": 42917
        },
        "2016-04": {
            "month": "2016-04",
            "price": "67.14",
            "revenue": 35119
        },
        "2016-05": {
            "month": "2016-05",
            "price": "62.89",
            "revenue": 41033
        },
        "2016-06": {
            "month": "2016-06",
            "price": "61.09",
            "revenue": 38777
        },
        "2016-07": {
            "month": "2016-07",
            "price": "61.34",
            "revenue": 42006
        },
        "2016-08": {
            "month": "2016-08",
            "price": "60.57",
            "revenue": 33336
        },
        "2016-09": {
            "month": "2016-09",
            "price": "60.15",
            "revenue": 47510
        },
        "2016-10": {
            "month": "2016-10",
            "price": "58.82",
            "revenue": 36298
        },
        "2016-11": {
            "month": "2016-11",
            "price": "56.69",
            "revenue": 43713
        },
        "2016-12": {
            "month": "2016-12",
            "price": "56.84",
            "revenue": 53509
        },
        "2017-01": {
            "month": "2017-01",
            "price": "58.16",
            "revenue": 34292
        },
        "2017-02": {
            "month": "2017-02",
            "price": "57.87",
            "revenue": 39968
        },
        "2017-03": {
            "month": "2017-03",
            "price": "57.56",
            "revenue": 54076
        },
        "2017-04": {
            "month": "2017-04",
            "price": "55.43",
            "revenue": 48888
        },
        "2017-05": {
            "month": "2017-05",
            "price": "53.94",
            "revenue": 48192
        },
        "2017-06": {
            "month": "2017-06",
            "price": "54.74",
            "revenue": 38788
        },
        "2017-07": {
            "month": "2017-07",
            "price": "53.99",
            "revenue": 30232
        },
        "2017-08": {
            "month": "2017-08",
            "price": "50.77",
            "revenue": 30733
        },
        "2017-09": {
            "month": "2017-09",
            "price": "49.26",
            "revenue": 30152
        },
        "2017-10": {
            "month": "2017-10",
            "price": "48.63",
            "revenue": 29274
        },
        "2017-11": {
            "month": "2017-11",
            "price": "46.81",
            "revenue": 40086
        },
        "2017-12": {
            "month": "2017-12",
            "price": "46.31",
            "revenue": 51715
        },
        "2018-01": {
            "month": "2018-01",
            "price": "45.38",
            "revenue": 43492
        },
        "2018-02": {
            "month": "2018-02",
            "price": "41.47",
            "revenue": 42085
        },
        "2018-03": {
            "month": "2018-03",
            "price": "41.29",
            "revenue": 41610
        },
        "2018-04": {
            "month": "2018-04",
            "price": "40.61",
            "revenue": 40376
        },
        "2018-05": {
            "month": "2018-05",
            "price": "38.65",
            "revenue": 40953
        },
        "2018-06": {
            "month": "2018-06",
            "price": "41.74",
            "revenue": 32099
        },
        "2018-07": {
            "month": "2018-07",
            "price": "39.56",
            "revenue": 34312
        },
        "2018-08": {
            "month": "2018-08",
            "price": "38.19",
            "revenue": 37610
        },
        "2018-09": {
            "month": "2018-09",
            "price": "35.04",
            "revenue": 49526
        },
        "2018-10": {
            "month": "2018-10",
            "price": "35.59",
            "revenue": 49868
        },
        "2018-11": {
            "month": "2018-11",
            "price": "34.45",
            "revenue": 55117
        },
        "2018-12": {
            "month": "2018-12",
            "price": "33.10",
            "revenue": 52501
        },
        "2019-01": {
            "month": "2019-01",
            "price": "31.91",
            "revenue": 33608
        },
        "2019-02": {
            "month": "2019-02",
            "price": "30.52",
            "revenue": 29090
        },
        "2019-03": {
            "month": "2019-03",
            "price": "30.03",
            "revenue": 45170
        },
        "2019-04": {
            "month": "2019-04",
            "price": "29.91",
            "revenue": 56540
        },
        "2019-05": {
            "month": "2019-05",
            "price": "27.70",
            "revenue": 49248
        },
        "2019-06": {
            "month": "2019-06",
            "price": "27.21",
            "revenue": 39081
        },
        "2019-07": {
            "month": "2019-07",
            "price": "27.21",
            "revenue": 42145
        },
        "2019-08": {
            "month": "2019-08",
            "price": "25.88",
            "revenue": 50753
        },
        "2019-09": {
            "month": "2019-09",
            "price": "27.82",
            "revenue": 51856
        },
        "2019-10": {
            "month": "2019-10",
            "price": "28.75",
            "revenue": 59307
        },
        "2019-11": {
            "month": "2019-11",
            "price": "32.67",
            "revenue": 52514
        },
        "2019-12": {
            "month": "2019-12",
            "price": "35.79",
            "revenue": 57111
        },
        "2020-01": {
            "month": "2020-01",
            "price": "34.29",
            "revenue": 36589
        },
        "2020-02": {
            "month": "2020-02",
            "price": "33.89",
            "revenue": 51241
        },
        "2020-03": {
            "month": "2020-03",
            "price": "30.23",
            "revenue": 43837
        },
        "2020-04": {
            "month": "2020-04",
            "price": "30.00",
            "revenue": 34857
        },
        "2020-05": {
            "month": "2020-05",
            "price": "30.52",
            "revenue": 48238
        },
        "2020-06": {
            "month": "2020-06",
            "price": "32.91",
            "revenue": 25588
        },
        "2020-07": {
            "month": "2020-07",
            "price": "31.02",
            "revenue": 49641
        },
        "2020-08": {
            "month": "2020-08",
            "price": "27.17",
            "revenue": 34744
        },
        "2020-09": {
            "month": "2020-09",
            "price": "26.37",
            "revenue": 18978
        },
        "2020-10": {
            "month": "2020-10",
            "price": "25.24",
            "revenue": 34023
        },
        "2020-11": {
            "month": "2020-11",
            "price": "25.34",
            "revenue": 41890
        },
        "2020-12": {
            "month": "2020-12",
            "price": "26.01",
            "revenue": 65971
        },
        "2021-01": {
            "month": "2021-01",
            "price": "25.33",
            "revenue": 52318
        },
        "2021-02": {
            "month": "2021-02",
            "price": "25.09",
            "revenue": 51082
        },
        "2021-03": {
            "month": "2021-03",
            "price": "25.17",
            "revenue": 67459
        },
        "2021-04": {
            "month": "2021-04",
            "price": "26.89",
            "revenue": 58420
        },
        "2021-05": {
            "month": "2021-05",
            "price": "28.57",
            "revenue": 44702
        },
        "2021-06": {
            "month": "2021-06",
            "price": "27.15",
            "revenue": 62644
        },
        "2021-07": {
            "month": "2021-07",
            "price": "26.45",
            "revenue": 70343
        },
        "2021-08": {
            "month": "2021-08",
            "price": "27.05",
            "revenue": 54097
        },
        "2021-09": {
            "month": "2021-09",
            "price": "26.53",
            "revenue": 74719
        },
        "2021-10": {
            "month": "2021-10",
            "price": "26.01",
            "revenue": 58505
        },
        "2021-11": {
            "month": "2021-11",
            "price": "27.57",
            "revenue": 82123
        },
        "2021-12": {
            "month": "2021-12",
            "price": "29.14",
            "revenue": 61480
        },
        "2022-01": {
            "month": "2022-01",
            "price": "26.86",
            "revenue": 64306
        },
        "2022-02": {
            "month": "2022-02",
            "price": "26.73",
            "revenue": 31428
        },
        "2022-03": {
            "month": "2022-03",
            "price": "25.68",
            "revenue": 53080
        },
        "2022-04": {
            "month": "2022-04",
            "price": "26.02",
            "revenue": 36235
        },
        "2022-05": {
            "month": "2022-05",
            "price": "24.84",
            "revenue": 56240
        },
        "2022-06": {
            "month": "2022-06",
            "price": "24.86",
            "revenue": 56611
        },
        "2022-07": {
            "month": "2022-07",
            "price": "24.30",
            "revenue": 71146
        },
        "2022-08": {
            "month": "2022-08",
            "price": "24.20",
            "revenue": 85239
        },
        "2022-09": {
            "month": "2022-09",
            "price": "25.60",
            "revenue": 70849
        },
        "2022-10": {
            "month": "2022-10",
            "price": "24.21",
            "revenue": 67213
        },
        "2022-11": {
            "month": "2022-11",
            "price": "25.29",
            "revenue": 104557
        },
        "2022-12": {
            "month": "2022-12",
            "price": "29.15",
            "revenue": 70849
        },
        "2023-01": {
            "month": "2023-01",
            "price": "26.96",
            "revenue": 34447
        },
        "2023-02": {
            "month": "2023-02",
            "price": "26.98",
            "revenue": 52798
        },
        "2023-03": {
            "month": "2023-03",
            "price": "28.31",
            "revenue": 70147
        },
        "2023-04": {
            "month": "2023-04",
            "price": "29.72",
            "revenue": 52010
        },
        "2023-05": {
            "month": "2023-05",
            "price": "34.74",
            "revenue": 69468
        },
        "2023-06": {
            "month": "2023-06",
            "price": "38.00",
            "revenue": 67527
        },
        "2023-07": {
            "month": "2023-07",
            "price": "38.85",
            "revenue": 64497
        },
        "2023-08": {
            "month": "2023-08",
            "price": "35.60",
            "revenue": 67899
        },
        "2023-09": {
            "month": "2023-09",
            "price": "31.70",
            "revenue": 103128
        }
    }
}
