{
    "summary": {
        "stock_name": "智擎",
        "stock_id": "4162",
        "category": "生技醫療",
        "main_business": "新藥開發",
        "website_url": "https://www.pharmaengine.com/",
        "ceo": "王宏仁",
        "pe_ratio": 50,
        "report_year_from": 2010,
        "report_year_to": 2023,
        "age": 14,
        "eps_negative_percentage": 8,
        "eps_growth_avg": {
            "last_all": -11.52,
            "last_2y": -26.5,
            "last_4y": -9.08,
            "last_8y": -1.69,
            "last_12y": null,
            "last_16y": null,
            "last_20y": null,
            "at_2006_last_3y": null,
            "at_2007_last_3y": null,
            "at_2008_last_3y": null,
            "at_2009_last_3y": null,
            "at_2010_last_3y": null,
            "at_2011_last_3y": null,
            "at_2012_last_3y": null,
            "at_2013_last_3y": null,
            "at_2014_last_3y": null,
            "at_2015_last_3y": null,
            "at_2016_last_3y": 17.62,
            "at_2017_last_3y": 31.29,
            "at_2018_last_3y": 7.56,
            "at_2019_last_3y": -33.92,
            "at_2020_last_3y": -22.13,
            "at_2021_last_3y": -14.66,
            "at_2022_last_3y": -4.94,
            "at_2023_last_3y": 5.12,
            "at_2024_last_3y": 5.12,
            "at_2006_last_all": null,
            "at_2007_last_all": null,
            "at_2008_last_all": null,
            "at_2009_last_all": null,
            "at_2010_last_all": null,
            "at_2011_last_all": null,
            "at_2012_last_all": null,
            "at_2013_last_all": null,
            "at_2014_last_all": -100,
            "at_2015_last_all": 0,
            "at_2016_last_all": 17.62,
            "at_2017_last_all": -1.53,
            "at_2018_last_all": -13.95,
            "at_2019_last_all": -22.61,
            "at_2020_last_all": -5.1,
            "at_2021_last_all": -8.1,
            "at_2022_last_all": -9.95,
            "at_2023_last_all": -11.52,
            "at_2024_last_all": -11.52
        },
        "latest_eps": 2.02,
        "latest_price": 100.5,
        "latest_roe": 7.61,
        "latest_gross_margin": 95.28,
        "latest_equity": 3825118,
        "latest_revenue": 245942,
        "latest_gross_profit": 234338,
        "latest_net_income": 80781,
        "latest_debt_ratio": 1.92,
        "latest_current_ratio": 6191.97,
        "latest_account_receivable_turnover_ratio": 3.28,
        "latest_inventory_turnover_ratio": 0.35,
        "latest_reinvestment_rate": 0.02,
        "latest_research_to_sale_ratio": 50.58
    },
    "eps_dividends": {
        "2001": {
            "cash": 0,
            "stock": 0,
            "eps": 0
        },
        "2002": {
            "cash": 0,
            "stock": 0,
            "eps": 0
        },
        "2003": {
            "cash": 0,
            "stock": 0,
            "eps": 0
        },
        "2004": {
            "cash": 0,
            "stock": 0,
            "eps": 0
        },
        "2005": {
            "cash": 0,
            "stock": 0,
            "eps": 0
        },
        "2006": {
            "cash": 0,
            "stock": 0,
            "eps": 0
        },
        "2007": {
            "cash": 0,
            "stock": 0,
            "eps": 0
        },
        "2008": {
            "cash": 0,
            "stock": 0,
            "eps": 0
        },
        "2009": {
            "cash": 0,
            "stock": 0,
            "eps": 0
        },
        "2010": {
            "cash": 0,
            "stock": 0,
            "eps": 0
        },
        "2011": {
            "cash": 0,
            "stock": 0,
            "eps": 0
        },
        "2012": {
            "cash": 0,
            "stock": 0,
            "eps": 0.73
        },
        "2013": {
            "cash": 0,
            "stock": 0,
            "eps": -1.26
        },
        "2014": {
            "cash": 0,
            "stock": 0,
            "eps": 1.24
        },
        "2015": {
            "cash": 1,
            "stock": 0,
            "eps": 3.86
        },
        "2016": {
            "cash": 2,
            "stock": 2,
            "eps": 5.9
        },
        "2017": {
            "cash": 2.5,
            "stock": 2,
            "eps": 2.42
        },
        "2018": {
            "cash": 2,
            "stock": 0,
            "eps": 0.88
        },
        "2019": {
            "cash": 1,
            "stock": 0,
            "eps": 0.3
        },
        "2020": {
            "cash": 0.5,
            "stock": 0,
            "eps": 4.16
        },
        "2021": {
            "cash": 2.5,
            "stock": 0,
            "eps": 2.95
        },
        "2022": {
            "cash": 2.7,
            "stock": 0,
            "eps": 2.22
        },
        "2023": {
            "cash": 2,
            "stock": 0,
            "eps": 1.65
        },
        "2024": {
            "cash": 1.5,
            "stock": 0,
            "eps": 0
        }
    },
    "dividends": {
        "2015-08-03": {
            "cash": 1,
            "stock": 0
        },
        "2016-08-26": {
            "cash": 2,
            "stock": 2
        },
        "2017-09-01": {
            "cash": 2.5,
            "stock": 2
        },
        "2018-09-27": {
            "cash": 2,
            "stock": 0
        },
        "2019-09-20": {
            "cash": 1,
            "stock": 0
        },
        "2020-08-20": {
            "cash": 0.5,
            "stock": 0
        },
        "2021-09-30": {
            "cash": 2.5,
            "stock": 0
        },
        "2022-09-02": {
            "cash": 2.7,
            "stock": 0
        },
        "2023-09-01": {
            "cash": 2,
            "stock": 0
        },
        "2024-02-29": {
            "cash": 1.5,
            "stock": 0
        }
    },
    "prices": {
        "200101": "無",
        "200102": "無",
        "200103": "無",
        "200104": "無",
        "200105": "無",
        "200106": "無",
        "200107": "無",
        "200108": "無",
        "200109": "無",
        "200110": "無",
        "200111": "無",
        "200112": "無",
        "200201": "無",
        "200202": "無",
        "200203": "無",
        "200204": "無",
        "200205": "無",
        "200206": "無",
        "200207": "無",
        "200208": "無",
        "200209": "無",
        "200210": "無",
        "200211": "無",
        "200212": "無",
        "200301": "無",
        "200302": "無",
        "200303": "無",
        "200304": "無",
        "200305": "無",
        "200306": "無",
        "200307": "無",
        "200308": "無",
        "200309": "無",
        "200310": "無",
        "200311": "無",
        "200312": "無",
        "200401": "無",
        "200402": "無",
        "200403": "無",
        "200404": "無",
        "200405": "無",
        "200406": "無",
        "200407": "無",
        "200408": "無",
        "200409": "無",
        "200410": "無",
        "200411": "無",
        "200412": "無",
        "200501": "無",
        "200502": "無",
        "200503": "無",
        "200504": "無",
        "200505": "無",
        "200506": "無",
        "200507": "無",
        "200508": "無",
        "200509": "無",
        "200510": "無",
        "200511": "無",
        "200512": "無",
        "200601": "無",
        "200602": "無",
        "200603": "無",
        "200604": "無",
        "200605": "無",
        "200606": "無",
        "200607": "無",
        "200608": "無",
        "200609": "無",
        "200610": "無",
        "200611": "無",
        "200612": "無",
        "200701": "無",
        "200702": "無",
        "200703": "無",
        "200704": "無",
        "200705": "無",
        "200706": "無",
        "200707": "無",
        "200708": "無",
        "200709": "無",
        "200710": "無",
        "200711": "無",
        "200712": "無",
        "200801": "無",
        "200802": "無",
        "200803": "無",
        "200804": "無",
        "200805": "無",
        "200806": "無",
        "200807": "無",
        "200808": "無",
        "200809": "無",
        "200810": "無",
        "200811": "無",
        "200812": "無",
        "200901": "無",
        "200902": "無",
        "200903": "無",
        "200904": "無",
        "200905": "無",
        "200906": "無",
        "200907": "無",
        "200908": "無",
        "200909": "無",
        "200910": "無",
        "200911": "無",
        "200912": "無",
        "201001": "無",
        "201002": "無",
        "201003": "無",
        "201004": "無",
        "201005": "無",
        "201006": "無",
        "201007": "無",
        "201008": "無",
        "201009": "無",
        "201010": "無",
        "201011": "無",
        "201012": "無",
        "201101": "無",
        "201102": "無",
        "201103": "無",
        "201104": "無",
        "201105": "無",
        "201106": "無",
        "201107": "無",
        "201108": "無",
        "201109": "70.09",
        "201110": "60.28",
        "201111": "59.73",
        "201112": "70.45",
        "201201": "75.28",
        "201202": "86.85",
        "201203": "121.40",
        "201204": "126.83",
        "201205": "120.04",
        "201206": "108.23",
        "201207": "97.30",
        "201208": "113.68",
        "201209": "159.28",
        "201210": "182.91",
        "201211": "171.32",
        "201212": "183.64",
        "201301": "178.05",
        "201302": "193.50",
        "201303": "194.29",
        "201304": "168.40",
        "201305": "173.34",
        "201306": "178.47",
        "201307": "186.11",
        "201308": "192.19",
        "201309": "247.48",
        "201310": "266.93",
        "201311": "242.81",
        "201312": "219.82",
        "201401": "224.94",
        "201402": "250.00",
        "201403": "254.74",
        "201404": "248.07",
        "201405": "314.62",
        "201406": "325.10",
        "201407": "281.09",
        "201408": "226.33",
        "201409": "244.02",
        "201410": "252.50",
        "201411": "241.35",
        "201412": "280.29",
        "201501": "272.05",
        "201502": "259.27",
        "201503": "275.91",
        "201504": "274.40",
        "201505": "261.15",
        "201506": "235.69",
        "201507": "216.20",
        "201508": "162.98",
        "201509": "186.32",
        "201510": "216.38",
        "201511": "224.07",
        "201512": "257.59",
        "201601": "221.57",
        "201602": "219.73",
        "201603": "233.57",
        "201604": "234.26",
        "201605": "230.83",
        "201606": "226.86",
        "201607": "221.20",
        "201608": "213.37",
        "201609": "235.24",
        "201610": "231.15",
        "201611": "204.80",
        "201612": "192.14",
        "201701": "187.69",
        "201702": "201.56",
        "201703": "201.07",
        "201704": "189.28",
        "201705": "194.32",
        "201706": "198.67",
        "201707": "201.60",
        "201708": "176.72",
        "201709": "161.16",
        "201710": "168.47",
        "201711": "160.14",
        "201712": "151.90",
        "201801": "150.14",
        "201802": "131.77",
        "201803": "137.96",
        "201804": "146.53",
        "201805": "133.09",
        "201806": "144.92",
        "201807": "137.23",
        "201808": "136.93",
        "201809": "126.89",
        "201810": "119.68",
        "201811": "104.03",
        "201812": "113.31",
        "201901": "107.79",
        "201902": "104.35",
        "201903": "111.82",
        "201904": "109.28",
        "201905": "95.54",
        "201906": "90.27",
        "201907": "89.67",
        "201908": "73.09",
        "201909": "78.55",
        "201910": "73.36",
        "201911": "71.30",
        "201912": "68.20",
        "202001": "63.14",
        "202002": "60.01",
        "202003": "47.81",
        "202004": "48.85",
        "202005": "57.49",
        "202006": "75.94",
        "202007": "78.36",
        "202008": "71.70",
        "202009": "67.03",
        "202010": "59.24",
        "202011": "56.46",
        "202012": "59.72",
        "202101": "52.42",
        "202102": "57.23",
        "202103": "71.74",
        "202104": "73.37",
        "202105": "65.08",
        "202106": "66.97",
        "202107": "64.68",
        "202108": "62.33",
        "202109": "58.04",
        "202110": "56.85",
        "202111": "57.59",
        "202112": "64.15",
        "202201": "65.48",
        "202202": "68.18",
        "202203": "89.49",
        "202204": "84.92",
        "202205": "78.25",
        "202206": "79.57",
        "202207": "92.95",
        "202208": "102.61",
        "202209": "130.69",
        "202210": "102.36",
        "202211": "120.87",
        "202212": "126.57",
        "202301": "121.23",
        "202302": "118.03",
        "202303": "108.93",
        "202304": "103.55",
        "202305": "96.12",
        "202306": "94.63",
        "202307": "89.13",
        "202308": "84.68",
        "202309": "86.64",
        "202310": "97.46",
        "202311": "106.20",
        "202312": "102.13"
    },
    "quarters": {
        "20011": {
            "year_quarter": 20011,
            "year": 2001,
            "quarter": 1,
            "eps": null,
            "eps_growth_year": null,
            "eps_4q": null,
            "eps_4q_growth_year": null,
            "roe": null,
            "roe_4q": 0,
            "gross_profit": null,
            "gross_margin": null,
            "gross_margin_4q_avg": 0,
            "net_income": null,
            "net_income_4q": null,
            "revenue": null,
            "revenue_4q": null,
            "common_shares": null,
            "book_valuer_per_share": null,
            "book_valuer_per_share_4q_avg": 0,
            "equity": null,
            "current_ratio": null,
            "debt_ratio": null,
            "inventory_turnover_ratio": null,
            "account_receivable_turnover_ratio": null,
            "reinvestment_rate": null,
            "research_to_sale_ratio": null,
            "price_fair": 0,
            "eps_avg_yearly": 0,
            "eps_latest_yearly": 0,
            "eps_growth_yearly": 0
        },
        "20012": {
            "year_quarter": 20012,
            "year": 2001,
            "quarter": 2,
            "eps": null,
            "eps_growth_year": null,
            "eps_4q": null,
            "eps_4q_growth_year": null,
            "roe": null,
            "roe_4q": 0,
            "gross_profit": null,
            "gross_margin": null,
            "gross_margin_4q_avg": 0,
            "net_income": null,
            "net_income_4q": null,
            "revenue": null,
            "revenue_4q": null,
            "common_shares": null,
            "book_valuer_per_share": null,
            "book_valuer_per_share_4q_avg": 0,
            "equity": null,
            "current_ratio": null,
            "debt_ratio": null,
            "inventory_turnover_ratio": null,
            "account_receivable_turnover_ratio": null,
            "reinvestment_rate": null,
            "research_to_sale_ratio": null,
            "price_fair": 0,
            "eps_avg_yearly": 0,
            "eps_latest_yearly": 0,
            "eps_growth_yearly": 0
        },
        "20013": {
            "year_quarter": 20013,
            "year": 2001,
            "quarter": 3,
            "eps": null,
            "eps_growth_year": null,
            "eps_4q": null,
            "eps_4q_growth_year": null,
            "roe": null,
            "roe_4q": 0,
            "gross_profit": null,
            "gross_margin": null,
            "gross_margin_4q_avg": 0,
            "net_income": null,
            "net_income_4q": null,
            "revenue": null,
            "revenue_4q": null,
            "common_shares": null,
            "book_valuer_per_share": null,
            "book_valuer_per_share_4q_avg": 0,
            "equity": null,
            "current_ratio": null,
            "debt_ratio": null,
            "inventory_turnover_ratio": null,
            "account_receivable_turnover_ratio": null,
            "reinvestment_rate": null,
            "research_to_sale_ratio": null,
            "price_fair": 0,
            "eps_avg_yearly": 0,
            "eps_latest_yearly": 0,
            "eps_growth_yearly": 0
        },
        "20014": {
            "year_quarter": 20014,
            "year": 2001,
            "quarter": 4,
            "eps": null,
            "eps_growth_year": null,
            "eps_4q": null,
            "eps_4q_growth_year": null,
            "roe": null,
            "roe_4q": 0,
            "gross_profit": null,
            "gross_margin": null,
            "gross_margin_4q_avg": 0,
            "net_income": null,
            "net_income_4q": null,
            "revenue": null,
            "revenue_4q": null,
            "common_shares": null,
            "book_valuer_per_share": null,
            "book_valuer_per_share_4q_avg": 0,
            "equity": null,
            "current_ratio": null,
            "debt_ratio": null,
            "inventory_turnover_ratio": null,
            "account_receivable_turnover_ratio": null,
            "reinvestment_rate": null,
            "research_to_sale_ratio": null,
            "price_fair": 0,
            "eps_avg_yearly": 0,
            "eps_latest_yearly": 0,
            "eps_growth_yearly": 0
        },
        "20021": {
            "year_quarter": 20021,
            "year": 2002,
            "quarter": 1,
            "eps": null,
            "eps_growth_year": null,
            "eps_4q": null,
            "eps_4q_growth_year": null,
            "roe": null,
            "roe_4q": 0,
            "gross_profit": null,
            "gross_margin": null,
            "gross_margin_4q_avg": 0,
            "net_income": null,
            "net_income_4q": null,
            "revenue": null,
            "revenue_4q": null,
            "common_shares": null,
            "book_valuer_per_share": null,
            "book_valuer_per_share_4q_avg": 0,
            "equity": null,
            "current_ratio": null,
            "debt_ratio": null,
            "inventory_turnover_ratio": null,
            "account_receivable_turnover_ratio": null,
            "reinvestment_rate": null,
            "research_to_sale_ratio": null,
            "price_fair": 0,
            "eps_avg_yearly": 0,
            "eps_latest_yearly": 0,
            "eps_growth_yearly": 0
        },
        "20022": {
            "year_quarter": 20022,
            "year": 2002,
            "quarter": 2,
            "eps": null,
            "eps_growth_year": null,
            "eps_4q": null,
            "eps_4q_growth_year": null,
            "roe": null,
            "roe_4q": 0,
            "gross_profit": null,
            "gross_margin": null,
            "gross_margin_4q_avg": 0,
            "net_income": null,
            "net_income_4q": null,
            "revenue": null,
            "revenue_4q": null,
            "common_shares": null,
            "book_valuer_per_share": null,
            "book_valuer_per_share_4q_avg": 0,
            "equity": null,
            "current_ratio": null,
            "debt_ratio": null,
            "inventory_turnover_ratio": null,
            "account_receivable_turnover_ratio": null,
            "reinvestment_rate": null,
            "research_to_sale_ratio": null,
            "price_fair": 0,
            "eps_avg_yearly": 0,
            "eps_latest_yearly": 0,
            "eps_growth_yearly": 0
        },
        "20023": {
            "year_quarter": 20023,
            "year": 2002,
            "quarter": 3,
            "eps": null,
            "eps_growth_year": null,
            "eps_4q": null,
            "eps_4q_growth_year": null,
            "roe": null,
            "roe_4q": 0,
            "gross_profit": null,
            "gross_margin": null,
            "gross_margin_4q_avg": 0,
            "net_income": null,
            "net_income_4q": null,
            "revenue": null,
            "revenue_4q": null,
            "common_shares": null,
            "book_valuer_per_share": null,
            "book_valuer_per_share_4q_avg": 0,
            "equity": null,
            "current_ratio": null,
            "debt_ratio": null,
            "inventory_turnover_ratio": null,
            "account_receivable_turnover_ratio": null,
            "reinvestment_rate": null,
            "research_to_sale_ratio": null,
            "price_fair": 0,
            "eps_avg_yearly": 0,
            "eps_latest_yearly": 0,
            "eps_growth_yearly": 0
        },
        "20024": {
            "year_quarter": 20024,
            "year": 2002,
            "quarter": 4,
            "eps": null,
            "eps_growth_year": null,
            "eps_4q": null,
            "eps_4q_growth_year": null,
            "roe": null,
            "roe_4q": 0,
            "gross_profit": null,
            "gross_margin": null,
            "gross_margin_4q_avg": 0,
            "net_income": null,
            "net_income_4q": null,
            "revenue": null,
            "revenue_4q": null,
            "common_shares": null,
            "book_valuer_per_share": null,
            "book_valuer_per_share_4q_avg": 0,
            "equity": null,
            "current_ratio": null,
            "debt_ratio": null,
            "inventory_turnover_ratio": null,
            "account_receivable_turnover_ratio": null,
            "reinvestment_rate": null,
            "research_to_sale_ratio": null,
            "price_fair": 0,
            "eps_avg_yearly": 0,
            "eps_latest_yearly": 0,
            "eps_growth_yearly": 0
        },
        "20031": {
            "year_quarter": 20031,
            "year": 2003,
            "quarter": 1,
            "eps": null,
            "eps_growth_year": null,
            "eps_4q": null,
            "eps_4q_growth_year": null,
            "roe": null,
            "roe_4q": 0,
            "gross_profit": null,
            "gross_margin": null,
            "gross_margin_4q_avg": 0,
            "net_income": null,
            "net_income_4q": null,
            "revenue": null,
            "revenue_4q": null,
            "common_shares": null,
            "book_valuer_per_share": null,
            "book_valuer_per_share_4q_avg": 0,
            "equity": null,
            "current_ratio": null,
            "debt_ratio": null,
            "inventory_turnover_ratio": null,
            "account_receivable_turnover_ratio": null,
            "reinvestment_rate": null,
            "research_to_sale_ratio": null,
            "price_fair": 0,
            "eps_avg_yearly": 0,
            "eps_latest_yearly": 0,
            "eps_growth_yearly": 0
        },
        "20032": {
            "year_quarter": 20032,
            "year": 2003,
            "quarter": 2,
            "eps": null,
            "eps_growth_year": null,
            "eps_4q": null,
            "eps_4q_growth_year": null,
            "roe": null,
            "roe_4q": 0,
            "gross_profit": null,
            "gross_margin": null,
            "gross_margin_4q_avg": 0,
            "net_income": null,
            "net_income_4q": null,
            "revenue": null,
            "revenue_4q": null,
            "common_shares": null,
            "book_valuer_per_share": null,
            "book_valuer_per_share_4q_avg": 0,
            "equity": null,
            "current_ratio": null,
            "debt_ratio": null,
            "inventory_turnover_ratio": null,
            "account_receivable_turnover_ratio": null,
            "reinvestment_rate": null,
            "research_to_sale_ratio": null,
            "price_fair": 0,
            "eps_avg_yearly": 0,
            "eps_latest_yearly": 0,
            "eps_growth_yearly": 0
        },
        "20033": {
            "year_quarter": 20033,
            "year": 2003,
            "quarter": 3,
            "eps": null,
            "eps_growth_year": null,
            "eps_4q": null,
            "eps_4q_growth_year": null,
            "roe": null,
            "roe_4q": 0,
            "gross_profit": null,
            "gross_margin": null,
            "gross_margin_4q_avg": 0,
            "net_income": null,
            "net_income_4q": null,
            "revenue": null,
            "revenue_4q": null,
            "common_shares": null,
            "book_valuer_per_share": null,
            "book_valuer_per_share_4q_avg": 0,
            "equity": null,
            "current_ratio": null,
            "debt_ratio": null,
            "inventory_turnover_ratio": null,
            "account_receivable_turnover_ratio": null,
            "reinvestment_rate": null,
            "research_to_sale_ratio": null,
            "price_fair": 0,
            "eps_avg_yearly": 0,
            "eps_latest_yearly": 0,
            "eps_growth_yearly": 0
        },
        "20034": {
            "year_quarter": 20034,
            "year": 2003,
            "quarter": 4,
            "eps": null,
            "eps_growth_year": null,
            "eps_4q": null,
            "eps_4q_growth_year": null,
            "roe": null,
            "roe_4q": 0,
            "gross_profit": null,
            "gross_margin": null,
            "gross_margin_4q_avg": 0,
            "net_income": null,
            "net_income_4q": null,
            "revenue": null,
            "revenue_4q": null,
            "common_shares": null,
            "book_valuer_per_share": null,
            "book_valuer_per_share_4q_avg": 0,
            "equity": null,
            "current_ratio": null,
            "debt_ratio": null,
            "inventory_turnover_ratio": null,
            "account_receivable_turnover_ratio": null,
            "reinvestment_rate": null,
            "research_to_sale_ratio": null,
            "price_fair": 0,
            "eps_avg_yearly": 0,
            "eps_latest_yearly": 0,
            "eps_growth_yearly": 0
        },
        "20041": {
            "year_quarter": 20041,
            "year": 2004,
            "quarter": 1,
            "eps": null,
            "eps_growth_year": null,
            "eps_4q": null,
            "eps_4q_growth_year": null,
            "roe": null,
            "roe_4q": 0,
            "gross_profit": null,
            "gross_margin": null,
            "gross_margin_4q_avg": 0,
            "net_income": null,
            "net_income_4q": null,
            "revenue": null,
            "revenue_4q": null,
            "common_shares": null,
            "book_valuer_per_share": null,
            "book_valuer_per_share_4q_avg": 0,
            "equity": null,
            "current_ratio": null,
            "debt_ratio": null,
            "inventory_turnover_ratio": null,
            "account_receivable_turnover_ratio": null,
            "reinvestment_rate": null,
            "research_to_sale_ratio": null,
            "price_fair": 0,
            "eps_avg_yearly": 0,
            "eps_latest_yearly": 0,
            "eps_growth_yearly": 0
        },
        "20042": {
            "year_quarter": 20042,
            "year": 2004,
            "quarter": 2,
            "eps": null,
            "eps_growth_year": null,
            "eps_4q": null,
            "eps_4q_growth_year": null,
            "roe": null,
            "roe_4q": 0,
            "gross_profit": null,
            "gross_margin": null,
            "gross_margin_4q_avg": 0,
            "net_income": null,
            "net_income_4q": null,
            "revenue": null,
            "revenue_4q": null,
            "common_shares": null,
            "book_valuer_per_share": null,
            "book_valuer_per_share_4q_avg": 0,
            "equity": null,
            "current_ratio": null,
            "debt_ratio": null,
            "inventory_turnover_ratio": null,
            "account_receivable_turnover_ratio": null,
            "reinvestment_rate": null,
            "research_to_sale_ratio": null,
            "price_fair": 0,
            "eps_avg_yearly": 0,
            "eps_latest_yearly": 0,
            "eps_growth_yearly": 0
        },
        "20043": {
            "year_quarter": 20043,
            "year": 2004,
            "quarter": 3,
            "eps": null,
            "eps_growth_year": null,
            "eps_4q": null,
            "eps_4q_growth_year": null,
            "roe": null,
            "roe_4q": 0,
            "gross_profit": null,
            "gross_margin": null,
            "gross_margin_4q_avg": 0,
            "net_income": null,
            "net_income_4q": null,
            "revenue": null,
            "revenue_4q": null,
            "common_shares": null,
            "book_valuer_per_share": null,
            "book_valuer_per_share_4q_avg": 0,
            "equity": null,
            "current_ratio": null,
            "debt_ratio": null,
            "inventory_turnover_ratio": null,
            "account_receivable_turnover_ratio": null,
            "reinvestment_rate": null,
            "research_to_sale_ratio": null,
            "price_fair": 0,
            "eps_avg_yearly": 0,
            "eps_latest_yearly": 0,
            "eps_growth_yearly": 0
        },
        "20044": {
            "year_quarter": 20044,
            "year": 2004,
            "quarter": 4,
            "eps": null,
            "eps_growth_year": null,
            "eps_4q": null,
            "eps_4q_growth_year": null,
            "roe": null,
            "roe_4q": 0,
            "gross_profit": null,
            "gross_margin": null,
            "gross_margin_4q_avg": 0,
            "net_income": null,
            "net_income_4q": null,
            "revenue": null,
            "revenue_4q": null,
            "common_shares": null,
            "book_valuer_per_share": null,
            "book_valuer_per_share_4q_avg": 0,
            "equity": null,
            "current_ratio": null,
            "debt_ratio": null,
            "inventory_turnover_ratio": null,
            "account_receivable_turnover_ratio": null,
            "reinvestment_rate": null,
            "research_to_sale_ratio": null,
            "price_fair": 0,
            "eps_avg_yearly": 0,
            "eps_latest_yearly": 0,
            "eps_growth_yearly": 0
        },
        "20051": {
            "year_quarter": 20051,
            "year": 2005,
            "quarter": 1,
            "eps": null,
            "eps_growth_year": null,
            "eps_4q": null,
            "eps_4q_growth_year": null,
            "roe": null,
            "roe_4q": 0,
            "gross_profit": null,
            "gross_margin": null,
            "gross_margin_4q_avg": 0,
            "net_income": null,
            "net_income_4q": null,
            "revenue": null,
            "revenue_4q": null,
            "common_shares": null,
            "book_valuer_per_share": null,
            "book_valuer_per_share_4q_avg": 0,
            "equity": null,
            "current_ratio": null,
            "debt_ratio": null,
            "inventory_turnover_ratio": null,
            "account_receivable_turnover_ratio": null,
            "reinvestment_rate": null,
            "research_to_sale_ratio": null,
            "price_fair": 0,
            "eps_avg_yearly": 0,
            "eps_latest_yearly": 0,
            "eps_growth_yearly": 0
        },
        "20052": {
            "year_quarter": 20052,
            "year": 2005,
            "quarter": 2,
            "eps": null,
            "eps_growth_year": null,
            "eps_4q": null,
            "eps_4q_growth_year": null,
            "roe": null,
            "roe_4q": 0,
            "gross_profit": null,
            "gross_margin": null,
            "gross_margin_4q_avg": 0,
            "net_income": null,
            "net_income_4q": null,
            "revenue": null,
            "revenue_4q": null,
            "common_shares": null,
            "book_valuer_per_share": null,
            "book_valuer_per_share_4q_avg": 0,
            "equity": null,
            "current_ratio": null,
            "debt_ratio": null,
            "inventory_turnover_ratio": null,
            "account_receivable_turnover_ratio": null,
            "reinvestment_rate": null,
            "research_to_sale_ratio": null,
            "price_fair": 0,
            "eps_avg_yearly": 0,
            "eps_latest_yearly": 0,
            "eps_growth_yearly": 0
        },
        "20053": {
            "year_quarter": 20053,
            "year": 2005,
            "quarter": 3,
            "eps": null,
            "eps_growth_year": null,
            "eps_4q": null,
            "eps_4q_growth_year": null,
            "roe": null,
            "roe_4q": 0,
            "gross_profit": null,
            "gross_margin": null,
            "gross_margin_4q_avg": 0,
            "net_income": null,
            "net_income_4q": null,
            "revenue": null,
            "revenue_4q": null,
            "common_shares": null,
            "book_valuer_per_share": null,
            "book_valuer_per_share_4q_avg": 0,
            "equity": null,
            "current_ratio": null,
            "debt_ratio": null,
            "inventory_turnover_ratio": null,
            "account_receivable_turnover_ratio": null,
            "reinvestment_rate": null,
            "research_to_sale_ratio": null,
            "price_fair": 0,
            "eps_avg_yearly": 0,
            "eps_latest_yearly": 0,
            "eps_growth_yearly": 0
        },
        "20054": {
            "year_quarter": 20054,
            "year": 2005,
            "quarter": 4,
            "eps": null,
            "eps_growth_year": null,
            "eps_4q": null,
            "eps_4q_growth_year": null,
            "roe": null,
            "roe_4q": 0,
            "gross_profit": null,
            "gross_margin": null,
            "gross_margin_4q_avg": 0,
            "net_income": null,
            "net_income_4q": null,
            "revenue": null,
            "revenue_4q": null,
            "common_shares": null,
            "book_valuer_per_share": null,
            "book_valuer_per_share_4q_avg": 0,
            "equity": null,
            "current_ratio": null,
            "debt_ratio": null,
            "inventory_turnover_ratio": null,
            "account_receivable_turnover_ratio": null,
            "reinvestment_rate": null,
            "research_to_sale_ratio": null,
            "price_fair": 0,
            "eps_avg_yearly": 0,
            "eps_latest_yearly": 0,
            "eps_growth_yearly": 0
        },
        "20061": {
            "year_quarter": 20061,
            "year": 2006,
            "quarter": 1,
            "eps": null,
            "eps_growth_year": null,
            "eps_4q": null,
            "eps_4q_growth_year": null,
            "roe": null,
            "roe_4q": 0,
            "gross_profit": null,
            "gross_margin": null,
            "gross_margin_4q_avg": 0,
            "net_income": null,
            "net_income_4q": null,
            "revenue": null,
            "revenue_4q": null,
            "common_shares": null,
            "book_valuer_per_share": null,
            "book_valuer_per_share_4q_avg": 0,
            "equity": null,
            "current_ratio": null,
            "debt_ratio": null,
            "inventory_turnover_ratio": null,
            "account_receivable_turnover_ratio": null,
            "reinvestment_rate": null,
            "research_to_sale_ratio": null,
            "price_fair": 0,
            "eps_avg_yearly": 0,
            "eps_latest_yearly": 0,
            "eps_growth_yearly": 0
        },
        "20062": {
            "year_quarter": 20062,
            "year": 2006,
            "quarter": 2,
            "eps": null,
            "eps_growth_year": null,
            "eps_4q": null,
            "eps_4q_growth_year": null,
            "roe": null,
            "roe_4q": 0,
            "gross_profit": null,
            "gross_margin": null,
            "gross_margin_4q_avg": 0,
            "net_income": null,
            "net_income_4q": null,
            "revenue": null,
            "revenue_4q": null,
            "common_shares": null,
            "book_valuer_per_share": null,
            "book_valuer_per_share_4q_avg": 0,
            "equity": null,
            "current_ratio": null,
            "debt_ratio": null,
            "inventory_turnover_ratio": null,
            "account_receivable_turnover_ratio": null,
            "reinvestment_rate": null,
            "research_to_sale_ratio": null,
            "price_fair": 0,
            "eps_avg_yearly": 0,
            "eps_latest_yearly": 0,
            "eps_growth_yearly": 0
        },
        "20063": {
            "year_quarter": 20063,
            "year": 2006,
            "quarter": 3,
            "eps": null,
            "eps_growth_year": null,
            "eps_4q": null,
            "eps_4q_growth_year": null,
            "roe": null,
            "roe_4q": 0,
            "gross_profit": null,
            "gross_margin": null,
            "gross_margin_4q_avg": 0,
            "net_income": null,
            "net_income_4q": null,
            "revenue": null,
            "revenue_4q": null,
            "common_shares": null,
            "book_valuer_per_share": null,
            "book_valuer_per_share_4q_avg": 0,
            "equity": null,
            "current_ratio": null,
            "debt_ratio": null,
            "inventory_turnover_ratio": null,
            "account_receivable_turnover_ratio": null,
            "reinvestment_rate": null,
            "research_to_sale_ratio": null,
            "price_fair": 0,
            "eps_avg_yearly": 0,
            "eps_latest_yearly": 0,
            "eps_growth_yearly": 0
        },
        "20064": {
            "year_quarter": 20064,
            "year": 2006,
            "quarter": 4,
            "eps": null,
            "eps_growth_year": null,
            "eps_4q": null,
            "eps_4q_growth_year": null,
            "roe": null,
            "roe_4q": 0,
            "gross_profit": null,
            "gross_margin": null,
            "gross_margin_4q_avg": 0,
            "net_income": null,
            "net_income_4q": null,
            "revenue": null,
            "revenue_4q": null,
            "common_shares": 630000,
            "book_valuer_per_share": 4.19,
            "book_valuer_per_share_4q_avg": 1.05,
            "equity": 263656,
            "current_ratio": 2455.54,
            "debt_ratio": 5.19,
            "inventory_turnover_ratio": null,
            "account_receivable_turnover_ratio": null,
            "reinvestment_rate": null,
            "research_to_sale_ratio": null,
            "price_fair": 0,
            "eps_avg_yearly": 0,
            "eps_latest_yearly": 0,
            "eps_growth_yearly": 0
        },
        "20071": {
            "year_quarter": 20071,
            "year": 2007,
            "quarter": 1,
            "eps": null,
            "eps_growth_year": null,
            "eps_4q": null,
            "eps_4q_growth_year": null,
            "roe": null,
            "roe_4q": 0,
            "gross_profit": null,
            "gross_margin": null,
            "gross_margin_4q_avg": 0,
            "net_income": null,
            "net_income_4q": null,
            "revenue": null,
            "revenue_4q": null,
            "common_shares": null,
            "book_valuer_per_share": null,
            "book_valuer_per_share_4q_avg": 1.05,
            "equity": null,
            "current_ratio": null,
            "debt_ratio": null,
            "inventory_turnover_ratio": null,
            "account_receivable_turnover_ratio": null,
            "reinvestment_rate": null,
            "research_to_sale_ratio": null,
            "price_fair": 0,
            "eps_avg_yearly": 0,
            "eps_latest_yearly": 0,
            "eps_growth_yearly": 0
        },
        "20072": {
            "year_quarter": 20072,
            "year": 2007,
            "quarter": 2,
            "eps": null,
            "eps_growth_year": null,
            "eps_4q": null,
            "eps_4q_growth_year": null,
            "roe": null,
            "roe_4q": 0,
            "gross_profit": null,
            "gross_margin": null,
            "gross_margin_4q_avg": 0,
            "net_income": null,
            "net_income_4q": null,
            "revenue": null,
            "revenue_4q": null,
            "common_shares": null,
            "book_valuer_per_share": null,
            "book_valuer_per_share_4q_avg": 1.05,
            "equity": null,
            "current_ratio": null,
            "debt_ratio": null,
            "inventory_turnover_ratio": null,
            "account_receivable_turnover_ratio": null,
            "reinvestment_rate": null,
            "research_to_sale_ratio": null,
            "price_fair": 0,
            "eps_avg_yearly": 0,
            "eps_latest_yearly": 0,
            "eps_growth_yearly": 0
        },
        "20073": {
            "year_quarter": 20073,
            "year": 2007,
            "quarter": 3,
            "eps": null,
            "eps_growth_year": null,
            "eps_4q": null,
            "eps_4q_growth_year": null,
            "roe": null,
            "roe_4q": 0,
            "gross_profit": null,
            "gross_margin": null,
            "gross_margin_4q_avg": 0,
            "net_income": null,
            "net_income_4q": null,
            "revenue": null,
            "revenue_4q": null,
            "common_shares": null,
            "book_valuer_per_share": null,
            "book_valuer_per_share_4q_avg": 1.05,
            "equity": null,
            "current_ratio": null,
            "debt_ratio": null,
            "inventory_turnover_ratio": null,
            "account_receivable_turnover_ratio": null,
            "reinvestment_rate": null,
            "research_to_sale_ratio": null,
            "price_fair": 0,
            "eps_avg_yearly": 0,
            "eps_latest_yearly": 0,
            "eps_growth_yearly": 0
        },
        "20074": {
            "year_quarter": 20074,
            "year": 2007,
            "quarter": 4,
            "eps": null,
            "eps_growth_year": null,
            "eps_4q": null,
            "eps_4q_growth_year": null,
            "roe": null,
            "roe_4q": 0,
            "gross_profit": null,
            "gross_margin": null,
            "gross_margin_4q_avg": 0,
            "net_income": null,
            "net_income_4q": null,
            "revenue": null,
            "revenue_4q": null,
            "common_shares": 630000,
            "book_valuer_per_share": 2.39,
            "book_valuer_per_share_4q_avg": 0.6,
            "equity": 150763,
            "current_ratio": 1040.99,
            "debt_ratio": 11.18,
            "inventory_turnover_ratio": null,
            "account_receivable_turnover_ratio": null,
            "reinvestment_rate": null,
            "research_to_sale_ratio": null,
            "price_fair": 0,
            "eps_avg_yearly": 0,
            "eps_latest_yearly": 0,
            "eps_growth_yearly": 0
        },
        "20081": {
            "year_quarter": 20081,
            "year": 2008,
            "quarter": 1,
            "eps": null,
            "eps_growth_year": null,
            "eps_4q": null,
            "eps_4q_growth_year": null,
            "roe": null,
            "roe_4q": 0,
            "gross_profit": null,
            "gross_margin": null,
            "gross_margin_4q_avg": 0,
            "net_income": null,
            "net_income_4q": null,
            "revenue": null,
            "revenue_4q": null,
            "common_shares": null,
            "book_valuer_per_share": null,
            "book_valuer_per_share_4q_avg": 0.6,
            "equity": null,
            "current_ratio": null,
            "debt_ratio": null,
            "inventory_turnover_ratio": null,
            "account_receivable_turnover_ratio": null,
            "reinvestment_rate": null,
            "research_to_sale_ratio": null,
            "price_fair": 0,
            "eps_avg_yearly": 0,
            "eps_latest_yearly": 0,
            "eps_growth_yearly": 0
        },
        "20082": {
            "year_quarter": 20082,
            "year": 2008,
            "quarter": 2,
            "eps": null,
            "eps_growth_year": null,
            "eps_4q": null,
            "eps_4q_growth_year": null,
            "roe": null,
            "roe_4q": 0,
            "gross_profit": null,
            "gross_margin": null,
            "gross_margin_4q_avg": 0,
            "net_income": null,
            "net_income_4q": null,
            "revenue": null,
            "revenue_4q": null,
            "common_shares": null,
            "book_valuer_per_share": null,
            "book_valuer_per_share_4q_avg": 0.6,
            "equity": null,
            "current_ratio": null,
            "debt_ratio": null,
            "inventory_turnover_ratio": null,
            "account_receivable_turnover_ratio": null,
            "reinvestment_rate": null,
            "research_to_sale_ratio": null,
            "price_fair": 0,
            "eps_avg_yearly": 0,
            "eps_latest_yearly": 0,
            "eps_growth_yearly": 0
        },
        "20083": {
            "year_quarter": 20083,
            "year": 2008,
            "quarter": 3,
            "eps": null,
            "eps_growth_year": null,
            "eps_4q": null,
            "eps_4q_growth_year": null,
            "roe": null,
            "roe_4q": 0,
            "gross_profit": null,
            "gross_margin": null,
            "gross_margin_4q_avg": 0,
            "net_income": null,
            "net_income_4q": null,
            "revenue": null,
            "revenue_4q": null,
            "common_shares": null,
            "book_valuer_per_share": null,
            "book_valuer_per_share_4q_avg": 0.6,
            "equity": null,
            "current_ratio": null,
            "debt_ratio": null,
            "inventory_turnover_ratio": null,
            "account_receivable_turnover_ratio": null,
            "reinvestment_rate": null,
            "research_to_sale_ratio": null,
            "price_fair": 0,
            "eps_avg_yearly": 0,
            "eps_latest_yearly": 0,
            "eps_growth_yearly": 0
        },
        "20084": {
            "year_quarter": 20084,
            "year": 2008,
            "quarter": 4,
            "eps": null,
            "eps_growth_year": null,
            "eps_4q": null,
            "eps_4q_growth_year": null,
            "roe": null,
            "roe_4q": 0,
            "gross_profit": null,
            "gross_margin": null,
            "gross_margin_4q_avg": 0,
            "net_income": null,
            "net_income_4q": null,
            "revenue": null,
            "revenue_4q": null,
            "common_shares": 630000,
            "book_valuer_per_share": 0.62,
            "book_valuer_per_share_4q_avg": 0.16,
            "equity": 38795,
            "current_ratio": 314.39,
            "debt_ratio": 34.6,
            "inventory_turnover_ratio": null,
            "account_receivable_turnover_ratio": null,
            "reinvestment_rate": null,
            "research_to_sale_ratio": null,
            "price_fair": 0,
            "eps_avg_yearly": 0,
            "eps_latest_yearly": 0,
            "eps_growth_yearly": 0
        },
        "20091": {
            "year_quarter": 20091,
            "year": 2009,
            "quarter": 1,
            "eps": null,
            "eps_growth_year": null,
            "eps_4q": null,
            "eps_4q_growth_year": null,
            "roe": null,
            "roe_4q": 0,
            "gross_profit": null,
            "gross_margin": null,
            "gross_margin_4q_avg": 0,
            "net_income": null,
            "net_income_4q": null,
            "revenue": null,
            "revenue_4q": null,
            "common_shares": null,
            "book_valuer_per_share": null,
            "book_valuer_per_share_4q_avg": 0.16,
            "equity": null,
            "current_ratio": null,
            "debt_ratio": null,
            "inventory_turnover_ratio": null,
            "account_receivable_turnover_ratio": null,
            "reinvestment_rate": null,
            "research_to_sale_ratio": null,
            "price_fair": 0,
            "eps_avg_yearly": 0,
            "eps_latest_yearly": 0,
            "eps_growth_yearly": 0
        },
        "20092": {
            "year_quarter": 20092,
            "year": 2009,
            "quarter": 2,
            "eps": null,
            "eps_growth_year": null,
            "eps_4q": null,
            "eps_4q_growth_year": null,
            "roe": null,
            "roe_4q": 0,
            "gross_profit": null,
            "gross_margin": null,
            "gross_margin_4q_avg": 0,
            "net_income": null,
            "net_income_4q": null,
            "revenue": null,
            "revenue_4q": null,
            "common_shares": null,
            "book_valuer_per_share": null,
            "book_valuer_per_share_4q_avg": 0.16,
            "equity": null,
            "current_ratio": null,
            "debt_ratio": null,
            "inventory_turnover_ratio": null,
            "account_receivable_turnover_ratio": null,
            "reinvestment_rate": null,
            "research_to_sale_ratio": null,
            "price_fair": 0,
            "eps_avg_yearly": 0,
            "eps_latest_yearly": 0,
            "eps_growth_yearly": 0
        },
        "20093": {
            "year_quarter": 20093,
            "year": 2009,
            "quarter": 3,
            "eps": null,
            "eps_growth_year": null,
            "eps_4q": null,
            "eps_4q_growth_year": null,
            "roe": null,
            "roe_4q": 0,
            "gross_profit": null,
            "gross_margin": null,
            "gross_margin_4q_avg": 0,
            "net_income": null,
            "net_income_4q": null,
            "revenue": null,
            "revenue_4q": null,
            "common_shares": null,
            "book_valuer_per_share": null,
            "book_valuer_per_share_4q_avg": 0.16,
            "equity": null,
            "current_ratio": null,
            "debt_ratio": null,
            "inventory_turnover_ratio": null,
            "account_receivable_turnover_ratio": null,
            "reinvestment_rate": null,
            "research_to_sale_ratio": null,
            "price_fair": 0,
            "eps_avg_yearly": 0,
            "eps_latest_yearly": 0,
            "eps_growth_yearly": 0
        },
        "20094": {
            "year_quarter": 20094,
            "year": 2009,
            "quarter": 4,
            "eps": null,
            "eps_growth_year": null,
            "eps_4q": null,
            "eps_4q_growth_year": null,
            "roe": null,
            "roe_4q": 0,
            "gross_profit": null,
            "gross_margin": null,
            "gross_margin_4q_avg": 0,
            "net_income": null,
            "net_income_4q": null,
            "revenue": null,
            "revenue_4q": null,
            "common_shares": 441000,
            "book_valuer_per_share": 0.26,
            "book_valuer_per_share_4q_avg": 0.07,
            "equity": 11292,
            "current_ratio": 140.97,
            "debt_ratio": 72.98,
            "inventory_turnover_ratio": null,
            "account_receivable_turnover_ratio": null,
            "reinvestment_rate": null,
            "research_to_sale_ratio": null,
            "price_fair": 0,
            "eps_avg_yearly": 0,
            "eps_latest_yearly": 0,
            "eps_growth_yearly": 0
        },
        "20101": {
            "year_quarter": 20101,
            "year": 2010,
            "quarter": 1,
            "eps": null,
            "eps_growth_year": null,
            "eps_4q": null,
            "eps_4q_growth_year": null,
            "roe": null,
            "roe_4q": 0,
            "gross_profit": null,
            "gross_margin": null,
            "gross_margin_4q_avg": 0,
            "net_income": null,
            "net_income_4q": null,
            "revenue": null,
            "revenue_4q": null,
            "common_shares": null,
            "book_valuer_per_share": null,
            "book_valuer_per_share_4q_avg": 0.07,
            "equity": null,
            "current_ratio": null,
            "debt_ratio": null,
            "inventory_turnover_ratio": null,
            "account_receivable_turnover_ratio": null,
            "reinvestment_rate": null,
            "research_to_sale_ratio": null,
            "price_fair": 0,
            "eps_avg_yearly": 0,
            "eps_latest_yearly": 0,
            "eps_growth_yearly": 0
        },
        "20102": {
            "year_quarter": 20102,
            "year": 2010,
            "quarter": 2,
            "eps": null,
            "eps_growth_year": null,
            "eps_4q": null,
            "eps_4q_growth_year": null,
            "roe": null,
            "roe_4q": 0,
            "gross_profit": null,
            "gross_margin": null,
            "gross_margin_4q_avg": 0,
            "net_income": null,
            "net_income_4q": null,
            "revenue": null,
            "revenue_4q": null,
            "common_shares": null,
            "book_valuer_per_share": null,
            "book_valuer_per_share_4q_avg": 0.07,
            "equity": null,
            "current_ratio": null,
            "debt_ratio": null,
            "inventory_turnover_ratio": null,
            "account_receivable_turnover_ratio": null,
            "reinvestment_rate": null,
            "research_to_sale_ratio": null,
            "price_fair": 0,
            "eps_avg_yearly": 0,
            "eps_latest_yearly": 0,
            "eps_growth_yearly": 0
        },
        "20103": {
            "year_quarter": 20103,
            "year": 2010,
            "quarter": 3,
            "eps": null,
            "eps_growth_year": null,
            "eps_4q": null,
            "eps_4q_growth_year": null,
            "roe": null,
            "roe_4q": 0,
            "gross_profit": null,
            "gross_margin": null,
            "gross_margin_4q_avg": 0,
            "net_income": null,
            "net_income_4q": null,
            "revenue": null,
            "revenue_4q": null,
            "common_shares": null,
            "book_valuer_per_share": null,
            "book_valuer_per_share_4q_avg": 0.07,
            "equity": null,
            "current_ratio": null,
            "debt_ratio": null,
            "inventory_turnover_ratio": null,
            "account_receivable_turnover_ratio": null,
            "reinvestment_rate": null,
            "research_to_sale_ratio": null,
            "price_fair": 0,
            "eps_avg_yearly": 0,
            "eps_latest_yearly": 0,
            "eps_growth_yearly": 0
        },
        "20104": {
            "year_quarter": 20104,
            "year": 2010,
            "quarter": 4,
            "eps": null,
            "eps_growth_year": null,
            "eps_4q": null,
            "eps_4q_growth_year": null,
            "roe": null,
            "roe_4q": 0,
            "gross_profit": null,
            "gross_margin": null,
            "gross_margin_4q_avg": 0,
            "net_income": null,
            "net_income_4q": null,
            "revenue": null,
            "revenue_4q": null,
            "common_shares": 607700,
            "book_valuer_per_share": 1.29,
            "book_valuer_per_share_4q_avg": 0.32,
            "equity": 81422,
            "current_ratio": 849.59,
            "debt_ratio": 14.53,
            "inventory_turnover_ratio": null,
            "account_receivable_turnover_ratio": null,
            "reinvestment_rate": null,
            "research_to_sale_ratio": null,
            "price_fair": 0,
            "eps_avg_yearly": 0,
            "eps_latest_yearly": 0,
            "eps_growth_yearly": 0
        },
        "20111": {
            "year_quarter": 20111,
            "year": 2011,
            "quarter": 1,
            "eps": null,
            "eps_growth_year": null,
            "eps_4q": null,
            "eps_4q_growth_year": null,
            "roe": null,
            "roe_4q": 0,
            "gross_profit": 0,
            "gross_margin": null,
            "gross_margin_4q_avg": 0,
            "net_income": -19845,
            "net_income_4q": null,
            "revenue": 0,
            "revenue_4q": null,
            "common_shares": 607700,
            "book_valuer_per_share": 1.56,
            "book_valuer_per_share_4q_avg": 0.71,
            "equity": 94770,
            "current_ratio": 1726.95,
            "debt_ratio": 8.42,
            "inventory_turnover_ratio": null,
            "account_receivable_turnover_ratio": null,
            "reinvestment_rate": null,
            "research_to_sale_ratio": null,
            "price_fair": 0,
            "eps_avg_yearly": 0,
            "eps_latest_yearly": 0,
            "eps_growth_yearly": 0
        },
        "20112": {
            "year_quarter": 20112,
            "year": 2011,
            "quarter": 2,
            "eps": null,
            "eps_growth_year": null,
            "eps_4q": null,
            "eps_4q_growth_year": null,
            "roe": null,
            "roe_4q": 0,
            "gross_profit": 285700,
            "gross_margin": null,
            "gross_margin_4q_avg": 0,
            "net_income": 268208,
            "net_income_4q": null,
            "revenue": 285700,
            "revenue_4q": null,
            "common_shares": 741000,
            "book_valuer_per_share": 6.92,
            "book_valuer_per_share_4q_avg": 2.44,
            "equity": 512460,
            "current_ratio": 9991.62,
            "debt_ratio": 1.54,
            "inventory_turnover_ratio": null,
            "account_receivable_turnover_ratio": null,
            "reinvestment_rate": null,
            "research_to_sale_ratio": null,
            "price_fair": 0,
            "eps_avg_yearly": 0,
            "eps_latest_yearly": 0,
            "eps_growth_yearly": 0
        },
        "20113": {
            "year_quarter": 20113,
            "year": 2011,
            "quarter": 3,
            "eps": null,
            "eps_growth_year": null,
            "eps_4q": null,
            "eps_4q_growth_year": null,
            "roe": null,
            "roe_4q": 0,
            "gross_profit": 12116,
            "gross_margin": null,
            "gross_margin_4q_avg": 0,
            "net_income": 7364,
            "net_income_4q": null,
            "revenue": 15204,
            "revenue_4q": null,
            "common_shares": 803620,
            "book_valuer_per_share": 7.28,
            "book_valuer_per_share_4q_avg": 4.26,
            "equity": 585242,
            "current_ratio": 12333.1,
            "debt_ratio": 1.28,
            "inventory_turnover_ratio": null,
            "account_receivable_turnover_ratio": null,
            "reinvestment_rate": null,
            "research_to_sale_ratio": null,
            "price_fair": 0,
            "eps_avg_yearly": 0,
            "eps_latest_yearly": 0,
            "eps_growth_yearly": 0
        },
        "20114": {
            "year_quarter": 20114,
            "year": 2011,
            "quarter": 4,
            "eps": null,
            "eps_growth_year": null,
            "eps_4q": null,
            "eps_4q_growth_year": null,
            "roe": null,
            "roe_4q": 0,
            "gross_profit": 13912,
            "gross_margin": null,
            "gross_margin_4q_avg": 0,
            "net_income": 29980,
            "net_income_4q": null,
            "revenue": 19149,
            "revenue_4q": null,
            "common_shares": 803620,
            "book_valuer_per_share": 7.7,
            "book_valuer_per_share_4q_avg": 5.87,
            "equity": 618480,
            "current_ratio": 4899.54,
            "debt_ratio": 2.46,
            "inventory_turnover_ratio": null,
            "account_receivable_turnover_ratio": null,
            "reinvestment_rate": null,
            "research_to_sale_ratio": null,
            "price_fair": 0,
            "eps_avg_yearly": 0,
            "eps_latest_yearly": 0,
            "eps_growth_yearly": 0
        },
        "20121": {
            "year_quarter": 20121,
            "year": 2012,
            "quarter": 1,
            "eps": 1.68,
            "eps_growth_year": null,
            "eps_4q": 1.67,
            "eps_4q_growth_year": null,
            "roe": 19.56,
            "roe_4q": 19.56,
            "gross_profit": 155139,
            "gross_margin": 98.7,
            "gross_margin_4q_avg": 24.68,
            "net_income": 135322,
            "net_income_4q": null,
            "revenue": 157178,
            "revenue_4q": null,
            "common_shares": 812390,
            "book_valuer_per_share": 9.42,
            "book_valuer_per_share_4q_avg": 7.83,
            "equity": 764974,
            "current_ratio": 8669.22,
            "debt_ratio": 1.5,
            "inventory_turnover_ratio": null,
            "account_receivable_turnover_ratio": 1.9,
            "reinvestment_rate": null,
            "research_to_sale_ratio": 5.47,
            "price_fair": 0,
            "eps_avg_yearly": 0,
            "eps_latest_yearly": 0,
            "eps_growth_yearly": 0
        },
        "20122": {
            "year_quarter": 20122,
            "year": 2012,
            "quarter": 2,
            "eps": -0.1,
            "eps_growth_year": null,
            "eps_4q": 1.57,
            "eps_4q_growth_year": null,
            "roe": -1.03,
            "roe_4q": 18.529999999999998,
            "gross_profit": 6190,
            "gross_margin": 70.35,
            "gross_margin_4q_avg": 42.26,
            "net_income": -7853,
            "net_income_4q": null,
            "revenue": 8799,
            "revenue_4q": null,
            "common_shares": 812510,
            "book_valuer_per_share": 9.33,
            "book_valuer_per_share_4q_avg": 8.43,
            "equity": 758453,
            "current_ratio": 6933.96,
            "debt_ratio": 1.79,
            "inventory_turnover_ratio": null,
            "account_receivable_turnover_ratio": 0.11,
            "reinvestment_rate": null,
            "research_to_sale_ratio": 111.19,
            "price_fair": 0,
            "eps_avg_yearly": 0,
            "eps_latest_yearly": 0,
            "eps_growth_yearly": 0
        },
        "20123": {
            "year_quarter": 20123,
            "year": 2012,
            "quarter": 3,
            "eps": -0.71,
            "eps_growth_year": null,
            "eps_4q": 0.67,
            "eps_4q_growth_year": null,
            "roe": -5.47,
            "roe_4q": 13.059999999999999,
            "gross_profit": 5148,
            "gross_margin": 63.96,
            "gross_margin_4q_avg": 58.25,
            "net_income": -65681,
            "net_income_4q": null,
            "revenue": 8049,
            "revenue_4q": null,
            "common_shares": 920850,
            "book_valuer_per_share": 17.83,
            "book_valuer_per_share_4q_avg": 11.07,
            "equity": 1642159,
            "current_ratio": 11237.11,
            "debt_ratio": 1.05,
            "inventory_turnover_ratio": null,
            "account_receivable_turnover_ratio": 0.95,
            "reinvestment_rate": null,
            "research_to_sale_ratio": 608.66,
            "price_fair": 0,
            "eps_avg_yearly": 0,
            "eps_latest_yearly": 0,
            "eps_growth_yearly": 0
        },
        "20124": {
            "year_quarter": 20124,
            "year": 2012,
            "quarter": 4,
            "eps": -0.14,
            "eps_growth_year": null,
            "eps_4q": 0.53,
            "eps_4q_growth_year": null,
            "roe": -0.78,
            "roe_4q": 12.279999999999998,
            "gross_profit": 5222,
            "gross_margin": 52.23,
            "gross_margin_4q_avg": 71.31,
            "net_income": -12801,
            "net_income_4q": null,
            "revenue": 9999,
            "revenue_4q": null,
            "common_shares": 920850,
            "book_valuer_per_share": 17.73,
            "book_valuer_per_share_4q_avg": 13.58,
            "equity": 1633116,
            "current_ratio": 14120.43,
            "debt_ratio": 0.86,
            "inventory_turnover_ratio": null,
            "account_receivable_turnover_ratio": 1.11,
            "reinvestment_rate": null,
            "research_to_sale_ratio": 80.45,
            "price_fair": 0,
            "eps_avg_yearly": 0,
            "eps_latest_yearly": 0,
            "eps_growth_yearly": 0
        },
        "20131": {
            "year_quarter": 20131,
            "year": 2013,
            "quarter": 1,
            "eps": -0.12,
            "eps_growth_year": -107.14,
            "eps_4q": -1.05,
            "eps_4q_growth_year": -163.1,
            "roe": -0.65,
            "roe_4q": -7.930000000000001,
            "gross_profit": 4391,
            "gross_margin": 54.51,
            "gross_margin_4q_avg": 60.26,
            "net_income": -10616,
            "net_income_4q": null,
            "revenue": 8055,
            "revenue_4q": null,
            "common_shares": 922390,
            "book_valuer_per_share": 17.68,
            "book_valuer_per_share_4q_avg": 15.64,
            "equity": 1630417,
            "current_ratio": 23888.75,
            "debt_ratio": 0.41,
            "inventory_turnover_ratio": null,
            "account_receivable_turnover_ratio": 0.89,
            "reinvestment_rate": null,
            "research_to_sale_ratio": 203.19,
            "price_fair": 0,
            "eps_avg_yearly": 0,
            "eps_latest_yearly": 0,
            "eps_growth_yearly": 0
        },
        "20132": {
            "year_quarter": 20132,
            "year": 2013,
            "quarter": 2,
            "eps": -0.18,
            "eps_growth_year": null,
            "eps_4q": -1.15,
            "eps_4q_growth_year": -173.1,
            "roe": -1.03,
            "roe_4q": -7.93,
            "gross_profit": 5032,
            "gross_margin": 51.57,
            "gross_margin_4q_avg": 55.57,
            "net_income": -16704,
            "net_income_4q": null,
            "revenue": 9758,
            "revenue_4q": null,
            "common_shares": 922530,
            "book_valuer_per_share": 17.53,
            "book_valuer_per_share_4q_avg": 17.69,
            "equity": 1617109,
            "current_ratio": 12963.93,
            "debt_ratio": 0.76,
            "inventory_turnover_ratio": null,
            "account_receivable_turnover_ratio": 1.1,
            "reinvestment_rate": null,
            "research_to_sale_ratio": 184.43,
            "price_fair": 0,
            "eps_avg_yearly": 0,
            "eps_latest_yearly": 0,
            "eps_growth_yearly": 0
        },
        "20133": {
            "year_quarter": 20133,
            "year": 2013,
            "quarter": 3,
            "eps": -0.75,
            "eps_growth_year": null,
            "eps_4q": -0.96,
            "eps_4q_growth_year": -242.68,
            "roe": -4.05,
            "roe_4q": -6.510000000000001,
            "gross_profit": 4659,
            "gross_margin": 51.25,
            "gross_margin_4q_avg": 52.39,
            "net_income": -69711,
            "net_income_4q": null,
            "revenue": 9091,
            "revenue_4q": null,
            "common_shares": 922530,
            "book_valuer_per_share": 19.46,
            "book_valuer_per_share_4q_avg": 18.1,
            "equity": 1825957,
            "current_ratio": 14939.42,
            "debt_ratio": 0.66,
            "inventory_turnover_ratio": null,
            "account_receivable_turnover_ratio": 0.97,
            "reinvestment_rate": null,
            "research_to_sale_ratio": 456.64,
            "price_fair": 0,
            "eps_avg_yearly": 0,
            "eps_latest_yearly": 0,
            "eps_growth_yearly": 0
        },
        "20134": {
            "year_quarter": 20134,
            "year": 2013,
            "quarter": 4,
            "eps": -0.21,
            "eps_growth_year": null,
            "eps_4q": -1.17,
            "eps_4q_growth_year": -320.73,
            "roe": -0.92,
            "roe_4q": -6.65,
            "gross_profit": 3097,
            "gross_margin": 29.51,
            "gross_margin_4q_avg": 46.71,
            "net_income": -20817,
            "net_income_4q": null,
            "revenue": 10496,
            "revenue_4q": null,
            "common_shares": 1003640,
            "book_valuer_per_share": 27.08,
            "book_valuer_per_share_4q_avg": 20.44,
            "equity": 2718094,
            "current_ratio": 10535.48,
            "debt_ratio": 0.94,
            "inventory_turnover_ratio": null,
            "account_receivable_turnover_ratio": 1.07,
            "reinvestment_rate": null,
            "research_to_sale_ratio": 171.92,
            "price_fair": 0,
            "eps_avg_yearly": 0,
            "eps_latest_yearly": 0,
            "eps_growth_yearly": 0
        },
        "20141": {
            "year_quarter": 20141,
            "year": 2014,
            "quarter": 1,
            "eps": -0.09,
            "eps_growth_year": null,
            "eps_4q": -1.16,
            "eps_4q_growth_year": null,
            "roe": -0.34,
            "roe_4q": -6.34,
            "gross_profit": 2912,
            "gross_margin": 66.06,
            "gross_margin_4q_avg": 49.6,
            "net_income": -9113,
            "net_income_4q": null,
            "revenue": 4408,
            "revenue_4q": null,
            "common_shares": 1004700,
            "book_valuer_per_share": 27,
            "book_valuer_per_share_4q_avg": 22.77,
            "equity": 2712888,
            "current_ratio": 35383.46,
            "debt_ratio": 0.28,
            "inventory_turnover_ratio": null,
            "account_receivable_turnover_ratio": 0.59,
            "reinvestment_rate": null,
            "research_to_sale_ratio": 350.73,
            "price_fair": 0,
            "eps_avg_yearly": 0,
            "eps_latest_yearly": 0,
            "eps_growth_yearly": 0
        },
        "20142": {
            "year_quarter": 20142,
            "year": 2014,
            "quarter": 2,
            "eps": -0.28,
            "eps_growth_year": null,
            "eps_4q": -1.27,
            "eps_4q_growth_year": null,
            "roe": -1.05,
            "roe_4q": -6.359999999999999,
            "gross_profit": 2226,
            "gross_margin": 54.24,
            "gross_margin_4q_avg": 50.27,
            "net_income": -28340,
            "net_income_4q": null,
            "revenue": 4104,
            "revenue_4q": null,
            "common_shares": 1004880,
            "book_valuer_per_share": 26.74,
            "book_valuer_per_share_4q_avg": 25.07,
            "equity": 2687407,
            "current_ratio": 18213.43,
            "debt_ratio": 0.55,
            "inventory_turnover_ratio": null,
            "account_receivable_turnover_ratio": 0.97,
            "reinvestment_rate": null,
            "research_to_sale_ratio": 492.98,
            "price_fair": 0,
            "eps_avg_yearly": 0,
            "eps_latest_yearly": 0,
            "eps_growth_yearly": 0
        },
        "20143": {
            "year_quarter": 20143,
            "year": 2014,
            "quarter": 3,
            "eps": 1.93,
            "eps_growth_year": null,
            "eps_4q": 1.34,
            "eps_4q_growth_year": null,
            "roe": 6.9,
            "roe_4q": 4.590000000000001,
            "gross_profit": 213707,
            "gross_margin": 99.49,
            "gross_margin_4q_avg": 62.33,
            "net_income": 193436,
            "net_income_4q": null,
            "revenue": 214796,
            "revenue_4q": null,
            "common_shares": 1008500,
            "book_valuer_per_share": 28.98,
            "book_valuer_per_share_4q_avg": 27.45,
            "equity": 2922914,
            "current_ratio": 16033.67,
            "debt_ratio": 0.62,
            "inventory_turnover_ratio": null,
            "account_receivable_turnover_ratio": 1.95,
            "reinvestment_rate": null,
            "research_to_sale_ratio": 9.99,
            "price_fair": 0,
            "eps_avg_yearly": 0,
            "eps_latest_yearly": 0,
            "eps_growth_yearly": 0
        },
        "20144": {
            "year_quarter": 20144,
            "year": 2014,
            "quarter": 4,
            "eps": -0.32,
            "eps_growth_year": null,
            "eps_4q": 1.21,
            "eps_4q_growth_year": null,
            "roe": -1.11,
            "roe_4q": 4.4,
            "gross_profit": 3136,
            "gross_margin": 55.23,
            "gross_margin_4q_avg": 68.76,
            "net_income": -32391,
            "net_income_4q": null,
            "revenue": 5678,
            "revenue_4q": null,
            "common_shares": 1018210,
            "book_valuer_per_share": 28.73,
            "book_valuer_per_share_4q_avg": 27.86,
            "equity": 2926528,
            "current_ratio": 16177.97,
            "debt_ratio": 0.61,
            "inventory_turnover_ratio": null,
            "account_receivable_turnover_ratio": 0.05,
            "reinvestment_rate": -0.26,
            "research_to_sale_ratio": 1017.01,
            "price_fair": 0,
            "eps_avg_yearly": 0,
            "eps_latest_yearly": 0,
            "eps_growth_yearly": 0
        },
        "20151": {
            "year_quarter": 20151,
            "year": 2015,
            "quarter": 1,
            "eps": -0.32,
            "eps_growth_year": null,
            "eps_4q": 0.98,
            "eps_4q_growth_year": null,
            "roe": -1.11,
            "roe_4q": 3.63,
            "gross_profit": 2010,
            "gross_margin": 31.45,
            "gross_margin_4q_avg": 60.1,
            "net_income": -32407,
            "net_income_4q": null,
            "revenue": 6392,
            "revenue_4q": null,
            "common_shares": 1019450,
            "book_valuer_per_share": 28.48,
            "book_valuer_per_share_4q_avg": 28.23,
            "equity": 2903411,
            "current_ratio": 18296.81,
            "debt_ratio": 0.54,
            "inventory_turnover_ratio": null,
            "account_receivable_turnover_ratio": 0.73,
            "reinvestment_rate": 1.51,
            "research_to_sale_ratio": 345.48,
            "price_fair": 0,
            "eps_avg_yearly": 0,
            "eps_latest_yearly": 0,
            "eps_growth_yearly": 0
        },
        "20152": {
            "year_quarter": 20152,
            "year": 2015,
            "quarter": 2,
            "eps": 4.15,
            "eps_growth_year": null,
            "eps_4q": 5.41,
            "eps_4q_growth_year": null,
            "roe": 13.8,
            "roe_4q": 18.480000000000004,
            "gross_profit": 495959,
            "gross_margin": 99.86,
            "gross_margin_4q_avg": 71.51,
            "net_income": 423354,
            "net_income_4q": null,
            "revenue": 496665,
            "revenue_4q": null,
            "common_shares": 1019450,
            "book_valuer_per_share": 31.69,
            "book_valuer_per_share_4q_avg": 29.47,
            "equity": 3230239,
            "current_ratio": 2375.24,
            "debt_ratio": 4.25,
            "inventory_turnover_ratio": null,
            "account_receivable_turnover_ratio": 2.8,
            "reinvestment_rate": 1.93,
            "research_to_sale_ratio": 6.49,
            "price_fair": 0,
            "eps_avg_yearly": 0,
            "eps_latest_yearly": 0,
            "eps_growth_yearly": 0
        },
        "20153": {
            "year_quarter": 20153,
            "year": 2015,
            "quarter": 3,
            "eps": 0.34,
            "eps_growth_year": -82.38,
            "eps_4q": 3.88,
            "eps_4q_growth_year": 189.35,
            "roe": 1.08,
            "roe_4q": 12.660000000000002,
            "gross_profit": 2207,
            "gross_margin": 81.38,
            "gross_margin_4q_avg": 66.98,
            "net_income": 34744,
            "net_income_4q": null,
            "revenue": 2712,
            "revenue_4q": null,
            "common_shares": 1019580,
            "book_valuer_per_share": 31.4,
            "book_valuer_per_share_4q_avg": 30.08,
            "equity": 3184596,
            "current_ratio": 10529.46,
            "debt_ratio": 1.35,
            "inventory_turnover_ratio": null,
            "account_receivable_turnover_ratio": 0.02,
            "reinvestment_rate": 1.96,
            "research_to_sale_ratio": 1072.97,
            "price_fair": 4.08,
            "eps_avg_yearly": 1.36,
            "eps_latest_yearly": 1.36,
            "eps_growth_yearly": -367.23
        },
        "20154": {
            "year_quarter": 20154,
            "year": 2015,
            "quarter": 4,
            "eps": -0.31,
            "eps_growth_year": null,
            "eps_4q": 3.88,
            "eps_4q_growth_year": 221.34,
            "roe": -1,
            "roe_4q": 12.770000000000001,
            "gross_profit": 232,
            "gross_margin": 15.73,
            "gross_margin_4q_avg": 57.11,
            "net_income": -31669,
            "net_income_4q": null,
            "revenue": 1475,
            "revenue_4q": null,
            "common_shares": 1019650,
            "book_valuer_per_share": 31.15,
            "book_valuer_per_share_4q_avg": 30.68,
            "equity": 3159171,
            "current_ratio": 4768.75,
            "debt_ratio": 2.45,
            "inventory_turnover_ratio": null,
            "account_receivable_turnover_ratio": 0.43,
            "reinvestment_rate": 2.42,
            "research_to_sale_ratio": 2123.25,
            "price_fair": 4.08,
            "eps_avg_yearly": 1.36,
            "eps_latest_yearly": 1.36,
            "eps_growth_yearly": -367.23
        },
        "20161": {
            "year_quarter": 20161,
            "year": 2016,
            "quarter": 1,
            "eps": -0.42,
            "eps_growth_year": null,
            "eps_4q": 3.78,
            "eps_4q_growth_year": 283.74,
            "roe": -1.37,
            "roe_4q": 12.510000000000002,
            "gross_profit": 199,
            "gross_margin": 12.55,
            "gross_margin_4q_avg": 52.38,
            "net_income": -42995,
            "net_income_4q": null,
            "revenue": 1586,
            "revenue_4q": null,
            "common_shares": 1021010,
            "book_valuer_per_share": 30.86,
            "book_valuer_per_share_4q_avg": 31.28,
            "equity": 3134629,
            "current_ratio": 5654.03,
            "debt_ratio": 2.03,
            "inventory_turnover_ratio": null,
            "account_receivable_turnover_ratio": 0.44,
            "reinvestment_rate": 4.01,
            "research_to_sale_ratio": 1304.54,
            "price_fair": 4.08,
            "eps_avg_yearly": 1.36,
            "eps_latest_yearly": 1.36,
            "eps_growth_yearly": -367.23
        },
        "20162": {
            "year_quarter": 20162,
            "year": 2016,
            "quarter": 2,
            "eps": 2.04,
            "eps_growth_year": -50.84,
            "eps_4q": 1.38,
            "eps_4q_growth_year": -74.59,
            "roe": 6.61,
            "roe_4q": 5.32,
            "gross_profit": 324290,
            "gross_margin": 99.94,
            "gross_margin_4q_avg": 52.4,
            "net_income": 207680,
            "net_income_4q": null,
            "revenue": 324479,
            "revenue_4q": null,
            "common_shares": 1021420,
            "book_valuer_per_share": 30.98,
            "book_valuer_per_share_4q_avg": 31.1,
            "equity": 3147279,
            "current_ratio": 1309.42,
            "debt_ratio": 7.84,
            "inventory_turnover_ratio": 0.04,
            "account_receivable_turnover_ratio": 165.89,
            "reinvestment_rate": 2.12,
            "research_to_sale_ratio": 19.09,
            "price_fair": 4.08,
            "eps_avg_yearly": 1.36,
            "eps_latest_yearly": 1.36,
            "eps_growth_yearly": -367.23
        },
        "20163": {
            "year_quarter": 20163,
            "year": 2016,
            "quarter": 3,
            "eps": -0.75,
            "eps_growth_year": -320.59,
            "eps_4q": 0.34,
            "eps_4q_growth_year": -91.26,
            "roe": -2.89,
            "roe_4q": 1.35,
            "gross_profit": 2561,
            "gross_margin": 92.02,
            "gross_margin_4q_avg": 55.06,
            "net_income": -91490,
            "net_income_4q": null,
            "revenue": 2783,
            "revenue_4q": null,
            "common_shares": 1224592,
            "book_valuer_per_share": 25.93,
            "book_valuer_per_share_4q_avg": 29.73,
            "equity": 3175394,
            "current_ratio": 17253.71,
            "debt_ratio": 0.67,
            "inventory_turnover_ratio": 0.02,
            "account_receivable_turnover_ratio": 1.27,
            "reinvestment_rate": 2.12,
            "research_to_sale_ratio": 1510.03,
            "price_fair": 4.08,
            "eps_avg_yearly": 1.36,
            "eps_latest_yearly": 1.36,
            "eps_growth_yearly": -367.23
        },
        "20164": {
            "year_quarter": 20164,
            "year": 2016,
            "quarter": 4,
            "eps": 5.03,
            "eps_growth_year": null,
            "eps_4q": 5.63,
            "eps_4q_growth_year": 44.96,
            "roe": 17.68,
            "roe_4q": 20.029999999999998,
            "gross_profit": 805729,
            "gross_margin": 99.97,
            "gross_margin_4q_avg": 76.12,
            "net_income": 616430,
            "net_income_4q": null,
            "revenue": 805934,
            "revenue_4q": null,
            "common_shares": 1224592,
            "book_valuer_per_share": 31.02,
            "book_valuer_per_share_4q_avg": 29.7,
            "equity": 3798778,
            "current_ratio": 2623.16,
            "debt_ratio": 4.05,
            "inventory_turnover_ratio": 0.02,
            "account_receivable_turnover_ratio": 203.39,
            "reinvestment_rate": 0.84,
            "research_to_sale_ratio": 8.7,
            "price_fair": 4.08,
            "eps_avg_yearly": 1.36,
            "eps_latest_yearly": 1.36,
            "eps_growth_yearly": -367.23
        },
        "20171": {
            "year_quarter": 20171,
            "year": 2017,
            "quarter": 1,
            "eps": -1.02,
            "eps_growth_year": null,
            "eps_4q": 4.95,
            "eps_4q_growth_year": 31.18,
            "roe": -3.35,
            "roe_4q": 18.05,
            "gross_profit": 10498,
            "gross_margin": 95.87,
            "gross_margin_4q_avg": 96.95,
            "net_income": -125515,
            "net_income_4q": null,
            "revenue": 10950,
            "revenue_4q": null,
            "common_shares": 1225832,
            "book_valuer_per_share": 30.09,
            "book_valuer_per_share_4q_avg": 29.51,
            "equity": 3689031,
            "current_ratio": 2680.57,
            "debt_ratio": 3.7,
            "inventory_turnover_ratio": 0.05,
            "account_receivable_turnover_ratio": 1.73,
            "reinvestment_rate": 0.88,
            "research_to_sale_ratio": 246.91,
            "price_fair": 4.08,
            "eps_avg_yearly": 1.36,
            "eps_latest_yearly": 1.36,
            "eps_growth_yearly": -367.23
        },
        "20172": {
            "year_quarter": 20172,
            "year": 2017,
            "quarter": 2,
            "eps": -0.29,
            "eps_growth_year": -114.22,
            "eps_4q": 2.47,
            "eps_4q_growth_year": 79.76,
            "roe": -1.01,
            "roe_4q": 10.43,
            "gross_profit": 28189,
            "gross_margin": 96.72,
            "gross_margin_4q_avg": 96.15,
            "net_income": -35495,
            "net_income_4q": null,
            "revenue": 29144,
            "revenue_4q": null,
            "common_shares": 1226122,
            "book_valuer_per_share": 27.36,
            "book_valuer_per_share_4q_avg": 28.6,
            "equity": 3355205,
            "current_ratio": 970.23,
            "debt_ratio": 10.19,
            "inventory_turnover_ratio": 0.1,
            "account_receivable_turnover_ratio": 2.3,
            "reinvestment_rate": 0.84,
            "research_to_sale_ratio": 100.8,
            "price_fair": 4.08,
            "eps_avg_yearly": 1.36,
            "eps_latest_yearly": 1.36,
            "eps_growth_yearly": -367.23
        },
        "20173": {
            "year_quarter": 20173,
            "year": 2017,
            "quarter": 3,
            "eps": -0.02,
            "eps_growth_year": null,
            "eps_4q": 3.07,
            "eps_4q_growth_year": 805.68,
            "roe": -0.11,
            "roe_4q": 13.209999999999999,
            "gross_profit": 28304,
            "gross_margin": 97.63,
            "gross_margin_4q_avg": 97.55,
            "net_income": -3561,
            "net_income_4q": null,
            "revenue": 28992,
            "revenue_4q": null,
            "common_shares": 1471288,
            "book_valuer_per_share": 22.8,
            "book_valuer_per_share_4q_avg": 27.82,
            "equity": 3353824,
            "current_ratio": 7243.64,
            "debt_ratio": 1.36,
            "inventory_turnover_ratio": 0.05,
            "account_receivable_turnover_ratio": 1.78,
            "reinvestment_rate": 0.74,
            "research_to_sale_ratio": 52.79,
            "price_fair": 4.08,
            "eps_avg_yearly": 1.36,
            "eps_latest_yearly": 1.36,
            "eps_growth_yearly": -367.23
        },
        "20174": {
            "year_quarter": 20174,
            "year": 2017,
            "quarter": 4,
            "eps": 3.75,
            "eps_growth_year": -25.52,
            "eps_4q": 2.63,
            "eps_4q_growth_year": -53.28,
            "roe": 15.19,
            "roe_4q": 10.72,
            "gross_profit": 783851,
            "gross_margin": 99.91,
            "gross_margin_4q_avg": 97.53,
            "net_income": 551634,
            "net_income_4q": null,
            "revenue": 784591,
            "revenue_4q": null,
            "common_shares": 1471288,
            "book_valuer_per_share": 26.58,
            "book_valuer_per_share_4q_avg": 26.71,
            "equity": 3911032,
            "current_ratio": 2036.63,
            "debt_ratio": 4.86,
            "inventory_turnover_ratio": 0.04,
            "account_receivable_turnover_ratio": 2.01,
            "reinvestment_rate": 0.43,
            "research_to_sale_ratio": 6.4,
            "price_fair": 4.08,
            "eps_avg_yearly": 1.36,
            "eps_latest_yearly": 1.36,
            "eps_growth_yearly": -367.23
        },
        "20181": {
            "year_quarter": 20181,
            "year": 2018,
            "quarter": 1,
            "eps": -0.33,
            "eps_growth_year": null,
            "eps_4q": 3.15,
            "eps_4q_growth_year": -36.41,
            "roe": -1.26,
            "roe_4q": 12.81,
            "gross_profit": 30565,
            "gross_margin": 90.41,
            "gross_margin_4q_avg": 96.17,
            "net_income": -49145,
            "net_income_4q": null,
            "revenue": 33807,
            "revenue_4q": null,
            "common_shares": 1471538,
            "book_valuer_per_share": 26.28,
            "book_valuer_per_share_4q_avg": 25.76,
            "equity": 3866952,
            "current_ratio": 2143.22,
            "debt_ratio": 4.6,
            "inventory_turnover_ratio": 0.23,
            "account_receivable_turnover_ratio": 0.09,
            "reinvestment_rate": 0.4,
            "research_to_sale_ratio": 100.27,
            "price_fair": 4.08,
            "eps_avg_yearly": 1.36,
            "eps_latest_yearly": 1.36,
            "eps_growth_yearly": -367.23
        },
        "20182": {
            "year_quarter": 20182,
            "year": 2018,
            "quarter": 2,
            "eps": 0.48,
            "eps_growth_year": null,
            "eps_4q": 3.87,
            "eps_4q_growth_year": 56.34,
            "roe": 1.87,
            "roe_4q": 15.69,
            "gross_profit": 42665,
            "gross_margin": 101,
            "gross_margin_4q_avg": 97.24,
            "net_income": 70150,
            "net_income_4q": null,
            "revenue": 42243,
            "revenue_4q": null,
            "common_shares": 1471538,
            "book_valuer_per_share": 24.78,
            "book_valuer_per_share_4q_avg": 25.11,
            "equity": 3646586,
            "current_ratio": 1126.93,
            "debt_ratio": 8.79,
            "inventory_turnover_ratio": -0.04,
            "account_receivable_turnover_ratio": 3.49,
            "reinvestment_rate": 0.34,
            "research_to_sale_ratio": 57.42,
            "price_fair": 4.08,
            "eps_avg_yearly": 1.36,
            "eps_latest_yearly": 1.36,
            "eps_growth_yearly": -367.23
        },
        "20183": {
            "year_quarter": 20183,
            "year": 2018,
            "quarter": 3,
            "eps": 0.5,
            "eps_growth_year": null,
            "eps_4q": 4.4,
            "eps_4q_growth_year": 43.13,
            "roe": 2.01,
            "roe_4q": 17.81,
            "gross_profit": 135462,
            "gross_margin": 97.4,
            "gross_margin_4q_avg": 97.18,
            "net_income": 74226,
            "net_income_4q": null,
            "revenue": 139081,
            "revenue_4q": null,
            "common_shares": 1471538,
            "book_valuer_per_share": 25.31,
            "book_valuer_per_share_4q_avg": 25.74,
            "equity": 3724589,
            "current_ratio": 7958.27,
            "debt_ratio": 1.25,
            "inventory_turnover_ratio": 0.42,
            "account_receivable_turnover_ratio": 7.95,
            "reinvestment_rate": 0.33,
            "research_to_sale_ratio": 24.2,
            "price_fair": 5.04,
            "eps_avg_yearly": 1.68,
            "eps_latest_yearly": 2,
            "eps_growth_yearly": -175.28
        },
        "20184": {
            "year_quarter": 20184,
            "year": 2018,
            "quarter": 4,
            "eps": 0.23,
            "eps_growth_year": -93.79,
            "eps_4q": 0.88,
            "eps_4q_growth_year": -66.47,
            "roe": 0.92,
            "roe_4q": 3.54,
            "gross_profit": 71855,
            "gross_margin": 91.77,
            "gross_margin_4q_avg": 95.15,
            "net_income": 34131,
            "net_income_4q": null,
            "revenue": 78299,
            "revenue_4q": null,
            "common_shares": 1473028,
            "book_valuer_per_share": 25.19,
            "book_valuer_per_share_4q_avg": 25.39,
            "equity": 3694114,
            "current_ratio": 2502.18,
            "debt_ratio": 3.97,
            "inventory_turnover_ratio": 0.49,
            "account_receivable_turnover_ratio": 2.94,
            "reinvestment_rate": 0.29,
            "research_to_sale_ratio": 42.22,
            "price_fair": 4.28,
            "eps_avg_yearly": 1.43,
            "eps_latest_yearly": 0.92,
            "eps_growth_yearly": -188.85
        },
        "20191": {
            "year_quarter": 20191,
            "year": 2019,
            "quarter": 1,
            "eps": 0.19,
            "eps_growth_year": null,
            "eps_4q": 1.41,
            "eps_4q_growth_year": -55.16,
            "roe": 0.74,
            "roe_4q": 5.54,
            "gross_profit": 70313,
            "gross_margin": 90.25,
            "gross_margin_4q_avg": 95.11,
            "net_income": 27194,
            "net_income_4q": null,
            "revenue": 77908,
            "revenue_4q": null,
            "common_shares": 1466668,
            "book_valuer_per_share": 24.78,
            "book_valuer_per_share_4q_avg": 25.02,
            "equity": 3608933,
            "current_ratio": 2720.7,
            "debt_ratio": 3.86,
            "inventory_turnover_ratio": 0.51,
            "account_receivable_turnover_ratio": 2.58,
            "reinvestment_rate": -0.1,
            "research_to_sale_ratio": 45.06,
            "price_fair": 3.78,
            "eps_avg_yearly": 1.26,
            "eps_latest_yearly": 0.76,
            "eps_growth_yearly": -159.03
        },
        "20192": {
            "year_quarter": 20192,
            "year": 2019,
            "quarter": 2,
            "eps": 0.2,
            "eps_growth_year": -58.33,
            "eps_4q": 1.13,
            "eps_4q_growth_year": -70.85,
            "roe": 0.81,
            "roe_4q": 4.48,
            "gross_profit": 71051,
            "gross_margin": 89.22,
            "gross_margin_4q_avg": 92.16,
            "net_income": 28642,
            "net_income_4q": null,
            "revenue": 79634,
            "revenue_4q": null,
            "common_shares": 1466668,
            "book_valuer_per_share": 23.98,
            "book_valuer_per_share_4q_avg": 24.82,
            "equity": 3493588,
            "current_ratio": 1291,
            "debt_ratio": 7.88,
            "inventory_turnover_ratio": 0.56,
            "account_receivable_turnover_ratio": 2.43,
            "reinvestment_rate": -0.52,
            "research_to_sale_ratio": 42.87,
            "price_fair": 3.5,
            "eps_avg_yearly": 1.17,
            "eps_latest_yearly": 0.8,
            "eps_growth_yearly": -123.01
        },
        "20193": {
            "year_quarter": 20193,
            "year": 2019,
            "quarter": 3,
            "eps": 0.16,
            "eps_growth_year": -68,
            "eps_4q": 0.78,
            "eps_4q_growth_year": -82.25,
            "roe": 0.68,
            "roe_4q": 3.1500000000000004,
            "gross_profit": 73302,
            "gross_margin": 89.86,
            "gross_margin_4q_avg": 90.28,
            "net_income": 23673,
            "net_income_4q": null,
            "revenue": 81570,
            "revenue_4q": null,
            "common_shares": 1466668,
            "book_valuer_per_share": 24.16,
            "book_valuer_per_share_4q_avg": 24.53,
            "equity": 3518662,
            "current_ratio": 2282.59,
            "debt_ratio": 4.53,
            "inventory_turnover_ratio": 0.31,
            "account_receivable_turnover_ratio": 2.36,
            "reinvestment_rate": -0.62,
            "research_to_sale_ratio": 36.91,
            "price_fair": 3.07,
            "eps_avg_yearly": 1.02,
            "eps_latest_yearly": 0.64,
            "eps_growth_yearly": -65.57
        },
        "20194": {
            "year_quarter": 20194,
            "year": 2019,
            "quarter": 4,
            "eps": -0.25,
            "eps_growth_year": -209.03,
            "eps_4q": 0.29,
            "eps_4q_growth_year": -66.88,
            "roe": -1.06,
            "roe_4q": 1.17,
            "gross_profit": 67575,
            "gross_margin": 90.19,
            "gross_margin_4q_avg": 89.88,
            "net_income": -36959,
            "net_income_4q": null,
            "revenue": 74928,
            "revenue_4q": null,
            "common_shares": 1466668,
            "book_valuer_per_share": 23.91,
            "book_valuer_per_share_4q_avg": 24.21,
            "equity": 3482995,
            "current_ratio": 2584.7,
            "debt_ratio": 4.4,
            "inventory_turnover_ratio": 0.26,
            "account_receivable_turnover_ratio": 2.49,
            "reinvestment_rate": -0.77,
            "research_to_sale_ratio": 41.95,
            "price_fair": 3.07,
            "eps_avg_yearly": 1.02,
            "eps_latest_yearly": 0.64,
            "eps_growth_yearly": -65.57
        },
        "20201": {
            "year_quarter": 20201,
            "year": 2020,
            "quarter": 1,
            "eps": 0.34,
            "eps_growth_year": 78.95,
            "eps_4q": 0.44,
            "eps_4q_growth_year": -68.8,
            "roe": 1.39,
            "roe_4q": 1.8199999999999998,
            "gross_profit": 74772,
            "gross_margin": 89.29,
            "gross_margin_4q_avg": 89.64,
            "net_income": 48827,
            "net_income_4q": null,
            "revenue": 83741,
            "revenue_4q": null,
            "common_shares": 1466668,
            "book_valuer_per_share": 24.25,
            "book_valuer_per_share_4q_avg": 24.08,
            "equity": 3532661,
            "current_ratio": 2818.45,
            "debt_ratio": 4.01,
            "inventory_turnover_ratio": 0.47,
            "account_receivable_turnover_ratio": 2.51,
            "reinvestment_rate": -0.75,
            "research_to_sale_ratio": 27.3,
            "price_fair": 3.07,
            "eps_avg_yearly": 1.02,
            "eps_latest_yearly": 0.64,
            "eps_growth_yearly": -65.57
        },
        "20202": {
            "year_quarter": 20202,
            "year": 2020,
            "quarter": 2,
            "eps": 0.1,
            "eps_growth_year": -50,
            "eps_4q": 0.34,
            "eps_4q_growth_year": -69.58,
            "roe": 0.41,
            "roe_4q": 1.42,
            "gross_profit": 80900,
            "gross_margin": 89.75,
            "gross_margin_4q_avg": 89.77,
            "net_income": 14379,
            "net_income_4q": null,
            "revenue": 90138,
            "revenue_4q": null,
            "common_shares": 1466668,
            "book_valuer_per_share": 23.82,
            "book_valuer_per_share_4q_avg": 24.04,
            "equity": 3467795,
            "current_ratio": 1719.28,
            "debt_ratio": 6.16,
            "inventory_turnover_ratio": 0.48,
            "account_receivable_turnover_ratio": 2.32,
            "reinvestment_rate": -0.84,
            "research_to_sale_ratio": 26.95,
            "price_fair": 2.76,
            "eps_avg_yearly": 0.92,
            "eps_latest_yearly": 0.4,
            "eps_growth_yearly": -101.7
        },
        "20203": {
            "year_quarter": 20203,
            "year": 2020,
            "quarter": 3,
            "eps": 0.13,
            "eps_growth_year": -18.75,
            "eps_4q": 0.31,
            "eps_4q_growth_year": -60.71,
            "roe": 0.53,
            "roe_4q": 1.27,
            "gross_profit": 85896,
            "gross_margin": 89.79,
            "gross_margin_4q_avg": 89.76,
            "net_income": 18386,
            "net_income_4q": null,
            "revenue": 95668,
            "revenue_4q": null,
            "common_shares": 1465968,
            "book_valuer_per_share": 23.95,
            "book_valuer_per_share_4q_avg": 23.98,
            "equity": 3486543,
            "current_ratio": 2848.5,
            "debt_ratio": 3.83,
            "inventory_turnover_ratio": 0.52,
            "account_receivable_turnover_ratio": 2.54,
            "reinvestment_rate": -0.74,
            "research_to_sale_ratio": 20.74,
            "price_fair": 2.59,
            "eps_avg_yearly": 0.86,
            "eps_latest_yearly": 0.52,
            "eps_growth_yearly": -70.03
        },
        "20204": {
            "year_quarter": 20204,
            "year": 2020,
            "quarter": 4,
            "eps": 3.59,
            "eps_growth_year": null,
            "eps_4q": 4.15,
            "eps_4q_growth_year": 1320.85,
            "roe": 13.94,
            "roe_4q": 16.27,
            "gross_profit": 777210,
            "gross_margin": 98.82,
            "gross_margin_4q_avg": 91.91,
            "net_income": 522689,
            "net_income_4q": null,
            "revenue": 786465,
            "revenue_4q": null,
            "common_shares": 1465968,
            "book_valuer_per_share": 27.55,
            "book_valuer_per_share_4q_avg": 24.89,
            "equity": 4011133,
            "current_ratio": 2260.55,
            "debt_ratio": 4.65,
            "inventory_turnover_ratio": 0.48,
            "account_receivable_turnover_ratio": 19.83,
            "reinvestment_rate": -0.76,
            "research_to_sale_ratio": 3.65,
            "price_fair": 89.25,
            "eps_avg_yearly": 2.55,
            "eps_latest_yearly": 14.36,
            "eps_growth_yearly": 1269.49
        },
        "20211": {
            "year_quarter": 20211,
            "year": 2021,
            "quarter": 1,
            "eps": 0.52,
            "eps_growth_year": 52.94,
            "eps_4q": 4.33,
            "eps_4q_growth_year": 883.82,
            "roe": 1.87,
            "roe_4q": 16.75,
            "gross_profit": 106457,
            "gross_margin": 92.06,
            "gross_margin_4q_avg": 92.61,
            "net_income": 75685,
            "net_income_4q": null,
            "revenue": 115645,
            "revenue_4q": null,
            "common_shares": 1465968,
            "book_valuer_per_share": 28.07,
            "book_valuer_per_share_4q_avg": 25.85,
            "equity": 4087303,
            "current_ratio": 2453.45,
            "debt_ratio": 4.25,
            "inventory_turnover_ratio": 0.46,
            "account_receivable_turnover_ratio": 2.34,
            "reinvestment_rate": -0.62,
            "research_to_sale_ratio": 39.29,
            "price_fair": 87.42,
            "eps_avg_yearly": 2.5,
            "eps_latest_yearly": 2.08,
            "eps_growth_yearly": 1090.43
        },
        "20212": {
            "year_quarter": 20212,
            "year": 2021,
            "quarter": 2,
            "eps": 1.14,
            "eps_growth_year": 1040,
            "eps_4q": 5.42,
            "eps_4q_growth_year": 1481.3,
            "roe": 4.01,
            "roe_4q": 20.35,
            "gross_profit": 148213,
            "gross_margin": 93.65,
            "gross_margin_4q_avg": 93.58,
            "net_income": 165662,
            "net_income_4q": null,
            "revenue": 158263,
            "revenue_4q": null,
            "common_shares": 1465968,
            "book_valuer_per_share": 28.86,
            "book_valuer_per_share_4q_avg": 27.11,
            "equity": 4165478,
            "current_ratio": 3184.46,
            "debt_ratio": 3.27,
            "inventory_turnover_ratio": 0.76,
            "account_receivable_turnover_ratio": 3.25,
            "reinvestment_rate": -0.51,
            "research_to_sale_ratio": 15.85,
            "price_fair": 94.64,
            "eps_avg_yearly": 2.7,
            "eps_latest_yearly": 4.56,
            "eps_growth_yearly": 1029.08
        },
        "20213": {
            "year_quarter": 20213,
            "year": 2021,
            "quarter": 3,
            "eps": 0.51,
            "eps_growth_year": 292.31,
            "eps_4q": 5.83,
            "eps_4q_growth_year": 1801.84,
            "roe": 1.83,
            "roe_4q": 21.65,
            "gross_profit": 166892,
            "gross_margin": 94.22,
            "gross_margin_4q_avg": 94.69,
            "net_income": 73154,
            "net_income_4q": null,
            "revenue": 177126,
            "revenue_4q": null,
            "common_shares": 1465968,
            "book_valuer_per_share": 26.66,
            "book_valuer_per_share_4q_avg": 27.79,
            "equity": 3828699,
            "current_ratio": 5084.88,
            "debt_ratio": 1.99,
            "inventory_turnover_ratio": 1,
            "account_receivable_turnover_ratio": 4.14,
            "reinvestment_rate": -0.46,
            "research_to_sale_ratio": 20.88,
            "price_fair": 92.53,
            "eps_avg_yearly": 2.64,
            "eps_latest_yearly": 2.04,
            "eps_growth_yearly": 915.43
        },
        "20214": {
            "year_quarter": 20214,
            "year": 2021,
            "quarter": 4,
            "eps": 0.78,
            "eps_growth_year": -78.37,
            "eps_4q": 2.97,
            "eps_4q_growth_year": -28.52,
            "roe": 2.87,
            "roe_4q": 10.580000000000002,
            "gross_profit": 196200,
            "gross_margin": 96.27,
            "gross_margin_4q_avg": 94.05,
            "net_income": 111530,
            "net_income_4q": null,
            "revenue": 203801,
            "revenue_4q": null,
            "common_shares": 1465968,
            "book_valuer_per_share": 27.43,
            "book_valuer_per_share_4q_avg": 27.76,
            "equity": 3938638,
            "current_ratio": 4570.97,
            "debt_ratio": 2.18,
            "inventory_turnover_ratio": 1.07,
            "account_receivable_turnover_ratio": 4.48,
            "reinvestment_rate": -0.58,
            "research_to_sale_ratio": 14.42,
            "price_fair": 93.92,
            "eps_avg_yearly": 2.68,
            "eps_latest_yearly": 3.12,
            "eps_growth_yearly": 856.79
        },
        "20221": {
            "year_quarter": 20221,
            "year": 2022,
            "quarter": 1,
            "eps": 0.68,
            "eps_growth_year": 30.77,
            "eps_4q": 3.12,
            "eps_4q_growth_year": -28.13,
            "roe": 2.43,
            "roe_4q": 11.14,
            "gross_profit": 162491,
            "gross_margin": 93.32,
            "gross_margin_4q_avg": 94.37,
            "net_income": 97034,
            "net_income_4q": null,
            "revenue": 174129,
            "revenue_4q": null,
            "common_shares": 1455968,
            "book_valuer_per_share": 28.1,
            "book_valuer_per_share_4q_avg": 27.76,
            "equity": 4035672,
            "current_ratio": 5111.66,
            "debt_ratio": 1.95,
            "inventory_turnover_ratio": 0.59,
            "account_receivable_turnover_ratio": 2.97,
            "reinvestment_rate": -0.47,
            "research_to_sale_ratio": 10.49,
            "price_fair": 94.02,
            "eps_avg_yearly": 2.69,
            "eps_latest_yearly": 2.72,
            "eps_growth_yearly": 786.94
        },
        "20222": {
            "year_quarter": 20222,
            "year": 2022,
            "quarter": 2,
            "eps": 0.56,
            "eps_growth_year": -50.88,
            "eps_4q": 2.52,
            "eps_4q_growth_year": -53.45,
            "roe": 2.08,
            "roe_4q": 9.21,
            "gross_profit": 154589,
            "gross_margin": 92.62,
            "gross_margin_4q_avg": 94.11,
            "net_income": 80670,
            "net_income_4q": null,
            "revenue": 166899,
            "revenue_4q": null,
            "common_shares": 1455968,
            "book_valuer_per_share": 25.97,
            "book_valuer_per_share_4q_avg": 27.04,
            "equity": 3728631,
            "current_ratio": 876.82,
            "debt_ratio": 11.37,
            "inventory_turnover_ratio": 0.26,
            "account_receivable_turnover_ratio": 2.35,
            "reinvestment_rate": -0.4,
            "research_to_sale_ratio": 14.23,
            "price_fair": 92.9,
            "eps_avg_yearly": 2.65,
            "eps_latest_yearly": 2.24,
            "eps_growth_yearly": 725.69
        },
        "20223": {
            "year_quarter": 20223,
            "year": 2022,
            "quarter": 3,
            "eps": 0.61,
            "eps_growth_year": 19.61,
            "eps_4q": 2.62,
            "eps_4q_growth_year": -55.03,
            "roe": 2.32,
            "roe_4q": 9.7,
            "gross_profit": 141414,
            "gross_margin": 91.3,
            "gross_margin_4q_avg": 93.38,
            "net_income": 87462,
            "net_income_4q": null,
            "revenue": 154882,
            "revenue_4q": null,
            "common_shares": 1456868,
            "book_valuer_per_share": 26.57,
            "book_valuer_per_share_4q_avg": 27.02,
            "equity": 3817093,
            "current_ratio": 3987.01,
            "debt_ratio": 2.56,
            "inventory_turnover_ratio": 0.25,
            "account_receivable_turnover_ratio": 2.04,
            "reinvestment_rate": -0.14,
            "research_to_sale_ratio": 51.66,
            "price_fair": 94,
            "eps_avg_yearly": 2.69,
            "eps_latest_yearly": 2.44,
            "eps_growth_yearly": 727.05
        },
        "20224": {
            "year_quarter": 20224,
            "year": 2022,
            "quarter": 4,
            "eps": 0.37,
            "eps_growth_year": -51.96,
            "eps_4q": 2.22,
            "eps_4q_growth_year": -25.22,
            "roe": 1.39,
            "roe_4q": 8.22,
            "gross_profit": 146190,
            "gross_margin": 92.25,
            "gross_margin_4q_avg": 92.37,
            "net_income": 53617,
            "net_income_4q": null,
            "revenue": 158473,
            "revenue_4q": null,
            "common_shares": 1456868,
            "book_valuer_per_share": 26.95,
            "book_valuer_per_share_4q_avg": 26.9,
            "equity": 3872077,
            "current_ratio": 4986.33,
            "debt_ratio": 2.38,
            "inventory_turnover_ratio": 0.3,
            "account_receivable_turnover_ratio": 2.12,
            "reinvestment_rate": -0.11,
            "research_to_sale_ratio": 37.76,
            "price_fair": 95.4,
            "eps_avg_yearly": 2.73,
            "eps_latest_yearly": 1.48,
            "eps_growth_yearly": 731.24
        },
        "20231": {
            "year_quarter": 20231,
            "year": 2023,
            "quarter": 1,
            "eps": 0.57,
            "eps_growth_year": -16.18,
            "eps_4q": 2.11,
            "eps_4q_growth_year": -32.29,
            "roe": 2.08,
            "roe_4q": 7.869999999999999,
            "gross_profit": 154705,
            "gross_margin": 91.9,
            "gross_margin_4q_avg": 92.02,
            "net_income": 81380,
            "net_income_4q": null,
            "revenue": 168333,
            "revenue_4q": null,
            "common_shares": 1456868,
            "book_valuer_per_share": 27.52,
            "book_valuer_per_share_4q_avg": 26.75,
            "equity": 3954788,
            "current_ratio": 4885.67,
            "debt_ratio": 2.36,
            "inventory_turnover_ratio": 0.5,
            "account_receivable_turnover_ratio": 2.31,
            "reinvestment_rate": -0.05,
            "research_to_sale_ratio": 23.53,
            "price_fair": 99.2,
            "eps_avg_yearly": 2.83,
            "eps_latest_yearly": 2.28,
            "eps_growth_yearly": 751.65
        },
        "20232": {
            "year_quarter": 20232,
            "year": 2023,
            "quarter": 2,
            "eps": 0.52,
            "eps_growth_year": -7.14,
            "eps_4q": 2.07,
            "eps_4q_growth_year": -17.93,
            "roe": 1.95,
            "roe_4q": 7.74,
            "gross_profit": 153442,
            "gross_margin": 92.4,
            "gross_margin_4q_avg": 91.96,
            "net_income": 75116,
            "net_income_4q": null,
            "revenue": 166070,
            "revenue_4q": null,
            "common_shares": 1456848,
            "book_valuer_per_share": 26.06,
            "book_valuer_per_share_4q_avg": 26.78,
            "equity": 3743660,
            "current_ratio": 982.62,
            "debt_ratio": 10.39,
            "inventory_turnover_ratio": 0.42,
            "account_receivable_turnover_ratio": 2.19,
            "reinvestment_rate": -0.02,
            "research_to_sale_ratio": 40.54,
            "price_fair": 102.4,
            "eps_avg_yearly": 2.93,
            "eps_latest_yearly": 2.08,
            "eps_growth_yearly": 747.64
        },
        "20233": {
            "year_quarter": 20233,
            "year": 2023,
            "quarter": 3,
            "eps": 0.56,
            "eps_growth_year": -8.2,
            "eps_4q": 2.02,
            "eps_4q_growth_year": -22.77,
            "roe": 2.13,
            "roe_4q": 7.55,
            "gross_profit": 234338,
            "gross_margin": 95.28,
            "gross_margin_4q_avg": 92.96,
            "net_income": 80781,
            "net_income_4q": null,
            "revenue": 245942,
            "revenue_4q": null,
            "common_shares": 1456788,
            "book_valuer_per_share": 26.62,
            "book_valuer_per_share_4q_avg": 26.79,
            "equity": 3825118,
            "current_ratio": 6191.97,
            "debt_ratio": 1.92,
            "inventory_turnover_ratio": 0.35,
            "account_receivable_turnover_ratio": 3.28,
            "reinvestment_rate": 0.02,
            "research_to_sale_ratio": 50.58,
            "price_fair": 106.4,
            "eps_avg_yearly": 3.04,
            "eps_latest_yearly": 2.24,
            "eps_growth_yearly": 755.55
        }
    },
    "months": {
        "2011-09": {
            "month": "2011-09",
            "price": "70.09",
            "revenue": 0
        },
        "2011-10": {
            "month": "2011-10",
            "price": "60.28",
            "revenue": 10661
        },
        "2011-11": {
            "month": "2011-11",
            "price": "59.73",
            "revenue": 0
        },
        "2011-12": {
            "month": "2011-12",
            "price": "70.45",
            "revenue": 8487
        },
        "2012-01": {
            "month": "2012-01",
            "price": "75.28",
            "revenue": 0
        },
        "2012-02": {
            "month": "2012-02",
            "price": "86.85",
            "revenue": 149650
        },
        "2012-03": {
            "month": "2012-03",
            "price": "121.40",
            "revenue": 7528
        },
        "2012-04": {
            "month": "2012-04",
            "price": "126.83",
            "revenue": 0
        },
        "2012-05": {
            "month": "2012-05",
            "price": "120.04",
            "revenue": 0
        },
        "2012-06": {
            "month": "2012-06",
            "price": "108.23",
            "revenue": 8798
        },
        "2012-07": {
            "month": "2012-07",
            "price": "97.30",
            "revenue": 0
        },
        "2012-08": {
            "month": "2012-08",
            "price": "113.68",
            "revenue": 0
        },
        "2012-09": {
            "month": "2012-09",
            "price": "159.28",
            "revenue": 8050
        },
        "2012-10": {
            "month": "2012-10",
            "price": "182.91",
            "revenue": 0
        },
        "2012-11": {
            "month": "2012-11",
            "price": "171.32",
            "revenue": 0
        },
        "2012-12": {
            "month": "2012-12",
            "price": "183.64",
            "revenue": 9999
        },
        "2013-01": {
            "month": "2013-01",
            "price": "178.05",
            "revenue": 2292
        },
        "2013-02": {
            "month": "2013-02",
            "price": "193.50",
            "revenue": 1454
        },
        "2013-03": {
            "month": "2013-03",
            "price": "194.29",
            "revenue": 4309
        },
        "2013-04": {
            "month": "2013-04",
            "price": "168.40",
            "revenue": 2266
        },
        "2013-05": {
            "month": "2013-05",
            "price": "173.34",
            "revenue": 3917
        },
        "2013-06": {
            "month": "2013-06",
            "price": "178.47",
            "revenue": 3575
        },
        "2013-07": {
            "month": "2013-07",
            "price": "186.11",
            "revenue": 2509
        },
        "2013-08": {
            "month": "2013-08",
            "price": "192.19",
            "revenue": 2130
        },
        "2013-09": {
            "month": "2013-09",
            "price": "247.48",
            "revenue": 4451
        },
        "2013-10": {
            "month": "2013-10",
            "price": "266.93",
            "revenue": 532
        },
        "2013-11": {
            "month": "2013-11",
            "price": "242.81",
            "revenue": 4118
        },
        "2013-12": {
            "month": "2013-12",
            "price": "219.82",
            "revenue": 5847
        },
        "2014-01": {
            "month": "2014-01",
            "price": "224.94",
            "revenue": 1443
        },
        "2014-02": {
            "month": "2014-02",
            "price": "250.00",
            "revenue": 1696
        },
        "2014-03": {
            "month": "2014-03",
            "price": "254.74",
            "revenue": 1269
        },
        "2014-04": {
            "month": "2014-04",
            "price": "248.07",
            "revenue": 2708
        },
        "2014-05": {
            "month": "2014-05",
            "price": "314.62",
            "revenue": 1046
        },
        "2014-06": {
            "month": "2014-06",
            "price": "325.10",
            "revenue": 350
        },
        "2014-07": {
            "month": "2014-07",
            "price": "281.09",
            "revenue": 2138
        },
        "2014-08": {
            "month": "2014-08",
            "price": "226.33",
            "revenue": 594
        },
        "2014-09": {
            "month": "2014-09",
            "price": "244.02",
            "revenue": 212064
        },
        "2014-10": {
            "month": "2014-10",
            "price": "252.50",
            "revenue": 3093
        },
        "2014-11": {
            "month": "2014-11",
            "price": "241.35",
            "revenue": 64
        },
        "2014-12": {
            "month": "2014-12",
            "price": "280.29",
            "revenue": 2521
        },
        "2015-01": {
            "month": "2015-01",
            "price": "272.05",
            "revenue": 260
        },
        "2015-02": {
            "month": "2015-02",
            "price": "259.27",
            "revenue": 3934
        },
        "2015-03": {
            "month": "2015-03",
            "price": "275.91",
            "revenue": 2198
        },
        "2015-04": {
            "month": "2015-04",
            "price": "274.40",
            "revenue": 153008
        },
        "2015-05": {
            "month": "2015-05",
            "price": "261.15",
            "revenue": 638
        },
        "2015-06": {
            "month": "2015-06",
            "price": "235.69",
            "revenue": 343019
        },
        "2015-07": {
            "month": "2015-07",
            "price": "216.20",
            "revenue": 1506
        },
        "2015-08": {
            "month": "2015-08",
            "price": "162.98",
            "revenue": 649
        },
        "2015-09": {
            "month": "2015-09",
            "price": "186.32",
            "revenue": 558
        },
        "2015-10": {
            "month": "2015-10",
            "price": "216.38",
            "revenue": 134
        },
        "2015-11": {
            "month": "2015-11",
            "price": "224.07",
            "revenue": 43
        },
        "2015-12": {
            "month": "2015-12",
            "price": "257.59",
            "revenue": 1298
        },
        "2016-01": {
            "month": "2016-01",
            "price": "221.57",
            "revenue": 113
        },
        "2016-02": {
            "month": "2016-02",
            "price": "219.73",
            "revenue": 1420
        },
        "2016-03": {
            "month": "2016-03",
            "price": "233.57",
            "revenue": 53
        },
        "2016-04": {
            "month": "2016-04",
            "price": "234.26",
            "revenue": 43
        },
        "2016-05": {
            "month": "2016-05",
            "price": "230.83",
            "revenue": 323716
        },
        "2016-06": {
            "month": "2016-06",
            "price": "226.86",
            "revenue": 719
        },
        "2016-07": {
            "month": "2016-07",
            "price": "221.20",
            "revenue": 696
        },
        "2016-08": {
            "month": "2016-08",
            "price": "213.37",
            "revenue": 1395
        },
        "2016-09": {
            "month": "2016-09",
            "price": "235.24",
            "revenue": 693
        },
        "2016-10": {
            "month": "2016-10",
            "price": "231.15",
            "revenue": 786625
        },
        "2016-11": {
            "month": "2016-11",
            "price": "204.80",
            "revenue": 18057
        },
        "2016-12": {
            "month": "2016-12",
            "price": "192.14",
            "revenue": 1251
        },
        "2017-01": {
            "month": "2017-01",
            "price": "187.69",
            "revenue": 2654
        },
        "2017-02": {
            "month": "2017-02",
            "price": "201.56",
            "revenue": 5399
        },
        "2017-03": {
            "month": "2017-03",
            "price": "201.07",
            "revenue": 2896
        },
        "2017-04": {
            "month": "2017-04",
            "price": "189.28",
            "revenue": 4343
        },
        "2017-05": {
            "month": "2017-05",
            "price": "194.32",
            "revenue": 19883
        },
        "2017-06": {
            "month": "2017-06",
            "price": "198.67",
            "revenue": 4918
        },
        "2017-07": {
            "month": "2017-07",
            "price": "201.60",
            "revenue": 2460
        },
        "2017-08": {
            "month": "2017-08",
            "price": "176.72",
            "revenue": 23648
        },
        "2017-09": {
            "month": "2017-09",
            "price": "161.16",
            "revenue": 2884
        },
        "2017-10": {
            "month": "2017-10",
            "price": "168.47",
            "revenue": 3254
        },
        "2017-11": {
            "month": "2017-11",
            "price": "160.14",
            "revenue": 27363
        },
        "2017-12": {
            "month": "2017-12",
            "price": "151.90",
            "revenue": 753974
        },
        "2018-01": {
            "month": "2018-01",
            "price": "150.14",
            "revenue": 4762
        },
        "2018-02": {
            "month": "2018-02",
            "price": "131.77",
            "revenue": 26333
        },
        "2018-03": {
            "month": "2018-03",
            "price": "137.96",
            "revenue": 2712
        },
        "2018-04": {
            "month": "2018-04",
            "price": "146.53",
            "revenue": 3292
        },
        "2018-05": {
            "month": "2018-05",
            "price": "133.09",
            "revenue": 34177
        },
        "2018-06": {
            "month": "2018-06",
            "price": "144.92",
            "revenue": 4773
        },
        "2018-07": {
            "month": "2018-07",
            "price": "137.23",
            "revenue": 92321
        },
        "2018-08": {
            "month": "2018-08",
            "price": "136.93",
            "revenue": 32751
        },
        "2018-09": {
            "month": "2018-09",
            "price": "126.89",
            "revenue": 14008
        },
        "2018-10": {
            "month": "2018-10",
            "price": "119.68",
            "revenue": 12737
        },
        "2018-11": {
            "month": "2018-11",
            "price": "104.03",
            "revenue": 50871
        },
        "2018-12": {
            "month": "2018-12",
            "price": "113.31",
            "revenue": 10911
        },
        "2019-01": {
            "month": "2019-01",
            "price": "107.79",
            "revenue": 16124
        },
        "2019-02": {
            "month": "2019-02",
            "price": "104.35",
            "revenue": 44911
        },
        "2019-03": {
            "month": "2019-03",
            "price": "111.82",
            "revenue": 12759
        },
        "2019-04": {
            "month": "2019-04",
            "price": "109.28",
            "revenue": 13312
        },
        "2019-05": {
            "month": "2019-05",
            "price": "95.54",
            "revenue": 50544
        },
        "2019-06": {
            "month": "2019-06",
            "price": "90.27",
            "revenue": 15778
        },
        "2019-07": {
            "month": "2019-07",
            "price": "89.67",
            "revenue": 15527
        },
        "2019-08": {
            "month": "2019-08",
            "price": "73.09",
            "revenue": 49812
        },
        "2019-09": {
            "month": "2019-09",
            "price": "78.55",
            "revenue": 16231
        },
        "2019-10": {
            "month": "2019-10",
            "price": "73.36",
            "revenue": 14995
        },
        "2019-11": {
            "month": "2019-11",
            "price": "71.30",
            "revenue": 46994
        },
        "2019-12": {
            "month": "2019-12",
            "price": "68.20",
            "revenue": 12939
        },
        "2020-01": {
            "month": "2020-01",
            "price": "63.14",
            "revenue": 13293
        },
        "2020-02": {
            "month": "2020-02",
            "price": "60.01",
            "revenue": 47338
        },
        "2020-03": {
            "month": "2020-03",
            "price": "47.81",
            "revenue": 23110
        },
        "2020-04": {
            "month": "2020-04",
            "price": "48.85",
            "revenue": 16415
        },
        "2020-05": {
            "month": "2020-05",
            "price": "57.49",
            "revenue": 54461
        },
        "2020-06": {
            "month": "2020-06",
            "price": "75.94",
            "revenue": 19261
        },
        "2020-07": {
            "month": "2020-07",
            "price": "78.36",
            "revenue": 21152
        },
        "2020-08": {
            "month": "2020-08",
            "price": "71.70",
            "revenue": 56288
        },
        "2020-09": {
            "month": "2020-09",
            "price": "67.03",
            "revenue": 18229
        },
        "2020-10": {
            "month": "2020-10",
            "price": "59.24",
            "revenue": 13646
        },
        "2020-11": {
            "month": "2020-11",
            "price": "56.46",
            "revenue": 82684
        },
        "2020-12": {
            "month": "2020-12",
            "price": "59.72",
            "revenue": 21246
        },
        "2021-01": {
            "month": "2021-01",
            "price": "52.42",
            "revenue": 22746
        },
        "2021-02": {
            "month": "2021-02",
            "price": "57.23",
            "revenue": 13772
        },
        "2021-03": {
            "month": "2021-03",
            "price": "71.74",
            "revenue": 79127
        },
        "2021-04": {
            "month": "2021-04",
            "price": "73.37",
            "revenue": 19801
        },
        "2021-05": {
            "month": "2021-05",
            "price": "65.08",
            "revenue": 18467
        },
        "2021-06": {
            "month": "2021-06",
            "price": "66.97",
            "revenue": 119995
        },
        "2021-07": {
            "month": "2021-07",
            "price": "64.68",
            "revenue": 18267
        },
        "2021-08": {
            "month": "2021-08",
            "price": "62.33",
            "revenue": 22242
        },
        "2021-09": {
            "month": "2021-09",
            "price": "58.04",
            "revenue": 136617
        },
        "2021-10": {
            "month": "2021-10",
            "price": "56.85",
            "revenue": 17926
        },
        "2021-11": {
            "month": "2021-11",
            "price": "57.59",
            "revenue": 21254
        },
        "2021-12": {
            "month": "2021-12",
            "price": "64.15",
            "revenue": 134525
        },
        "2022-01": {
            "month": "2022-01",
            "price": "65.48",
            "revenue": 25740
        },
        "2022-02": {
            "month": "2022-02",
            "price": "68.18",
            "revenue": 15887
        },
        "2022-03": {
            "month": "2022-03",
            "price": "89.49",
            "revenue": 132502
        },
        "2022-04": {
            "month": "2022-04",
            "price": "84.92",
            "revenue": 19378
        },
        "2022-05": {
            "month": "2022-05",
            "price": "78.25",
            "revenue": 22873
        },
        "2022-06": {
            "month": "2022-06",
            "price": "79.57",
            "revenue": 124648
        },
        "2022-07": {
            "month": "2022-07",
            "price": "92.95",
            "revenue": 24397
        },
        "2022-08": {
            "month": "2022-08",
            "price": "102.61",
            "revenue": 26657
        },
        "2022-09": {
            "month": "2022-09",
            "price": "130.69",
            "revenue": 103828
        },
        "2022-10": {
            "month": "2022-10",
            "price": "102.36",
            "revenue": 22000
        },
        "2022-11": {
            "month": "2022-11",
            "price": "120.87",
            "revenue": 20343
        },
        "2022-12": {
            "month": "2022-12",
            "price": "126.57",
            "revenue": 100536
        },
        "2023-01": {
            "month": "2023-01",
            "price": "121.23",
            "revenue": 25579
        },
        "2023-02": {
            "month": "2023-02",
            "price": "118.03",
            "revenue": 20144
        },
        "2023-03": {
            "month": "2023-03",
            "price": "108.93",
            "revenue": 122610
        },
        "2023-04": {
            "month": "2023-04",
            "price": "103.55",
            "revenue": 20284
        },
        "2023-05": {
            "month": "2023-05",
            "price": "96.12",
            "revenue": 26382
        },
        "2023-06": {
            "month": "2023-06",
            "price": "94.63",
            "revenue": 119404
        },
        "2023-07": {
            "month": "2023-07",
            "price": "89.13",
            "revenue": 83766
        },
        "2023-08": {
            "month": "2023-08",
            "price": "84.68",
            "revenue": 29546
        },
        "2023-09": {
            "month": "2023-09",
            "price": "86.64",
            "revenue": 132630
        },
        "2023-10": {
            "month": "2023-10",
            "price": "97.46",
            "revenue": 19265
        },
        "2023-11": {
            "month": "2023-11",
            "price": "106.20",
            "revenue": 21234
        },
        "2023-12": {
            "month": "2023-12",
            "price": "102.13",
            "revenue": 126579
        }
    }
}
