{
    "summary": {
        "stock_name": "鐿鈦",
        "stock_id": "4163",
        "category": "生技醫療",
        "main_business": "醫療器材用產品<br>精密扣件產品<br>微波開關產品",
        "website_url": "http://www.intai.com.tw",
        "ceo": "林俊男",
        "pe_ratio": 16,
        "report_year_from": 2010,
        "report_year_to": 2023,
        "age": 14,
        "eps_negative_percentage": 0,
        "eps_growth_avg": {
            "last_all": 14.39,
            "last_2y": 14.56,
            "last_4y": 6.39,
            "last_8y": 8.92,
            "last_12y": null,
            "last_16y": null,
            "last_20y": null,
            "at_2006_last_3y": null,
            "at_2007_last_3y": null,
            "at_2008_last_3y": null,
            "at_2009_last_3y": null,
            "at_2010_last_3y": null,
            "at_2011_last_3y": null,
            "at_2012_last_3y": null,
            "at_2013_last_3y": null,
            "at_2014_last_3y": null,
            "at_2015_last_3y": null,
            "at_2016_last_3y": 22.66,
            "at_2017_last_3y": -3.55,
            "at_2018_last_3y": 12.07,
            "at_2019_last_3y": 20.04,
            "at_2020_last_3y": 5.99,
            "at_2021_last_3y": 15.75,
            "at_2022_last_3y": 13.8,
            "at_2023_last_3y": 1.83,
            "at_2024_last_3y": 1.83,
            "at_2006_last_all": null,
            "at_2007_last_all": null,
            "at_2008_last_all": null,
            "at_2009_last_all": null,
            "at_2010_last_all": null,
            "at_2011_last_all": null,
            "at_2012_last_all": null,
            "at_2013_last_all": null,
            "at_2014_last_all": 39,
            "at_2015_last_all": 23.59,
            "at_2016_last_all": 22.66,
            "at_2017_last_all": 6.74,
            "at_2018_last_all": 21.05,
            "at_2019_last_all": 21.56,
            "at_2020_last_all": 14.32,
            "at_2021_last_all": 10.74,
            "at_2022_last_all": 18.15,
            "at_2023_last_all": 14.39,
            "at_2024_last_all": 14.39
        },
        "latest_eps": 7.84,
        "latest_price": 124,
        "latest_roe": 15.88,
        "latest_gross_margin": 42.34,
        "latest_equity": 2520165,
        "latest_revenue": 587111,
        "latest_gross_profit": 248577,
        "latest_net_income": 103662,
        "latest_debt_ratio": 47.49,
        "latest_current_ratio": 343,
        "latest_account_receivable_turnover_ratio": 2.6,
        "latest_inventory_turnover_ratio": 0.35,
        "latest_reinvestment_rate": 68.57,
        "latest_research_to_sale_ratio": 12.05
    },
    "eps_dividends": {
        "2001": {
            "cash": 0,
            "stock": 0,
            "eps": 0
        },
        "2002": {
            "cash": 0,
            "stock": 0,
            "eps": 0
        },
        "2003": {
            "cash": 0,
            "stock": 0,
            "eps": 0
        },
        "2004": {
            "cash": 0,
            "stock": 0,
            "eps": 0
        },
        "2005": {
            "cash": 0,
            "stock": 0,
            "eps": 0
        },
        "2006": {
            "cash": 0,
            "stock": 0,
            "eps": 0
        },
        "2007": {
            "cash": 0,
            "stock": 0,
            "eps": 0
        },
        "2008": {
            "cash": 0,
            "stock": 0,
            "eps": 0
        },
        "2009": {
            "cash": 0,
            "stock": 0,
            "eps": 0
        },
        "2010": {
            "cash": 2,
            "stock": 0,
            "eps": 0
        },
        "2011": {
            "cash": 1.5,
            "stock": 0,
            "eps": 0
        },
        "2012": {
            "cash": 2,
            "stock": 0,
            "eps": 4.09
        },
        "2013": {
            "cash": 3,
            "stock": 0,
            "eps": 6.05
        },
        "2014": {
            "cash": 5,
            "stock": 0,
            "eps": 7.87
        },
        "2015": {
            "cash": 5,
            "stock": 0,
            "eps": 7.3
        },
        "2016": {
            "cash": 4.5,
            "stock": 0,
            "eps": 8.75
        },
        "2017": {
            "cash": 6,
            "stock": 0,
            "eps": 3.77
        },
        "2018": {
            "cash": 2.3,
            "stock": 0,
            "eps": 7.26
        },
        "2019": {
            "cash": 4.5,
            "stock": 0,
            "eps": 9.05
        },
        "2020": {
            "cash": 5,
            "stock": 2,
            "eps": 5.76
        },
        "2021": {
            "cash": 3.5,
            "stock": 0,
            "eps": 4.73
        },
        "2022": {
            "cash": 2.5,
            "stock": 0,
            "eps": 8.74
        },
        "2023": {
            "cash": 4,
            "stock": 0,
            "eps": 6.71
        }
    },
    "dividends": {
        "2010-06-18": {
            "cash": 2,
            "stock": 0
        },
        "2011-06-24": {
            "cash": 1.5,
            "stock": 0
        },
        "2012-06-07": {
            "cash": 2,
            "stock": 0
        },
        "2013-06-25": {
            "cash": 3,
            "stock": 0
        },
        "2014-07-24": {
            "cash": 5,
            "stock": 0
        },
        "2015-08-12": {
            "cash": 5,
            "stock": 0
        },
        "2016-08-12": {
            "cash": 4.5,
            "stock": 0
        },
        "2017-08-10": {
            "cash": 6,
            "stock": 0
        },
        "2018-08-08": {
            "cash": 2.3,
            "stock": 0
        },
        "2019-08-12": {
            "cash": 4.5,
            "stock": 0
        },
        "2020-07-31": {
            "cash": 5,
            "stock": 2
        },
        "2021-08-12": {
            "cash": 3.5,
            "stock": 0
        },
        "2022-07-28": {
            "cash": 2.5,
            "stock": 0
        },
        "2023-07-28": {
            "cash": 4,
            "stock": 0
        }
    },
    "prices": {
        "200101": "無",
        "200102": "無",
        "200103": "無",
        "200104": "無",
        "200105": "無",
        "200106": "無",
        "200107": "無",
        "200108": "無",
        "200109": "無",
        "200110": "無",
        "200111": "無",
        "200112": "無",
        "200201": "無",
        "200202": "無",
        "200203": "無",
        "200204": "無",
        "200205": "無",
        "200206": "無",
        "200207": "無",
        "200208": "無",
        "200209": "無",
        "200210": "無",
        "200211": "無",
        "200212": "無",
        "200301": "無",
        "200302": "無",
        "200303": "無",
        "200304": "無",
        "200305": "無",
        "200306": "無",
        "200307": "無",
        "200308": "無",
        "200309": "無",
        "200310": "無",
        "200311": "無",
        "200312": "無",
        "200401": "無",
        "200402": "無",
        "200403": "無",
        "200404": "無",
        "200405": "無",
        "200406": "無",
        "200407": "無",
        "200408": "無",
        "200409": "無",
        "200410": "無",
        "200411": "無",
        "200412": "無",
        "200501": "無",
        "200502": "無",
        "200503": "無",
        "200504": "無",
        "200505": "無",
        "200506": "無",
        "200507": "無",
        "200508": "無",
        "200509": "無",
        "200510": "無",
        "200511": "無",
        "200512": "無",
        "200601": "無",
        "200602": "無",
        "200603": "無",
        "200604": "無",
        "200605": "無",
        "200606": "無",
        "200607": "無",
        "200608": "無",
        "200609": "無",
        "200610": "無",
        "200611": "無",
        "200612": "無",
        "200701": "無",
        "200702": "無",
        "200703": "無",
        "200704": "無",
        "200705": "無",
        "200706": "無",
        "200707": "無",
        "200708": "無",
        "200709": "無",
        "200710": "無",
        "200711": "無",
        "200712": "無",
        "200801": "無",
        "200802": "無",
        "200803": "無",
        "200804": "無",
        "200805": "無",
        "200806": "無",
        "200807": "無",
        "200808": "無",
        "200809": "無",
        "200810": "無",
        "200811": "無",
        "200812": "無",
        "200901": "無",
        "200902": "無",
        "200903": "無",
        "200904": "無",
        "200905": "無",
        "200906": "無",
        "200907": "無",
        "200908": "無",
        "200909": "無",
        "200910": "無",
        "200911": "無",
        "200912": "無",
        "201001": "無",
        "201002": "無",
        "201003": "無",
        "201004": "無",
        "201005": "無",
        "201006": "無",
        "201007": "無",
        "201008": "無",
        "201009": "無",
        "201010": "無",
        "201011": "無",
        "201012": "無",
        "201101": "無",
        "201102": "無",
        "201103": "無",
        "201104": "無",
        "201105": "無",
        "201106": "無",
        "201107": "無",
        "201108": "無",
        "201109": "無",
        "201110": "55.33",
        "201111": "56.57",
        "201112": "53.91",
        "201201": "無",
        "201202": "59.91",
        "201203": "63.92",
        "201204": "58.96",
        "201205": "58.29",
        "201206": "58.70",
        "201207": "56.76",
        "201208": "59.80",
        "201209": "66.90",
        "201210": "89.67",
        "201211": "115.67",
        "201212": "109.64",
        "201301": "95.98",
        "201302": "98.84",
        "201303": "96.81",
        "201304": "85.31",
        "201305": "96.71",
        "201306": "105.27",
        "201307": "121.67",
        "201308": "130.31",
        "201309": "138.88",
        "201310": "141.57",
        "201311": "139.74",
        "201312": "136.95",
        "201401": "122.14",
        "201402": "136.62",
        "201403": "163.19",
        "201404": "179.12",
        "201405": "182.79",
        "201406": "197.60",
        "201407": "177.20",
        "201408": "172.21",
        "201409": "171.26",
        "201410": "156.36",
        "201411": "154.60",
        "201412": "172.62",
        "201501": "165.22",
        "201502": "164.65",
        "201503": "173.55",
        "201504": "173.15",
        "201505": "147.62",
        "201506": "141.29",
        "201507": "124.61",
        "201508": "97.25",
        "201509": "108.22",
        "201510": "107.19",
        "201511": "123.90",
        "201512": "128.67",
        "201601": "118.26",
        "201602": "125.42",
        "201603": "145.33",
        "201604": "164.26",
        "201605": "167.57",
        "201606": "174.26",
        "201607": "181.95",
        "201608": "174.54",
        "201609": "162.42",
        "201610": "156.32",
        "201611": "144.84",
        "201612": "149.86",
        "201701": "151.41",
        "201702": "153.86",
        "201703": "146.96",
        "201704": "134.81",
        "201705": "123.60",
        "201706": "124.61",
        "201707": "111.48",
        "201708": "99.68",
        "201709": "100.12",
        "201710": "100.43",
        "201711": "99.00",
        "201712": "96.50",
        "201801": "103.27",
        "201802": "92.42",
        "201803": "94.33",
        "201804": "98.47",
        "201805": "107.91",
        "201806": "108.15",
        "201807": "101.67",
        "201808": "97.34",
        "201809": "93.86",
        "201810": "85.27",
        "201811": "82.29",
        "201812": "87.10",
        "201901": "92.00",
        "201902": "103.77",
        "201903": "108.18",
        "201904": "106.35",
        "201905": "121.59",
        "201906": "114.63",
        "201907": "142.61",
        "201908": "143.05",
        "201909": "142.53",
        "201910": "132.69",
        "201911": "134.90",
        "201912": "132.48",
        "202001": "129.17",
        "202002": "120.00",
        "202003": "106.98",
        "202004": "116.02",
        "202005": "127.05",
        "202006": "130.35",
        "202007": "123.52",
        "202008": "115.81",
        "202009": "98.61",
        "202010": "97.66",
        "202011": "98.23",
        "202012": "99.31",
        "202101": "94.54",
        "202102": "91.39",
        "202103": "91.75",
        "202104": "90.99",
        "202105": "85.90",
        "202106": "88.04",
        "202107": "88.15",
        "202108": "83.84",
        "202109": "85.18",
        "202110": "84.60",
        "202111": "85.97",
        "202112": "85.64",
        "202201": "85.62",
        "202202": "84.81",
        "202203": "82.36",
        "202204": "82.36",
        "202205": "82.74",
        "202206": "87.21",
        "202207": "84.72",
        "202208": "91.06",
        "202209": "97.29",
        "202210": "92.17",
        "202211": "95.98",
        "202212": "105.29",
        "202301": "110.15",
        "202302": "128.97",
        "202303": "128.37",
        "202304": "130.29",
        "202305": "134.93",
        "202306": "136.55",
        "202307": "130.69",
        "202308": "118.05",
        "202309": "122.18",
        "202310": "118.05",
        "202311": "120.70",
        "202312": "126.00"
    },
    "quarters": {
        "20011": {
            "year_quarter": 20011,
            "year": 2001,
            "quarter": 1,
            "eps": null,
            "eps_growth_year": null,
            "eps_4q": null,
            "eps_4q_growth_year": null,
            "roe": null,
            "roe_4q": 0,
            "gross_profit": null,
            "gross_margin": null,
            "gross_margin_4q_avg": 0,
            "net_income": null,
            "net_income_4q": null,
            "revenue": null,
            "revenue_4q": null,
            "common_shares": null,
            "book_valuer_per_share": null,
            "book_valuer_per_share_4q_avg": 0,
            "equity": null,
            "current_ratio": null,
            "debt_ratio": null,
            "inventory_turnover_ratio": null,
            "account_receivable_turnover_ratio": null,
            "reinvestment_rate": null,
            "research_to_sale_ratio": null,
            "price_fair": 0,
            "eps_avg_yearly": 0,
            "eps_latest_yearly": 0,
            "eps_growth_yearly": 0
        },
        "20012": {
            "year_quarter": 20012,
            "year": 2001,
            "quarter": 2,
            "eps": null,
            "eps_growth_year": null,
            "eps_4q": null,
            "eps_4q_growth_year": null,
            "roe": null,
            "roe_4q": 0,
            "gross_profit": null,
            "gross_margin": null,
            "gross_margin_4q_avg": 0,
            "net_income": null,
            "net_income_4q": null,
            "revenue": null,
            "revenue_4q": null,
            "common_shares": null,
            "book_valuer_per_share": null,
            "book_valuer_per_share_4q_avg": 0,
            "equity": null,
            "current_ratio": null,
            "debt_ratio": null,
            "inventory_turnover_ratio": null,
            "account_receivable_turnover_ratio": null,
            "reinvestment_rate": null,
            "research_to_sale_ratio": null,
            "price_fair": 0,
            "eps_avg_yearly": 0,
            "eps_latest_yearly": 0,
            "eps_growth_yearly": 0
        },
        "20013": {
            "year_quarter": 20013,
            "year": 2001,
            "quarter": 3,
            "eps": null,
            "eps_growth_year": null,
            "eps_4q": null,
            "eps_4q_growth_year": null,
            "roe": null,
            "roe_4q": 0,
            "gross_profit": null,
            "gross_margin": null,
            "gross_margin_4q_avg": 0,
            "net_income": null,
            "net_income_4q": null,
            "revenue": null,
            "revenue_4q": null,
            "common_shares": null,
            "book_valuer_per_share": null,
            "book_valuer_per_share_4q_avg": 0,
            "equity": null,
            "current_ratio": null,
            "debt_ratio": null,
            "inventory_turnover_ratio": null,
            "account_receivable_turnover_ratio": null,
            "reinvestment_rate": null,
            "research_to_sale_ratio": null,
            "price_fair": 0,
            "eps_avg_yearly": 0,
            "eps_latest_yearly": 0,
            "eps_growth_yearly": 0
        },
        "20014": {
            "year_quarter": 20014,
            "year": 2001,
            "quarter": 4,
            "eps": null,
            "eps_growth_year": null,
            "eps_4q": null,
            "eps_4q_growth_year": null,
            "roe": null,
            "roe_4q": 0,
            "gross_profit": null,
            "gross_margin": null,
            "gross_margin_4q_avg": 0,
            "net_income": null,
            "net_income_4q": null,
            "revenue": null,
            "revenue_4q": null,
            "common_shares": null,
            "book_valuer_per_share": null,
            "book_valuer_per_share_4q_avg": 0,
            "equity": null,
            "current_ratio": null,
            "debt_ratio": null,
            "inventory_turnover_ratio": null,
            "account_receivable_turnover_ratio": null,
            "reinvestment_rate": null,
            "research_to_sale_ratio": null,
            "price_fair": 0,
            "eps_avg_yearly": 0,
            "eps_latest_yearly": 0,
            "eps_growth_yearly": 0
        },
        "20021": {
            "year_quarter": 20021,
            "year": 2002,
            "quarter": 1,
            "eps": null,
            "eps_growth_year": null,
            "eps_4q": null,
            "eps_4q_growth_year": null,
            "roe": null,
            "roe_4q": 0,
            "gross_profit": null,
            "gross_margin": null,
            "gross_margin_4q_avg": 0,
            "net_income": null,
            "net_income_4q": null,
            "revenue": null,
            "revenue_4q": null,
            "common_shares": null,
            "book_valuer_per_share": null,
            "book_valuer_per_share_4q_avg": 0,
            "equity": null,
            "current_ratio": null,
            "debt_ratio": null,
            "inventory_turnover_ratio": null,
            "account_receivable_turnover_ratio": null,
            "reinvestment_rate": null,
            "research_to_sale_ratio": null,
            "price_fair": 0,
            "eps_avg_yearly": 0,
            "eps_latest_yearly": 0,
            "eps_growth_yearly": 0
        },
        "20022": {
            "year_quarter": 20022,
            "year": 2002,
            "quarter": 2,
            "eps": null,
            "eps_growth_year": null,
            "eps_4q": null,
            "eps_4q_growth_year": null,
            "roe": null,
            "roe_4q": 0,
            "gross_profit": null,
            "gross_margin": null,
            "gross_margin_4q_avg": 0,
            "net_income": null,
            "net_income_4q": null,
            "revenue": null,
            "revenue_4q": null,
            "common_shares": null,
            "book_valuer_per_share": null,
            "book_valuer_per_share_4q_avg": 0,
            "equity": null,
            "current_ratio": null,
            "debt_ratio": null,
            "inventory_turnover_ratio": null,
            "account_receivable_turnover_ratio": null,
            "reinvestment_rate": null,
            "research_to_sale_ratio": null,
            "price_fair": 0,
            "eps_avg_yearly": 0,
            "eps_latest_yearly": 0,
            "eps_growth_yearly": 0
        },
        "20023": {
            "year_quarter": 20023,
            "year": 2002,
            "quarter": 3,
            "eps": null,
            "eps_growth_year": null,
            "eps_4q": null,
            "eps_4q_growth_year": null,
            "roe": null,
            "roe_4q": 0,
            "gross_profit": null,
            "gross_margin": null,
            "gross_margin_4q_avg": 0,
            "net_income": null,
            "net_income_4q": null,
            "revenue": null,
            "revenue_4q": null,
            "common_shares": null,
            "book_valuer_per_share": null,
            "book_valuer_per_share_4q_avg": 0,
            "equity": null,
            "current_ratio": null,
            "debt_ratio": null,
            "inventory_turnover_ratio": null,
            "account_receivable_turnover_ratio": null,
            "reinvestment_rate": null,
            "research_to_sale_ratio": null,
            "price_fair": 0,
            "eps_avg_yearly": 0,
            "eps_latest_yearly": 0,
            "eps_growth_yearly": 0
        },
        "20024": {
            "year_quarter": 20024,
            "year": 2002,
            "quarter": 4,
            "eps": null,
            "eps_growth_year": null,
            "eps_4q": null,
            "eps_4q_growth_year": null,
            "roe": null,
            "roe_4q": 0,
            "gross_profit": null,
            "gross_margin": null,
            "gross_margin_4q_avg": 0,
            "net_income": null,
            "net_income_4q": null,
            "revenue": null,
            "revenue_4q": null,
            "common_shares": null,
            "book_valuer_per_share": null,
            "book_valuer_per_share_4q_avg": 0,
            "equity": null,
            "current_ratio": null,
            "debt_ratio": null,
            "inventory_turnover_ratio": null,
            "account_receivable_turnover_ratio": null,
            "reinvestment_rate": null,
            "research_to_sale_ratio": null,
            "price_fair": 0,
            "eps_avg_yearly": 0,
            "eps_latest_yearly": 0,
            "eps_growth_yearly": 0
        },
        "20031": {
            "year_quarter": 20031,
            "year": 2003,
            "quarter": 1,
            "eps": null,
            "eps_growth_year": null,
            "eps_4q": null,
            "eps_4q_growth_year": null,
            "roe": null,
            "roe_4q": 0,
            "gross_profit": null,
            "gross_margin": null,
            "gross_margin_4q_avg": 0,
            "net_income": null,
            "net_income_4q": null,
            "revenue": null,
            "revenue_4q": null,
            "common_shares": null,
            "book_valuer_per_share": null,
            "book_valuer_per_share_4q_avg": 0,
            "equity": null,
            "current_ratio": null,
            "debt_ratio": null,
            "inventory_turnover_ratio": null,
            "account_receivable_turnover_ratio": null,
            "reinvestment_rate": null,
            "research_to_sale_ratio": null,
            "price_fair": 0,
            "eps_avg_yearly": 0,
            "eps_latest_yearly": 0,
            "eps_growth_yearly": 0
        },
        "20032": {
            "year_quarter": 20032,
            "year": 2003,
            "quarter": 2,
            "eps": null,
            "eps_growth_year": null,
            "eps_4q": null,
            "eps_4q_growth_year": null,
            "roe": null,
            "roe_4q": 0,
            "gross_profit": null,
            "gross_margin": null,
            "gross_margin_4q_avg": 0,
            "net_income": null,
            "net_income_4q": null,
            "revenue": null,
            "revenue_4q": null,
            "common_shares": null,
            "book_valuer_per_share": null,
            "book_valuer_per_share_4q_avg": 0,
            "equity": null,
            "current_ratio": null,
            "debt_ratio": null,
            "inventory_turnover_ratio": null,
            "account_receivable_turnover_ratio": null,
            "reinvestment_rate": null,
            "research_to_sale_ratio": null,
            "price_fair": 0,
            "eps_avg_yearly": 0,
            "eps_latest_yearly": 0,
            "eps_growth_yearly": 0
        },
        "20033": {
            "year_quarter": 20033,
            "year": 2003,
            "quarter": 3,
            "eps": null,
            "eps_growth_year": null,
            "eps_4q": null,
            "eps_4q_growth_year": null,
            "roe": null,
            "roe_4q": 0,
            "gross_profit": null,
            "gross_margin": null,
            "gross_margin_4q_avg": 0,
            "net_income": null,
            "net_income_4q": null,
            "revenue": null,
            "revenue_4q": null,
            "common_shares": null,
            "book_valuer_per_share": null,
            "book_valuer_per_share_4q_avg": 0,
            "equity": null,
            "current_ratio": null,
            "debt_ratio": null,
            "inventory_turnover_ratio": null,
            "account_receivable_turnover_ratio": null,
            "reinvestment_rate": null,
            "research_to_sale_ratio": null,
            "price_fair": 0,
            "eps_avg_yearly": 0,
            "eps_latest_yearly": 0,
            "eps_growth_yearly": 0
        },
        "20034": {
            "year_quarter": 20034,
            "year": 2003,
            "quarter": 4,
            "eps": null,
            "eps_growth_year": null,
            "eps_4q": null,
            "eps_4q_growth_year": null,
            "roe": null,
            "roe_4q": 0,
            "gross_profit": null,
            "gross_margin": null,
            "gross_margin_4q_avg": 0,
            "net_income": null,
            "net_income_4q": null,
            "revenue": null,
            "revenue_4q": null,
            "common_shares": null,
            "book_valuer_per_share": null,
            "book_valuer_per_share_4q_avg": 0,
            "equity": null,
            "current_ratio": null,
            "debt_ratio": null,
            "inventory_turnover_ratio": null,
            "account_receivable_turnover_ratio": null,
            "reinvestment_rate": null,
            "research_to_sale_ratio": null,
            "price_fair": 0,
            "eps_avg_yearly": 0,
            "eps_latest_yearly": 0,
            "eps_growth_yearly": 0
        },
        "20041": {
            "year_quarter": 20041,
            "year": 2004,
            "quarter": 1,
            "eps": null,
            "eps_growth_year": null,
            "eps_4q": null,
            "eps_4q_growth_year": null,
            "roe": null,
            "roe_4q": 0,
            "gross_profit": null,
            "gross_margin": null,
            "gross_margin_4q_avg": 0,
            "net_income": null,
            "net_income_4q": null,
            "revenue": null,
            "revenue_4q": null,
            "common_shares": null,
            "book_valuer_per_share": null,
            "book_valuer_per_share_4q_avg": 0,
            "equity": null,
            "current_ratio": null,
            "debt_ratio": null,
            "inventory_turnover_ratio": null,
            "account_receivable_turnover_ratio": null,
            "reinvestment_rate": null,
            "research_to_sale_ratio": null,
            "price_fair": 0,
            "eps_avg_yearly": 0,
            "eps_latest_yearly": 0,
            "eps_growth_yearly": 0
        },
        "20042": {
            "year_quarter": 20042,
            "year": 2004,
            "quarter": 2,
            "eps": null,
            "eps_growth_year": null,
            "eps_4q": null,
            "eps_4q_growth_year": null,
            "roe": null,
            "roe_4q": 0,
            "gross_profit": null,
            "gross_margin": null,
            "gross_margin_4q_avg": 0,
            "net_income": null,
            "net_income_4q": null,
            "revenue": null,
            "revenue_4q": null,
            "common_shares": null,
            "book_valuer_per_share": null,
            "book_valuer_per_share_4q_avg": 0,
            "equity": null,
            "current_ratio": null,
            "debt_ratio": null,
            "inventory_turnover_ratio": null,
            "account_receivable_turnover_ratio": null,
            "reinvestment_rate": null,
            "research_to_sale_ratio": null,
            "price_fair": 0,
            "eps_avg_yearly": 0,
            "eps_latest_yearly": 0,
            "eps_growth_yearly": 0
        },
        "20043": {
            "year_quarter": 20043,
            "year": 2004,
            "quarter": 3,
            "eps": null,
            "eps_growth_year": null,
            "eps_4q": null,
            "eps_4q_growth_year": null,
            "roe": null,
            "roe_4q": 0,
            "gross_profit": null,
            "gross_margin": null,
            "gross_margin_4q_avg": 0,
            "net_income": null,
            "net_income_4q": null,
            "revenue": null,
            "revenue_4q": null,
            "common_shares": null,
            "book_valuer_per_share": null,
            "book_valuer_per_share_4q_avg": 0,
            "equity": null,
            "current_ratio": null,
            "debt_ratio": null,
            "inventory_turnover_ratio": null,
            "account_receivable_turnover_ratio": null,
            "reinvestment_rate": null,
            "research_to_sale_ratio": null,
            "price_fair": 0,
            "eps_avg_yearly": 0,
            "eps_latest_yearly": 0,
            "eps_growth_yearly": 0
        },
        "20044": {
            "year_quarter": 20044,
            "year": 2004,
            "quarter": 4,
            "eps": null,
            "eps_growth_year": null,
            "eps_4q": null,
            "eps_4q_growth_year": null,
            "roe": null,
            "roe_4q": 0,
            "gross_profit": null,
            "gross_margin": null,
            "gross_margin_4q_avg": 0,
            "net_income": null,
            "net_income_4q": null,
            "revenue": null,
            "revenue_4q": null,
            "common_shares": null,
            "book_valuer_per_share": null,
            "book_valuer_per_share_4q_avg": 0,
            "equity": null,
            "current_ratio": null,
            "debt_ratio": null,
            "inventory_turnover_ratio": null,
            "account_receivable_turnover_ratio": null,
            "reinvestment_rate": null,
            "research_to_sale_ratio": null,
            "price_fair": 0,
            "eps_avg_yearly": 0,
            "eps_latest_yearly": 0,
            "eps_growth_yearly": 0
        },
        "20051": {
            "year_quarter": 20051,
            "year": 2005,
            "quarter": 1,
            "eps": null,
            "eps_growth_year": null,
            "eps_4q": null,
            "eps_4q_growth_year": null,
            "roe": null,
            "roe_4q": 0,
            "gross_profit": null,
            "gross_margin": null,
            "gross_margin_4q_avg": 0,
            "net_income": null,
            "net_income_4q": null,
            "revenue": null,
            "revenue_4q": null,
            "common_shares": null,
            "book_valuer_per_share": null,
            "book_valuer_per_share_4q_avg": 0,
            "equity": null,
            "current_ratio": null,
            "debt_ratio": null,
            "inventory_turnover_ratio": null,
            "account_receivable_turnover_ratio": null,
            "reinvestment_rate": null,
            "research_to_sale_ratio": null,
            "price_fair": 0,
            "eps_avg_yearly": 0,
            "eps_latest_yearly": 0,
            "eps_growth_yearly": 0
        },
        "20052": {
            "year_quarter": 20052,
            "year": 2005,
            "quarter": 2,
            "eps": null,
            "eps_growth_year": null,
            "eps_4q": null,
            "eps_4q_growth_year": null,
            "roe": null,
            "roe_4q": 0,
            "gross_profit": null,
            "gross_margin": null,
            "gross_margin_4q_avg": 0,
            "net_income": null,
            "net_income_4q": null,
            "revenue": null,
            "revenue_4q": null,
            "common_shares": null,
            "book_valuer_per_share": null,
            "book_valuer_per_share_4q_avg": 0,
            "equity": null,
            "current_ratio": null,
            "debt_ratio": null,
            "inventory_turnover_ratio": null,
            "account_receivable_turnover_ratio": null,
            "reinvestment_rate": null,
            "research_to_sale_ratio": null,
            "price_fair": 0,
            "eps_avg_yearly": 0,
            "eps_latest_yearly": 0,
            "eps_growth_yearly": 0
        },
        "20053": {
            "year_quarter": 20053,
            "year": 2005,
            "quarter": 3,
            "eps": null,
            "eps_growth_year": null,
            "eps_4q": null,
            "eps_4q_growth_year": null,
            "roe": null,
            "roe_4q": 0,
            "gross_profit": null,
            "gross_margin": null,
            "gross_margin_4q_avg": 0,
            "net_income": null,
            "net_income_4q": null,
            "revenue": null,
            "revenue_4q": null,
            "common_shares": null,
            "book_valuer_per_share": null,
            "book_valuer_per_share_4q_avg": 0,
            "equity": null,
            "current_ratio": null,
            "debt_ratio": null,
            "inventory_turnover_ratio": null,
            "account_receivable_turnover_ratio": null,
            "reinvestment_rate": null,
            "research_to_sale_ratio": null,
            "price_fair": 0,
            "eps_avg_yearly": 0,
            "eps_latest_yearly": 0,
            "eps_growth_yearly": 0
        },
        "20054": {
            "year_quarter": 20054,
            "year": 2005,
            "quarter": 4,
            "eps": null,
            "eps_growth_year": null,
            "eps_4q": null,
            "eps_4q_growth_year": null,
            "roe": null,
            "roe_4q": 0,
            "gross_profit": null,
            "gross_margin": null,
            "gross_margin_4q_avg": 0,
            "net_income": null,
            "net_income_4q": null,
            "revenue": null,
            "revenue_4q": null,
            "common_shares": null,
            "book_valuer_per_share": null,
            "book_valuer_per_share_4q_avg": 0,
            "equity": null,
            "current_ratio": null,
            "debt_ratio": null,
            "inventory_turnover_ratio": null,
            "account_receivable_turnover_ratio": null,
            "reinvestment_rate": null,
            "research_to_sale_ratio": null,
            "price_fair": 0,
            "eps_avg_yearly": 0,
            "eps_latest_yearly": 0,
            "eps_growth_yearly": 0
        },
        "20061": {
            "year_quarter": 20061,
            "year": 2006,
            "quarter": 1,
            "eps": null,
            "eps_growth_year": null,
            "eps_4q": null,
            "eps_4q_growth_year": null,
            "roe": null,
            "roe_4q": 0,
            "gross_profit": null,
            "gross_margin": null,
            "gross_margin_4q_avg": 0,
            "net_income": null,
            "net_income_4q": null,
            "revenue": null,
            "revenue_4q": null,
            "common_shares": null,
            "book_valuer_per_share": null,
            "book_valuer_per_share_4q_avg": 0,
            "equity": null,
            "current_ratio": null,
            "debt_ratio": null,
            "inventory_turnover_ratio": null,
            "account_receivable_turnover_ratio": null,
            "reinvestment_rate": null,
            "research_to_sale_ratio": null,
            "price_fair": 0,
            "eps_avg_yearly": 0,
            "eps_latest_yearly": 0,
            "eps_growth_yearly": 0
        },
        "20062": {
            "year_quarter": 20062,
            "year": 2006,
            "quarter": 2,
            "eps": null,
            "eps_growth_year": null,
            "eps_4q": null,
            "eps_4q_growth_year": null,
            "roe": null,
            "roe_4q": 0,
            "gross_profit": null,
            "gross_margin": null,
            "gross_margin_4q_avg": 0,
            "net_income": null,
            "net_income_4q": null,
            "revenue": null,
            "revenue_4q": null,
            "common_shares": null,
            "book_valuer_per_share": null,
            "book_valuer_per_share_4q_avg": 0,
            "equity": null,
            "current_ratio": null,
            "debt_ratio": null,
            "inventory_turnover_ratio": null,
            "account_receivable_turnover_ratio": null,
            "reinvestment_rate": null,
            "research_to_sale_ratio": null,
            "price_fair": 0,
            "eps_avg_yearly": 0,
            "eps_latest_yearly": 0,
            "eps_growth_yearly": 0
        },
        "20063": {
            "year_quarter": 20063,
            "year": 2006,
            "quarter": 3,
            "eps": null,
            "eps_growth_year": null,
            "eps_4q": null,
            "eps_4q_growth_year": null,
            "roe": null,
            "roe_4q": 0,
            "gross_profit": null,
            "gross_margin": null,
            "gross_margin_4q_avg": 0,
            "net_income": null,
            "net_income_4q": null,
            "revenue": null,
            "revenue_4q": null,
            "common_shares": null,
            "book_valuer_per_share": null,
            "book_valuer_per_share_4q_avg": 0,
            "equity": null,
            "current_ratio": null,
            "debt_ratio": null,
            "inventory_turnover_ratio": null,
            "account_receivable_turnover_ratio": null,
            "reinvestment_rate": null,
            "research_to_sale_ratio": null,
            "price_fair": 0,
            "eps_avg_yearly": 0,
            "eps_latest_yearly": 0,
            "eps_growth_yearly": 0
        },
        "20064": {
            "year_quarter": 20064,
            "year": 2006,
            "quarter": 4,
            "eps": null,
            "eps_growth_year": null,
            "eps_4q": null,
            "eps_4q_growth_year": null,
            "roe": null,
            "roe_4q": 0,
            "gross_profit": null,
            "gross_margin": null,
            "gross_margin_4q_avg": 0,
            "net_income": null,
            "net_income_4q": null,
            "revenue": null,
            "revenue_4q": null,
            "common_shares": 290000,
            "book_valuer_per_share": 5.86,
            "book_valuer_per_share_4q_avg": 1.47,
            "equity": 169882,
            "current_ratio": 94.02,
            "debt_ratio": 74.39,
            "inventory_turnover_ratio": null,
            "account_receivable_turnover_ratio": null,
            "reinvestment_rate": null,
            "research_to_sale_ratio": null,
            "price_fair": 0,
            "eps_avg_yearly": 0,
            "eps_latest_yearly": 0,
            "eps_growth_yearly": 0
        },
        "20071": {
            "year_quarter": 20071,
            "year": 2007,
            "quarter": 1,
            "eps": null,
            "eps_growth_year": null,
            "eps_4q": null,
            "eps_4q_growth_year": null,
            "roe": null,
            "roe_4q": 0,
            "gross_profit": null,
            "gross_margin": null,
            "gross_margin_4q_avg": 0,
            "net_income": null,
            "net_income_4q": null,
            "revenue": null,
            "revenue_4q": null,
            "common_shares": null,
            "book_valuer_per_share": null,
            "book_valuer_per_share_4q_avg": 1.47,
            "equity": null,
            "current_ratio": null,
            "debt_ratio": null,
            "inventory_turnover_ratio": null,
            "account_receivable_turnover_ratio": null,
            "reinvestment_rate": null,
            "research_to_sale_ratio": null,
            "price_fair": 0,
            "eps_avg_yearly": 0,
            "eps_latest_yearly": 0,
            "eps_growth_yearly": 0
        },
        "20072": {
            "year_quarter": 20072,
            "year": 2007,
            "quarter": 2,
            "eps": null,
            "eps_growth_year": null,
            "eps_4q": null,
            "eps_4q_growth_year": null,
            "roe": null,
            "roe_4q": 0,
            "gross_profit": null,
            "gross_margin": null,
            "gross_margin_4q_avg": 0,
            "net_income": null,
            "net_income_4q": null,
            "revenue": null,
            "revenue_4q": null,
            "common_shares": null,
            "book_valuer_per_share": null,
            "book_valuer_per_share_4q_avg": 1.47,
            "equity": null,
            "current_ratio": null,
            "debt_ratio": null,
            "inventory_turnover_ratio": null,
            "account_receivable_turnover_ratio": null,
            "reinvestment_rate": null,
            "research_to_sale_ratio": null,
            "price_fair": 0,
            "eps_avg_yearly": 0,
            "eps_latest_yearly": 0,
            "eps_growth_yearly": 0
        },
        "20073": {
            "year_quarter": 20073,
            "year": 2007,
            "quarter": 3,
            "eps": null,
            "eps_growth_year": null,
            "eps_4q": null,
            "eps_4q_growth_year": null,
            "roe": null,
            "roe_4q": 0,
            "gross_profit": null,
            "gross_margin": null,
            "gross_margin_4q_avg": 0,
            "net_income": null,
            "net_income_4q": null,
            "revenue": null,
            "revenue_4q": null,
            "common_shares": null,
            "book_valuer_per_share": null,
            "book_valuer_per_share_4q_avg": 1.47,
            "equity": null,
            "current_ratio": null,
            "debt_ratio": null,
            "inventory_turnover_ratio": null,
            "account_receivable_turnover_ratio": null,
            "reinvestment_rate": null,
            "research_to_sale_ratio": null,
            "price_fair": 0,
            "eps_avg_yearly": 0,
            "eps_latest_yearly": 0,
            "eps_growth_yearly": 0
        },
        "20074": {
            "year_quarter": 20074,
            "year": 2007,
            "quarter": 4,
            "eps": null,
            "eps_growth_year": null,
            "eps_4q": null,
            "eps_4q_growth_year": null,
            "roe": null,
            "roe_4q": 0,
            "gross_profit": null,
            "gross_margin": null,
            "gross_margin_4q_avg": 0,
            "net_income": null,
            "net_income_4q": null,
            "revenue": null,
            "revenue_4q": null,
            "common_shares": 290000,
            "book_valuer_per_share": 7.45,
            "book_valuer_per_share_4q_avg": 1.86,
            "equity": 216017,
            "current_ratio": 92.95,
            "debt_ratio": 72.38,
            "inventory_turnover_ratio": null,
            "account_receivable_turnover_ratio": null,
            "reinvestment_rate": null,
            "research_to_sale_ratio": null,
            "price_fair": 0,
            "eps_avg_yearly": 0,
            "eps_latest_yearly": 0,
            "eps_growth_yearly": 0
        },
        "20081": {
            "year_quarter": 20081,
            "year": 2008,
            "quarter": 1,
            "eps": null,
            "eps_growth_year": null,
            "eps_4q": null,
            "eps_4q_growth_year": null,
            "roe": null,
            "roe_4q": 0,
            "gross_profit": null,
            "gross_margin": null,
            "gross_margin_4q_avg": 0,
            "net_income": null,
            "net_income_4q": null,
            "revenue": null,
            "revenue_4q": null,
            "common_shares": null,
            "book_valuer_per_share": null,
            "book_valuer_per_share_4q_avg": 1.86,
            "equity": null,
            "current_ratio": null,
            "debt_ratio": null,
            "inventory_turnover_ratio": null,
            "account_receivable_turnover_ratio": null,
            "reinvestment_rate": null,
            "research_to_sale_ratio": null,
            "price_fair": 0,
            "eps_avg_yearly": 0,
            "eps_latest_yearly": 0,
            "eps_growth_yearly": 0
        },
        "20082": {
            "year_quarter": 20082,
            "year": 2008,
            "quarter": 2,
            "eps": null,
            "eps_growth_year": null,
            "eps_4q": null,
            "eps_4q_growth_year": null,
            "roe": null,
            "roe_4q": 0,
            "gross_profit": null,
            "gross_margin": null,
            "gross_margin_4q_avg": 0,
            "net_income": null,
            "net_income_4q": null,
            "revenue": null,
            "revenue_4q": null,
            "common_shares": null,
            "book_valuer_per_share": null,
            "book_valuer_per_share_4q_avg": 1.86,
            "equity": null,
            "current_ratio": null,
            "debt_ratio": null,
            "inventory_turnover_ratio": null,
            "account_receivable_turnover_ratio": null,
            "reinvestment_rate": null,
            "research_to_sale_ratio": null,
            "price_fair": 0,
            "eps_avg_yearly": 0,
            "eps_latest_yearly": 0,
            "eps_growth_yearly": 0
        },
        "20083": {
            "year_quarter": 20083,
            "year": 2008,
            "quarter": 3,
            "eps": null,
            "eps_growth_year": null,
            "eps_4q": null,
            "eps_4q_growth_year": null,
            "roe": null,
            "roe_4q": 0,
            "gross_profit": null,
            "gross_margin": null,
            "gross_margin_4q_avg": 0,
            "net_income": null,
            "net_income_4q": null,
            "revenue": null,
            "revenue_4q": null,
            "common_shares": null,
            "book_valuer_per_share": null,
            "book_valuer_per_share_4q_avg": 1.86,
            "equity": null,
            "current_ratio": null,
            "debt_ratio": null,
            "inventory_turnover_ratio": null,
            "account_receivable_turnover_ratio": null,
            "reinvestment_rate": null,
            "research_to_sale_ratio": null,
            "price_fair": 0,
            "eps_avg_yearly": 0,
            "eps_latest_yearly": 0,
            "eps_growth_yearly": 0
        },
        "20084": {
            "year_quarter": 20084,
            "year": 2008,
            "quarter": 4,
            "eps": null,
            "eps_growth_year": null,
            "eps_4q": null,
            "eps_4q_growth_year": null,
            "roe": null,
            "roe_4q": 0,
            "gross_profit": null,
            "gross_margin": null,
            "gross_margin_4q_avg": 0,
            "net_income": null,
            "net_income_4q": null,
            "revenue": null,
            "revenue_4q": null,
            "common_shares": 290000,
            "book_valuer_per_share": 10.77,
            "book_valuer_per_share_4q_avg": 2.69,
            "equity": 312191,
            "current_ratio": 107.58,
            "debt_ratio": 68.74,
            "inventory_turnover_ratio": null,
            "account_receivable_turnover_ratio": null,
            "reinvestment_rate": null,
            "research_to_sale_ratio": null,
            "price_fair": 0,
            "eps_avg_yearly": 0,
            "eps_latest_yearly": 0,
            "eps_growth_yearly": 0
        },
        "20091": {
            "year_quarter": 20091,
            "year": 2009,
            "quarter": 1,
            "eps": null,
            "eps_growth_year": null,
            "eps_4q": null,
            "eps_4q_growth_year": null,
            "roe": null,
            "roe_4q": 0,
            "gross_profit": null,
            "gross_margin": null,
            "gross_margin_4q_avg": 0,
            "net_income": null,
            "net_income_4q": null,
            "revenue": null,
            "revenue_4q": null,
            "common_shares": null,
            "book_valuer_per_share": null,
            "book_valuer_per_share_4q_avg": 2.69,
            "equity": null,
            "current_ratio": null,
            "debt_ratio": null,
            "inventory_turnover_ratio": null,
            "account_receivable_turnover_ratio": null,
            "reinvestment_rate": null,
            "research_to_sale_ratio": null,
            "price_fair": 0,
            "eps_avg_yearly": 0,
            "eps_latest_yearly": 0,
            "eps_growth_yearly": 0
        },
        "20092": {
            "year_quarter": 20092,
            "year": 2009,
            "quarter": 2,
            "eps": null,
            "eps_growth_year": null,
            "eps_4q": null,
            "eps_4q_growth_year": null,
            "roe": null,
            "roe_4q": 0,
            "gross_profit": null,
            "gross_margin": null,
            "gross_margin_4q_avg": 0,
            "net_income": null,
            "net_income_4q": null,
            "revenue": null,
            "revenue_4q": null,
            "common_shares": null,
            "book_valuer_per_share": null,
            "book_valuer_per_share_4q_avg": 2.69,
            "equity": null,
            "current_ratio": null,
            "debt_ratio": null,
            "inventory_turnover_ratio": null,
            "account_receivable_turnover_ratio": null,
            "reinvestment_rate": null,
            "research_to_sale_ratio": null,
            "price_fair": 0,
            "eps_avg_yearly": 0,
            "eps_latest_yearly": 0,
            "eps_growth_yearly": 0
        },
        "20093": {
            "year_quarter": 20093,
            "year": 2009,
            "quarter": 3,
            "eps": null,
            "eps_growth_year": null,
            "eps_4q": null,
            "eps_4q_growth_year": null,
            "roe": null,
            "roe_4q": 0,
            "gross_profit": null,
            "gross_margin": null,
            "gross_margin_4q_avg": 0,
            "net_income": null,
            "net_income_4q": null,
            "revenue": null,
            "revenue_4q": null,
            "common_shares": null,
            "book_valuer_per_share": null,
            "book_valuer_per_share_4q_avg": 2.69,
            "equity": null,
            "current_ratio": null,
            "debt_ratio": null,
            "inventory_turnover_ratio": null,
            "account_receivable_turnover_ratio": null,
            "reinvestment_rate": null,
            "research_to_sale_ratio": null,
            "price_fair": 0,
            "eps_avg_yearly": 0,
            "eps_latest_yearly": 0,
            "eps_growth_yearly": 0
        },
        "20094": {
            "year_quarter": 20094,
            "year": 2009,
            "quarter": 4,
            "eps": null,
            "eps_growth_year": null,
            "eps_4q": null,
            "eps_4q_growth_year": null,
            "roe": null,
            "roe_4q": 0,
            "gross_profit": null,
            "gross_margin": null,
            "gross_margin_4q_avg": 0,
            "net_income": null,
            "net_income_4q": null,
            "revenue": null,
            "revenue_4q": null,
            "common_shares": 330000,
            "book_valuer_per_share": 14.74,
            "book_valuer_per_share_4q_avg": 3.69,
            "equity": 486364,
            "current_ratio": 162.26,
            "debt_ratio": 55.2,
            "inventory_turnover_ratio": null,
            "account_receivable_turnover_ratio": null,
            "reinvestment_rate": null,
            "research_to_sale_ratio": null,
            "price_fair": 0,
            "eps_avg_yearly": 0,
            "eps_latest_yearly": 0,
            "eps_growth_yearly": 0
        },
        "20101": {
            "year_quarter": 20101,
            "year": 2010,
            "quarter": 1,
            "eps": null,
            "eps_growth_year": null,
            "eps_4q": null,
            "eps_4q_growth_year": null,
            "roe": null,
            "roe_4q": 0,
            "gross_profit": null,
            "gross_margin": null,
            "gross_margin_4q_avg": 0,
            "net_income": null,
            "net_income_4q": null,
            "revenue": null,
            "revenue_4q": null,
            "common_shares": null,
            "book_valuer_per_share": null,
            "book_valuer_per_share_4q_avg": 3.69,
            "equity": null,
            "current_ratio": null,
            "debt_ratio": null,
            "inventory_turnover_ratio": null,
            "account_receivable_turnover_ratio": null,
            "reinvestment_rate": null,
            "research_to_sale_ratio": null,
            "price_fair": 0,
            "eps_avg_yearly": 0,
            "eps_latest_yearly": 0,
            "eps_growth_yearly": 0
        },
        "20102": {
            "year_quarter": 20102,
            "year": 2010,
            "quarter": 2,
            "eps": null,
            "eps_growth_year": null,
            "eps_4q": null,
            "eps_4q_growth_year": null,
            "roe": null,
            "roe_4q": 0,
            "gross_profit": null,
            "gross_margin": null,
            "gross_margin_4q_avg": 0,
            "net_income": null,
            "net_income_4q": null,
            "revenue": null,
            "revenue_4q": null,
            "common_shares": null,
            "book_valuer_per_share": null,
            "book_valuer_per_share_4q_avg": 3.69,
            "equity": null,
            "current_ratio": null,
            "debt_ratio": null,
            "inventory_turnover_ratio": null,
            "account_receivable_turnover_ratio": null,
            "reinvestment_rate": null,
            "research_to_sale_ratio": null,
            "price_fair": 0,
            "eps_avg_yearly": 0,
            "eps_latest_yearly": 0,
            "eps_growth_yearly": 0
        },
        "20103": {
            "year_quarter": 20103,
            "year": 2010,
            "quarter": 3,
            "eps": null,
            "eps_growth_year": null,
            "eps_4q": null,
            "eps_4q_growth_year": null,
            "roe": null,
            "roe_4q": 0,
            "gross_profit": null,
            "gross_margin": null,
            "gross_margin_4q_avg": 0,
            "net_income": null,
            "net_income_4q": null,
            "revenue": null,
            "revenue_4q": null,
            "common_shares": null,
            "book_valuer_per_share": null,
            "book_valuer_per_share_4q_avg": 3.69,
            "equity": null,
            "current_ratio": null,
            "debt_ratio": null,
            "inventory_turnover_ratio": null,
            "account_receivable_turnover_ratio": null,
            "reinvestment_rate": null,
            "research_to_sale_ratio": null,
            "price_fair": 0,
            "eps_avg_yearly": 0,
            "eps_latest_yearly": 0,
            "eps_growth_yearly": 0
        },
        "20104": {
            "year_quarter": 20104,
            "year": 2010,
            "quarter": 4,
            "eps": null,
            "eps_growth_year": null,
            "eps_4q": null,
            "eps_4q_growth_year": null,
            "roe": null,
            "roe_4q": 0,
            "gross_profit": null,
            "gross_margin": null,
            "gross_margin_4q_avg": 0,
            "net_income": null,
            "net_income_4q": null,
            "revenue": null,
            "revenue_4q": null,
            "common_shares": 330000,
            "book_valuer_per_share": 15.53,
            "book_valuer_per_share_4q_avg": 3.88,
            "equity": 512432,
            "current_ratio": 150.41,
            "debt_ratio": 60.4,
            "inventory_turnover_ratio": null,
            "account_receivable_turnover_ratio": null,
            "reinvestment_rate": null,
            "research_to_sale_ratio": null,
            "price_fair": 0,
            "eps_avg_yearly": 0,
            "eps_latest_yearly": 0,
            "eps_growth_yearly": 0
        },
        "20111": {
            "year_quarter": 20111,
            "year": 2011,
            "quarter": 1,
            "eps": null,
            "eps_growth_year": null,
            "eps_4q": null,
            "eps_4q_growth_year": null,
            "roe": null,
            "roe_4q": 0,
            "gross_profit": 81937,
            "gross_margin": null,
            "gross_margin_4q_avg": 0,
            "net_income": 47465,
            "net_income_4q": null,
            "revenue": 271841,
            "revenue_4q": null,
            "common_shares": 340000,
            "book_valuer_per_share": 17.21,
            "book_valuer_per_share_4q_avg": 8.19,
            "equity": 585081,
            "current_ratio": 147.02,
            "debt_ratio": 59.21,
            "inventory_turnover_ratio": null,
            "account_receivable_turnover_ratio": null,
            "reinvestment_rate": null,
            "research_to_sale_ratio": null,
            "price_fair": 0,
            "eps_avg_yearly": 0,
            "eps_latest_yearly": 0,
            "eps_growth_yearly": 0
        },
        "20112": {
            "year_quarter": 20112,
            "year": 2011,
            "quarter": 2,
            "eps": null,
            "eps_growth_year": null,
            "eps_4q": null,
            "eps_4q_growth_year": null,
            "roe": null,
            "roe_4q": 0,
            "gross_profit": 85767,
            "gross_margin": null,
            "gross_margin_4q_avg": 0,
            "net_income": 19550,
            "net_income_4q": null,
            "revenue": 300909,
            "revenue_4q": null,
            "common_shares": 340000,
            "book_valuer_per_share": 16.13,
            "book_valuer_per_share_4q_avg": 12.22,
            "equity": 548357,
            "current_ratio": 127.94,
            "debt_ratio": 63.99,
            "inventory_turnover_ratio": null,
            "account_receivable_turnover_ratio": null,
            "reinvestment_rate": null,
            "research_to_sale_ratio": null,
            "price_fair": 0,
            "eps_avg_yearly": 0,
            "eps_latest_yearly": 0,
            "eps_growth_yearly": 0
        },
        "20113": {
            "year_quarter": 20113,
            "year": 2011,
            "quarter": 3,
            "eps": null,
            "eps_growth_year": null,
            "eps_4q": null,
            "eps_4q_growth_year": null,
            "roe": null,
            "roe_4q": 0,
            "gross_profit": 92906,
            "gross_margin": null,
            "gross_margin_4q_avg": 0,
            "net_income": 30527,
            "net_income_4q": null,
            "revenue": 315150,
            "revenue_4q": null,
            "common_shares": 370000,
            "book_valuer_per_share": 19.76,
            "book_valuer_per_share_4q_avg": 17.16,
            "equity": 731090,
            "current_ratio": 175.21,
            "debt_ratio": 52.98,
            "inventory_turnover_ratio": null,
            "account_receivable_turnover_ratio": null,
            "reinvestment_rate": null,
            "research_to_sale_ratio": null,
            "price_fair": 0,
            "eps_avg_yearly": 0,
            "eps_latest_yearly": 0,
            "eps_growth_yearly": 0
        },
        "20114": {
            "year_quarter": 20114,
            "year": 2011,
            "quarter": 4,
            "eps": null,
            "eps_growth_year": null,
            "eps_4q": null,
            "eps_4q_growth_year": null,
            "roe": null,
            "roe_4q": 0,
            "gross_profit": 349068,
            "gross_margin": null,
            "gross_margin_4q_avg": 0,
            "net_income": 113721,
            "net_income_4q": null,
            "revenue": 1163656,
            "revenue_4q": null,
            "common_shares": 370000,
            "book_valuer_per_share": 20.24,
            "book_valuer_per_share_4q_avg": 18.34,
            "equity": 748936,
            "current_ratio": 131.01,
            "debt_ratio": 58.96,
            "inventory_turnover_ratio": null,
            "account_receivable_turnover_ratio": null,
            "reinvestment_rate": null,
            "research_to_sale_ratio": null,
            "price_fair": 0,
            "eps_avg_yearly": 0,
            "eps_latest_yearly": 0,
            "eps_growth_yearly": 0
        },
        "20121": {
            "year_quarter": 20121,
            "year": 2012,
            "quarter": 1,
            "eps": null,
            "eps_growth_year": null,
            "eps_4q": null,
            "eps_4q_growth_year": null,
            "roe": null,
            "roe_4q": 0,
            "gross_profit": 96516,
            "gross_margin": null,
            "gross_margin_4q_avg": 0,
            "net_income": 22492,
            "net_income_4q": null,
            "revenue": 312947,
            "revenue_4q": null,
            "common_shares": 370000,
            "book_valuer_per_share": 20.82,
            "book_valuer_per_share_4q_avg": 19.24,
            "equity": 770361,
            "current_ratio": 185.27,
            "debt_ratio": 57.85,
            "inventory_turnover_ratio": null,
            "account_receivable_turnover_ratio": null,
            "reinvestment_rate": null,
            "research_to_sale_ratio": null,
            "price_fair": 0,
            "eps_avg_yearly": 0,
            "eps_latest_yearly": 0,
            "eps_growth_yearly": 0
        },
        "20122": {
            "year_quarter": 20122,
            "year": 2012,
            "quarter": 2,
            "eps": 1.18,
            "eps_growth_year": null,
            "eps_4q": 1.18,
            "eps_4q_growth_year": null,
            "roe": 5.77,
            "roe_4q": 5.77,
            "gross_profit": 120304,
            "gross_margin": 32.91,
            "gross_margin_4q_avg": 8.23,
            "net_income": 43609,
            "net_income_4q": null,
            "revenue": 365608,
            "revenue_4q": null,
            "common_shares": 370000,
            "book_valuer_per_share": 20.01,
            "book_valuer_per_share_4q_avg": 20.21,
            "equity": 740550,
            "current_ratio": 173.9,
            "debt_ratio": 61.19,
            "inventory_turnover_ratio": 0.63,
            "account_receivable_turnover_ratio": 3.22,
            "reinvestment_rate": null,
            "research_to_sale_ratio": null,
            "price_fair": 0,
            "eps_avg_yearly": 0,
            "eps_latest_yearly": 0,
            "eps_growth_yearly": 0
        },
        "20123": {
            "year_quarter": 20123,
            "year": 2012,
            "quarter": 3,
            "eps": 2.41,
            "eps_growth_year": null,
            "eps_4q": 3.59,
            "eps_4q_growth_year": null,
            "roe": 11.37,
            "roe_4q": 17.14,
            "gross_profit": 105463,
            "gross_margin": 30.46,
            "gross_margin_4q_avg": 15.84,
            "net_income": 89239,
            "net_income_4q": null,
            "revenue": 346279,
            "revenue_4q": null,
            "common_shares": 370000,
            "book_valuer_per_share": 22.4,
            "book_valuer_per_share_4q_avg": 20.87,
            "equity": 828838,
            "current_ratio": 209.2,
            "debt_ratio": 54.14,
            "inventory_turnover_ratio": 0.61,
            "account_receivable_turnover_ratio": 1.73,
            "reinvestment_rate": null,
            "research_to_sale_ratio": 8.82,
            "price_fair": 337.4,
            "eps_avg_yearly": 9.64,
            "eps_latest_yearly": 9.64,
            "eps_growth_yearly": 416.95
        },
        "20124": {
            "year_quarter": 20124,
            "year": 2012,
            "quarter": 4,
            "eps": 0.5,
            "eps_growth_year": null,
            "eps_4q": 3.8,
            "eps_4q_growth_year": null,
            "roe": 2.12,
            "roe_4q": 19.259999999999998,
            "gross_profit": 106494,
            "gross_margin": 32.92,
            "gross_margin_4q_avg": 24.07,
            "net_income": 20149,
            "net_income_4q": null,
            "revenue": 323452,
            "revenue_4q": null,
            "common_shares": 402380,
            "book_valuer_per_share": 26.57,
            "book_valuer_per_share_4q_avg": 22.45,
            "equity": 1068953,
            "current_ratio": 327.04,
            "debt_ratio": 40.9,
            "inventory_turnover_ratio": 0.56,
            "account_receivable_turnover_ratio": 1.99,
            "reinvestment_rate": null,
            "research_to_sale_ratio": 10.4,
            "price_fair": 203.7,
            "eps_avg_yearly": 5.82,
            "eps_latest_yearly": 2,
            "eps_growth_yearly": 49.97
        },
        "20131": {
            "year_quarter": 20131,
            "year": 2013,
            "quarter": 1,
            "eps": 1.48,
            "eps_growth_year": null,
            "eps_4q": 5.28,
            "eps_4q_growth_year": null,
            "roe": 5.53,
            "roe_4q": 24.79,
            "gross_profit": 120937,
            "gross_margin": 36.68,
            "gross_margin_4q_avg": 33.24,
            "net_income": 59530,
            "net_income_4q": null,
            "revenue": 329704,
            "revenue_4q": null,
            "common_shares": 402380,
            "book_valuer_per_share": 26.95,
            "book_valuer_per_share_4q_avg": 23.98,
            "equity": 1084346,
            "current_ratio": 236.14,
            "debt_ratio": 36.9,
            "inventory_turnover_ratio": 0.55,
            "account_receivable_turnover_ratio": 2.22,
            "reinvestment_rate": null,
            "research_to_sale_ratio": 8.4,
            "price_fair": 204.87,
            "eps_avg_yearly": 5.85,
            "eps_latest_yearly": 5.92,
            "eps_growth_yearly": 294.65
        },
        "20132": {
            "year_quarter": 20132,
            "year": 2013,
            "quarter": 2,
            "eps": 1.71,
            "eps_growth_year": 45.08,
            "eps_4q": 5.91,
            "eps_4q_growth_year": 401.31,
            "roe": 6.5,
            "roe_4q": 25.520000000000003,
            "gross_profit": 146181,
            "gross_margin": 36.8,
            "gross_margin_4q_avg": 34.22,
            "net_income": 68830,
            "net_income_4q": null,
            "revenue": 397251,
            "revenue_4q": null,
            "common_shares": 402380,
            "book_valuer_per_share": 25.67,
            "book_valuer_per_share_4q_avg": 25.4,
            "equity": 1032773,
            "current_ratio": 174.41,
            "debt_ratio": 38.48,
            "inventory_turnover_ratio": 0.65,
            "account_receivable_turnover_ratio": 2.48,
            "reinvestment_rate": null,
            "research_to_sale_ratio": 6.86,
            "price_fair": 213.5,
            "eps_avg_yearly": 6.1,
            "eps_latest_yearly": 6.84,
            "eps_growth_yearly": 236.52
        },
        "20133": {
            "year_quarter": 20133,
            "year": 2013,
            "quarter": 3,
            "eps": 1.62,
            "eps_growth_year": -32.83,
            "eps_4q": 5.31,
            "eps_4q_growth_year": 47.78,
            "roe": 6.1,
            "roe_4q": 20.25,
            "gross_profit": 159160,
            "gross_margin": 39.25,
            "gross_margin_4q_avg": 36.41,
            "net_income": 64994,
            "net_income_4q": null,
            "revenue": 405454,
            "revenue_4q": null,
            "common_shares": 402380,
            "book_valuer_per_share": 27.26,
            "book_valuer_per_share_4q_avg": 26.61,
            "equity": 1096977,
            "current_ratio": 161.25,
            "debt_ratio": 35.2,
            "inventory_turnover_ratio": 0.6,
            "account_receivable_turnover_ratio": 2.34,
            "reinvestment_rate": null,
            "research_to_sale_ratio": 6.97,
            "price_fair": 216.16,
            "eps_avg_yearly": 6.18,
            "eps_latest_yearly": 6.48,
            "eps_growth_yearly": 185.01
        },
        "20134": {
            "year_quarter": 20134,
            "year": 2013,
            "quarter": 4,
            "eps": 1.24,
            "eps_growth_year": 148.5,
            "eps_4q": 6.05,
            "eps_4q_growth_year": 59.1,
            "roe": 4.47,
            "roe_4q": 22.6,
            "gross_profit": 145136,
            "gross_margin": 38.01,
            "gross_margin_4q_avg": 37.69,
            "net_income": 50070,
            "net_income_4q": null,
            "revenue": 381886,
            "revenue_4q": null,
            "common_shares": 402380,
            "book_valuer_per_share": 28.4,
            "book_valuer_per_share_4q_avg": 27.07,
            "equity": 1142739,
            "current_ratio": 169.44,
            "debt_ratio": 33.87,
            "inventory_turnover_ratio": 0.53,
            "account_receivable_turnover_ratio": 2.43,
            "reinvestment_rate": null,
            "research_to_sale_ratio": 10.4,
            "price_fair": 209.07,
            "eps_avg_yearly": 5.97,
            "eps_latest_yearly": 4.96,
            "eps_growth_yearly": 138.54
        },
        "20141": {
            "year_quarter": 20141,
            "year": 2014,
            "quarter": 1,
            "eps": 1.67,
            "eps_growth_year": 12.84,
            "eps_4q": 6.24,
            "eps_4q_growth_year": 18.21,
            "roe": 5.72,
            "roe_4q": 22.79,
            "gross_profit": 142329,
            "gross_margin": 37.04,
            "gross_margin_4q_avg": 37.78,
            "net_income": 67339,
            "net_income_4q": null,
            "revenue": 384306,
            "revenue_4q": null,
            "common_shares": 402380,
            "book_valuer_per_share": 30.1,
            "book_valuer_per_share_4q_avg": 27.86,
            "equity": 1211315,
            "current_ratio": 200.14,
            "debt_ratio": 28.85,
            "inventory_turnover_ratio": 0.5,
            "account_receivable_turnover_ratio": 2.56,
            "reinvestment_rate": null,
            "research_to_sale_ratio": 6.08,
            "price_fair": 212.6,
            "eps_avg_yearly": 6.07,
            "eps_latest_yearly": 6.68,
            "eps_growth_yearly": 138.56
        },
        "20142": {
            "year_quarter": 20142,
            "year": 2014,
            "quarter": 2,
            "eps": 2.05,
            "eps_growth_year": 19.88,
            "eps_4q": 6.58,
            "eps_4q_growth_year": 11.36,
            "roe": 7.15,
            "roe_4q": 23.439999999999998,
            "gross_profit": 188307,
            "gross_margin": 40.99,
            "gross_margin_4q_avg": 38.82,
            "net_income": 82346,
            "net_income_4q": null,
            "revenue": 459396,
            "revenue_4q": null,
            "common_shares": 402380,
            "book_valuer_per_share": 27.12,
            "book_valuer_per_share_4q_avg": 28.22,
            "equity": 1091308,
            "current_ratio": 137.16,
            "debt_ratio": 42.51,
            "inventory_turnover_ratio": 0.53,
            "account_receivable_turnover_ratio": 2.63,
            "reinvestment_rate": null,
            "research_to_sale_ratio": 5.57,
            "price_fair": 221.9,
            "eps_avg_yearly": 6.34,
            "eps_latest_yearly": 8.2,
            "eps_growth_yearly": 132.62
        },
        "20143": {
            "year_quarter": 20143,
            "year": 2014,
            "quarter": 3,
            "eps": 2.45,
            "eps_growth_year": 51.23,
            "eps_4q": 7.41,
            "eps_4q_growth_year": 39.69,
            "roe": 8.5,
            "roe_4q": 25.84,
            "gross_profit": 206735,
            "gross_margin": 40.06,
            "gross_margin_4q_avg": 39.03,
            "net_income": 98480,
            "net_income_4q": null,
            "revenue": 516053,
            "revenue_4q": null,
            "common_shares": 402380,
            "book_valuer_per_share": 30.5,
            "book_valuer_per_share_4q_avg": 29.03,
            "equity": 1227213,
            "current_ratio": 327.13,
            "debt_ratio": 42.09,
            "inventory_turnover_ratio": 0.6,
            "account_receivable_turnover_ratio": 2.76,
            "reinvestment_rate": null,
            "research_to_sale_ratio": 6.39,
            "price_fair": 235.36,
            "eps_avg_yearly": 6.72,
            "eps_latest_yearly": 9.8,
            "eps_growth_yearly": 126.56
        },
        "20144": {
            "year_quarter": 20144,
            "year": 2014,
            "quarter": 4,
            "eps": 1.7,
            "eps_growth_year": 36.42,
            "eps_4q": 7.87,
            "eps_4q_growth_year": 30.01,
            "roe": 5.43,
            "roe_4q": 26.799999999999997,
            "gross_profit": 164711,
            "gross_margin": 37.05,
            "gross_margin_4q_avg": 38.79,
            "net_income": 68308,
            "net_income_4q": null,
            "revenue": 444532,
            "revenue_4q": null,
            "common_shares": 402380,
            "book_valuer_per_share": 32.08,
            "book_valuer_per_share_4q_avg": 29.95,
            "equity": 1290917,
            "current_ratio": 306.7,
            "debt_ratio": 42.18,
            "inventory_turnover_ratio": 0.55,
            "account_receivable_turnover_ratio": 2.48,
            "reinvestment_rate": 42.76,
            "research_to_sale_ratio": 8.49,
            "price_fair": 235.62,
            "eps_avg_yearly": 6.73,
            "eps_latest_yearly": 6.8,
            "eps_growth_yearly": 101.65
        },
        "20151": {
            "year_quarter": 20151,
            "year": 2015,
            "quarter": 1,
            "eps": 1.65,
            "eps_growth_year": -1.2,
            "eps_4q": 7.84,
            "eps_4q_growth_year": 25.59,
            "roe": 5.02,
            "roe_4q": 26.1,
            "gross_profit": 181178,
            "gross_margin": 37.77,
            "gross_margin_4q_avg": 38.97,
            "net_income": 66399,
            "net_income_4q": null,
            "revenue": 479684,
            "revenue_4q": null,
            "common_shares": 402380,
            "book_valuer_per_share": 33.71,
            "book_valuer_per_share_4q_avg": 30.85,
            "equity": 1356590,
            "current_ratio": 328.64,
            "debt_ratio": 40.62,
            "inventory_turnover_ratio": 0.56,
            "account_receivable_turnover_ratio": 2.47,
            "reinvestment_rate": 38.46,
            "research_to_sale_ratio": 6.58,
            "price_fair": 235.2,
            "eps_avg_yearly": 6.72,
            "eps_latest_yearly": 6.6,
            "eps_growth_yearly": 91.34
        },
        "20152": {
            "year_quarter": 20152,
            "year": 2015,
            "quarter": 2,
            "eps": 0.93,
            "eps_growth_year": -54.63,
            "eps_4q": 6.73,
            "eps_4q_growth_year": 2.29,
            "roe": 2.95,
            "roe_4q": 21.9,
            "gross_profit": 174642,
            "gross_margin": 37.36,
            "gross_margin_4q_avg": 38.06,
            "net_income": 37619,
            "net_income_4q": null,
            "revenue": 467430,
            "revenue_4q": null,
            "common_shares": 402380,
            "book_valuer_per_share": 29.63,
            "book_valuer_per_share_4q_avg": 31.48,
            "equity": 1192108,
            "current_ratio": 231.14,
            "debt_ratio": 47.88,
            "inventory_turnover_ratio": 0.52,
            "account_receivable_turnover_ratio": 2.46,
            "reinvestment_rate": 34.61,
            "research_to_sale_ratio": 7.49,
            "price_fair": 226.45,
            "eps_avg_yearly": 6.47,
            "eps_latest_yearly": 3.72,
            "eps_growth_yearly": 69.19
        },
        "20153": {
            "year_quarter": 20153,
            "year": 2015,
            "quarter": 3,
            "eps": 2.61,
            "eps_growth_year": 6.53,
            "eps_4q": 6.89,
            "eps_4q_growth_year": -7,
            "roe": 8.42,
            "roe_4q": 21.82,
            "gross_profit": 176112,
            "gross_margin": 38.36,
            "gross_margin_4q_avg": 37.64,
            "net_income": 105042,
            "net_income_4q": null,
            "revenue": 459048,
            "revenue_4q": null,
            "common_shares": 402380,
            "book_valuer_per_share": 32.35,
            "book_valuer_per_share_4q_avg": 31.94,
            "equity": 1301582,
            "current_ratio": 146.64,
            "debt_ratio": 40.62,
            "inventory_turnover_ratio": 0.48,
            "account_receivable_turnover_ratio": 2.61,
            "reinvestment_rate": 25.3,
            "research_to_sale_ratio": 8.1,
            "price_fair": 237.14,
            "eps_avg_yearly": 6.78,
            "eps_latest_yearly": 10.44,
            "eps_growth_yearly": 119.45
        },
        "20154": {
            "year_quarter": 20154,
            "year": 2015,
            "quarter": 4,
            "eps": 2.11,
            "eps_growth_year": 24.4,
            "eps_4q": 7.31,
            "eps_4q_growth_year": -7.09,
            "roe": 6.34,
            "roe_4q": 22.73,
            "gross_profit": 209189,
            "gross_margin": 43.71,
            "gross_margin_4q_avg": 39.3,
            "net_income": 84974,
            "net_income_4q": null,
            "revenue": 478571,
            "revenue_4q": null,
            "common_shares": 402380,
            "book_valuer_per_share": 34.22,
            "book_valuer_per_share_4q_avg": 32.48,
            "equity": 1376963,
            "current_ratio": 154.66,
            "debt_ratio": 40.16,
            "inventory_turnover_ratio": 0.45,
            "account_receivable_turnover_ratio": 2.66,
            "reinvestment_rate": 2.8,
            "research_to_sale_ratio": 9.27,
            "price_fair": 241.3,
            "eps_avg_yearly": 6.89,
            "eps_latest_yearly": 8.44,
            "eps_growth_yearly": 105.44
        },
        "20161": {
            "year_quarter": 20161,
            "year": 2016,
            "quarter": 1,
            "eps": 1.88,
            "eps_growth_year": 13.94,
            "eps_4q": 7.54,
            "eps_4q_growth_year": -3.88,
            "roe": 5.35,
            "roe_4q": 23.06,
            "gross_profit": 206521,
            "gross_margin": 42.1,
            "gross_margin_4q_avg": 40.38,
            "net_income": 75644,
            "net_income_4q": null,
            "revenue": 490491,
            "revenue_4q": null,
            "common_shares": 402380,
            "book_valuer_per_share": 36.06,
            "book_valuer_per_share_4q_avg": 33.07,
            "equity": 1451060,
            "current_ratio": 163.32,
            "debt_ratio": 38.86,
            "inventory_turnover_ratio": 0.49,
            "account_receivable_turnover_ratio": 2.92,
            "reinvestment_rate": 10.45,
            "research_to_sale_ratio": 7.58,
            "price_fair": 242.76,
            "eps_avg_yearly": 6.94,
            "eps_latest_yearly": 7.52,
            "eps_growth_yearly": 95.51
        },
        "20162": {
            "year_quarter": 20162,
            "year": 2016,
            "quarter": 2,
            "eps": 3.12,
            "eps_growth_year": 235.48,
            "eps_4q": 9.72,
            "eps_4q_growth_year": 44.45,
            "roe": 8.82,
            "roe_4q": 28.93,
            "gross_profit": 258484,
            "gross_margin": 43.32,
            "gross_margin_4q_avg": 41.87,
            "net_income": 125523,
            "net_income_4q": null,
            "revenue": 596691,
            "revenue_4q": null,
            "common_shares": 402380,
            "book_valuer_per_share": 34.69,
            "book_valuer_per_share_4q_avg": 34.33,
            "equity": 1395704,
            "current_ratio": 140.39,
            "debt_ratio": 44.97,
            "inventory_turnover_ratio": 0.59,
            "account_receivable_turnover_ratio": 3.34,
            "reinvestment_rate": 12.08,
            "research_to_sale_ratio": 6.65,
            "price_fair": 254.89,
            "eps_avg_yearly": 7.28,
            "eps_latest_yearly": 12.48,
            "eps_growth_yearly": 106.03
        },
        "20163": {
            "year_quarter": 20163,
            "year": 2016,
            "quarter": 3,
            "eps": 1.66,
            "eps_growth_year": -36.4,
            "eps_4q": 8.77,
            "eps_4q_growth_year": 27.25,
            "roe": 4.68,
            "roe_4q": 25.19,
            "gross_profit": 214492,
            "gross_margin": 42.52,
            "gross_margin_4q_avg": 42.91,
            "net_income": 66798,
            "net_income_4q": null,
            "revenue": 504474,
            "revenue_4q": null,
            "common_shares": 402380,
            "book_valuer_per_share": 36.29,
            "book_valuer_per_share_4q_avg": 35.32,
            "equity": 1460119,
            "current_ratio": 233.3,
            "debt_ratio": 46.52,
            "inventory_turnover_ratio": 0.52,
            "account_receivable_turnover_ratio": 2.97,
            "reinvestment_rate": 11.84,
            "research_to_sale_ratio": 8.46,
            "price_fair": 248.33,
            "eps_avg_yearly": 7.1,
            "eps_latest_yearly": 6.64,
            "eps_growth_yearly": 68.27
        },
        "20164": {
            "year_quarter": 20164,
            "year": 2016,
            "quarter": 4,
            "eps": 2.09,
            "eps_growth_year": -1.17,
            "eps_4q": 8.75,
            "eps_4q_growth_year": 19.7,
            "roe": 5.61,
            "roe_4q": 24.46,
            "gross_profit": 189270,
            "gross_margin": 40.99,
            "gross_margin_4q_avg": 42.23,
            "net_income": 83982,
            "net_income_4q": null,
            "revenue": 461700,
            "revenue_4q": null,
            "common_shares": 402380,
            "book_valuer_per_share": 38.16,
            "book_valuer_per_share_4q_avg": 36.3,
            "equity": 1535553,
            "current_ratio": 247.39,
            "debt_ratio": 45.67,
            "inventory_turnover_ratio": 0.49,
            "account_receivable_turnover_ratio": 3.07,
            "reinvestment_rate": 11.58,
            "research_to_sale_ratio": 9.42,
            "price_fair": 262.24,
            "eps_avg_yearly": 7.49,
            "eps_latest_yearly": 8.36,
            "eps_growth_yearly": 94.56
        },
        "20171": {
            "year_quarter": 20171,
            "year": 2017,
            "quarter": 1,
            "eps": 0.44,
            "eps_growth_year": -76.6,
            "eps_4q": 7.31,
            "eps_4q_growth_year": -3.04,
            "roe": 1.15,
            "roe_4q": 20.259999999999998,
            "gross_profit": 178172,
            "gross_margin": 40.16,
            "gross_margin_4q_avg": 41.75,
            "net_income": 17763,
            "net_income_4q": null,
            "revenue": 443639,
            "revenue_4q": null,
            "common_shares": 402380,
            "book_valuer_per_share": 38.47,
            "book_valuer_per_share_4q_avg": 36.9,
            "equity": 1548157,
            "current_ratio": 272.53,
            "debt_ratio": 43.56,
            "inventory_turnover_ratio": 0.47,
            "account_receivable_turnover_ratio": 2.86,
            "reinvestment_rate": 11.96,
            "research_to_sale_ratio": 7.41,
            "price_fair": 253.14,
            "eps_avg_yearly": 7.23,
            "eps_latest_yearly": 1.76,
            "eps_growth_yearly": 25.82
        },
        "20172": {
            "year_quarter": 20172,
            "year": 2017,
            "quarter": 2,
            "eps": 1.07,
            "eps_growth_year": -65.71,
            "eps_4q": 5.26,
            "eps_4q_growth_year": -45.94,
            "roe": 2.96,
            "roe_4q": 14.399999999999999,
            "gross_profit": 153624,
            "gross_margin": 33.92,
            "gross_margin_4q_avg": 39.4,
            "net_income": 42923,
            "net_income_4q": null,
            "revenue": 452865,
            "revenue_4q": null,
            "common_shares": 402380,
            "book_valuer_per_share": 33.55,
            "book_valuer_per_share_4q_avg": 36.62,
            "equity": 1349907,
            "current_ratio": 199.41,
            "debt_ratio": 52.12,
            "inventory_turnover_ratio": 0.52,
            "account_receivable_turnover_ratio": 2.76,
            "reinvestment_rate": 11.85,
            "research_to_sale_ratio": 9.76,
            "price_fair": 247.54,
            "eps_avg_yearly": 7.07,
            "eps_latest_yearly": 4.28,
            "eps_growth_yearly": 57.73
        },
        "20173": {
            "year_quarter": 20173,
            "year": 2017,
            "quarter": 3,
            "eps": 1.38,
            "eps_growth_year": -16.87,
            "eps_4q": 4.98,
            "eps_4q_growth_year": -43.27,
            "roe": 4.03,
            "roe_4q": 13.75,
            "gross_profit": 179080,
            "gross_margin": 36.76,
            "gross_margin_4q_avg": 37.96,
            "net_income": 55560,
            "net_income_4q": null,
            "revenue": 487134,
            "revenue_4q": null,
            "common_shares": 402380,
            "book_valuer_per_share": 34.93,
            "book_valuer_per_share_4q_avg": 36.28,
            "equity": 1405330,
            "current_ratio": 135.19,
            "debt_ratio": 50.07,
            "inventory_turnover_ratio": 0.54,
            "account_receivable_turnover_ratio": 2.8,
            "reinvestment_rate": 12,
            "research_to_sale_ratio": 9.12,
            "price_fair": 245.44,
            "eps_avg_yearly": 7.01,
            "eps_latest_yearly": 5.52,
            "eps_growth_yearly": 66.29
        },
        "20174": {
            "year_quarter": 20174,
            "year": 2017,
            "quarter": 4,
            "eps": 0.88,
            "eps_growth_year": -57.89,
            "eps_4q": 3.77,
            "eps_4q_growth_year": -56.92,
            "roe": 2.49,
            "roe_4q": 10.63,
            "gross_profit": 165329,
            "gross_margin": 38.44,
            "gross_margin_4q_avg": 37.32,
            "net_income": 35367,
            "net_income_4q": null,
            "revenue": 430109,
            "revenue_4q": null,
            "common_shares": 402380,
            "book_valuer_per_share": 35.61,
            "book_valuer_per_share_4q_avg": 35.64,
            "equity": 1432945,
            "current_ratio": 139.1,
            "debt_ratio": 49.07,
            "inventory_turnover_ratio": 0.47,
            "account_receivable_turnover_ratio": 2.5,
            "reinvestment_rate": 10.5,
            "research_to_sale_ratio": 11.46,
            "price_fair": 242.29,
            "eps_avg_yearly": 6.92,
            "eps_latest_yearly": 3.52,
            "eps_growth_yearly": 63.1
        },
        "20181": {
            "year_quarter": 20181,
            "year": 2018,
            "quarter": 1,
            "eps": 0.87,
            "eps_growth_year": 97.73,
            "eps_4q": 4.19,
            "eps_4q_growth_year": -42.62,
            "roe": 2.41,
            "roe_4q": 11.89,
            "gross_profit": 156872,
            "gross_margin": 36.7,
            "gross_margin_4q_avg": 36.46,
            "net_income": 34871,
            "net_income_4q": null,
            "revenue": 427393,
            "revenue_4q": null,
            "common_shares": 402380,
            "book_valuer_per_share": 36.43,
            "book_valuer_per_share_4q_avg": 35.13,
            "equity": 1465886,
            "current_ratio": 140.06,
            "debt_ratio": 48.52,
            "inventory_turnover_ratio": 0.49,
            "account_receivable_turnover_ratio": 2.67,
            "reinvestment_rate": 11.8,
            "research_to_sale_ratio": 9.99,
            "price_fair": 235.29,
            "eps_avg_yearly": 6.72,
            "eps_latest_yearly": 3.48,
            "eps_growth_yearly": 54.14
        },
        "20182": {
            "year_quarter": 20182,
            "year": 2018,
            "quarter": 2,
            "eps": 2.57,
            "eps_growth_year": 140.19,
            "eps_4q": 5.7,
            "eps_4q_growth_year": 8.48,
            "roe": 7.03,
            "roe_4q": 15.96,
            "gross_profit": 183716,
            "gross_margin": 39.2,
            "gross_margin_4q_avg": 37.78,
            "net_income": 103599,
            "net_income_4q": null,
            "revenue": 468666,
            "revenue_4q": null,
            "common_shares": 402380,
            "book_valuer_per_share": 36.81,
            "book_valuer_per_share_4q_avg": 35.95,
            "equity": 1481150,
            "current_ratio": 135.34,
            "debt_ratio": 50.23,
            "inventory_turnover_ratio": 0.51,
            "account_receivable_turnover_ratio": 2.84,
            "reinvestment_rate": 14.86,
            "research_to_sale_ratio": 9.65,
            "price_fair": 239.84,
            "eps_avg_yearly": 6.85,
            "eps_latest_yearly": 10.28,
            "eps_growth_yearly": 97.3
        },
        "20183": {
            "year_quarter": 20183,
            "year": 2018,
            "quarter": 3,
            "eps": 1.93,
            "eps_growth_year": 39.86,
            "eps_4q": 6.24,
            "eps_4q_growth_year": 25.49,
            "roe": 5.09,
            "roe_4q": 17.020000000000003,
            "gross_profit": 210953,
            "gross_margin": 40.88,
            "gross_margin_4q_avg": 38.81,
            "net_income": 77428,
            "net_income_4q": null,
            "revenue": 515969,
            "revenue_4q": null,
            "common_shares": 402380,
            "book_valuer_per_share": 38.75,
            "book_valuer_per_share_4q_avg": 36.9,
            "equity": 1559066,
            "current_ratio": 225.11,
            "debt_ratio": 47.78,
            "inventory_turnover_ratio": 0.53,
            "account_receivable_turnover_ratio": 2.74,
            "reinvestment_rate": 15.83,
            "research_to_sale_ratio": 8.41,
            "price_fair": 235.29,
            "eps_avg_yearly": 6.72,
            "eps_latest_yearly": 7.72,
            "eps_growth_yearly": 86.2
        },
        "20184": {
            "year_quarter": 20184,
            "year": 2018,
            "quarter": 4,
            "eps": 1.89,
            "eps_growth_year": 114.55,
            "eps_4q": 7.25,
            "eps_4q_growth_year": 92.45,
            "roe": 4.76,
            "roe_4q": 19.29,
            "gross_profit": 203285,
            "gross_margin": 41.05,
            "gross_margin_4q_avg": 39.46,
            "net_income": 75881,
            "net_income_4q": null,
            "revenue": 495204,
            "revenue_4q": null,
            "common_shares": 402380,
            "book_valuer_per_share": 40.54,
            "book_valuer_per_share_4q_avg": 38.13,
            "equity": 1631257,
            "current_ratio": 231.98,
            "debt_ratio": 46.51,
            "inventory_turnover_ratio": 0.48,
            "account_receivable_turnover_ratio": 2.41,
            "reinvestment_rate": 14.62,
            "research_to_sale_ratio": 10.07,
            "price_fair": 236.95,
            "eps_avg_yearly": 6.77,
            "eps_latest_yearly": 7.56,
            "eps_growth_yearly": 93.34
        },
        "20191": {
            "year_quarter": 20191,
            "year": 2019,
            "quarter": 1,
            "eps": 1.98,
            "eps_growth_year": 127.59,
            "eps_4q": 8.37,
            "eps_4q_growth_year": 99.5,
            "roe": 4.77,
            "roe_4q": 21.65,
            "gross_profit": 213367,
            "gross_margin": 43.96,
            "gross_margin_4q_avg": 41.27,
            "net_income": 79687,
            "net_income_4q": null,
            "revenue": 485333,
            "revenue_4q": null,
            "common_shares": 402380,
            "book_valuer_per_share": 42.53,
            "book_valuer_per_share_4q_avg": 39.66,
            "equity": 1711290,
            "current_ratio": 228.84,
            "debt_ratio": 47.59,
            "inventory_turnover_ratio": 0.4,
            "account_receivable_turnover_ratio": 2.29,
            "reinvestment_rate": 12.8,
            "research_to_sale_ratio": 9.14,
            "price_fair": 239.84,
            "eps_avg_yearly": 6.85,
            "eps_latest_yearly": 7.92,
            "eps_growth_yearly": 95.26
        },
        "20192": {
            "year_quarter": 20192,
            "year": 2019,
            "quarter": 2,
            "eps": 3.63,
            "eps_growth_year": 41.25,
            "eps_4q": 9.42,
            "eps_4q_growth_year": 65.25,
            "roe": 8.57,
            "roe_4q": 23.19,
            "gross_profit": 309054,
            "gross_margin": 42.19,
            "gross_margin_4q_avg": 42.02,
            "net_income": 146088,
            "net_income_4q": null,
            "revenue": 732488,
            "revenue_4q": null,
            "common_shares": 402380,
            "book_valuer_per_share": 42.22,
            "book_valuer_per_share_4q_avg": 41.01,
            "equity": 1698997,
            "current_ratio": 206.41,
            "debt_ratio": 50.22,
            "inventory_turnover_ratio": 0.6,
            "account_receivable_turnover_ratio": 3.43,
            "reinvestment_rate": 13.14,
            "research_to_sale_ratio": 6.92,
            "price_fair": 263.46,
            "eps_avg_yearly": 7.53,
            "eps_latest_yearly": 14.52,
            "eps_growth_yearly": 127
        },
        "20193": {
            "year_quarter": 20193,
            "year": 2019,
            "quarter": 3,
            "eps": 2.34,
            "eps_growth_year": 21.24,
            "eps_4q": 9.83,
            "eps_4q_growth_year": 57.48,
            "roe": 5.38,
            "roe_4q": 23.479999999999997,
            "gross_profit": 241922,
            "gross_margin": 41.57,
            "gross_margin_4q_avg": 42.19,
            "net_income": 94072,
            "net_income_4q": null,
            "revenue": 582011,
            "revenue_4q": null,
            "common_shares": 402418,
            "book_valuer_per_share": 44.61,
            "book_valuer_per_share_4q_avg": 42.48,
            "equity": 1795063,
            "current_ratio": 346.85,
            "debt_ratio": 39.34,
            "inventory_turnover_ratio": 0.52,
            "account_receivable_turnover_ratio": 2.63,
            "reinvestment_rate": 17.16,
            "research_to_sale_ratio": 10,
            "price_fair": 261.1,
            "eps_avg_yearly": 7.46,
            "eps_latest_yearly": 9.36,
            "eps_growth_yearly": 72.96
        },
        "20194": {
            "year_quarter": 20194,
            "year": 2019,
            "quarter": 4,
            "eps": 1.1,
            "eps_growth_year": -41.84,
            "eps_4q": 9.04,
            "eps_4q_growth_year": 24.73,
            "roe": 2.41,
            "roe_4q": 21.13,
            "gross_profit": 226785,
            "gross_margin": 43,
            "gross_margin_4q_avg": 42.68,
            "net_income": 43907,
            "net_income_4q": null,
            "revenue": 527407,
            "revenue_4q": null,
            "common_shares": 402418,
            "book_valuer_per_share": 45.71,
            "book_valuer_per_share_4q_avg": 43.77,
            "equity": 1846603,
            "current_ratio": 339.55,
            "debt_ratio": 39.2,
            "inventory_turnover_ratio": 0.48,
            "account_receivable_turnover_ratio": 2.47,
            "reinvestment_rate": 17.44,
            "research_to_sale_ratio": 11.63,
            "price_fair": 252.26,
            "eps_avg_yearly": 7.21,
            "eps_latest_yearly": 4.4,
            "eps_growth_yearly": 64.5
        },
        "20201": {
            "year_quarter": 20201,
            "year": 2020,
            "quarter": 1,
            "eps": 2.04,
            "eps_growth_year": 3.03,
            "eps_4q": 9.11,
            "eps_4q_growth_year": 8.85,
            "roe": 4.31,
            "roe_4q": 20.67,
            "gross_profit": 221545,
            "gross_margin": 43.6,
            "gross_margin_4q_avg": 42.59,
            "net_income": 81338,
            "net_income_4q": null,
            "revenue": 508179,
            "revenue_4q": null,
            "common_shares": 402418,
            "book_valuer_per_share": 47.78,
            "book_valuer_per_share_4q_avg": 45.08,
            "equity": 1928842,
            "current_ratio": 332.76,
            "debt_ratio": 38.8,
            "inventory_turnover_ratio": 0.44,
            "account_receivable_turnover_ratio": 2.6,
            "reinvestment_rate": 16.8,
            "research_to_sale_ratio": 8.91,
            "price_fair": 253.66,
            "eps_avg_yearly": 7.25,
            "eps_latest_yearly": 8.16,
            "eps_growth_yearly": 88.59
        },
        "20202": {
            "year_quarter": 20202,
            "year": 2020,
            "quarter": 2,
            "eps": 1.85,
            "eps_growth_year": -49.04,
            "eps_4q": 6.1,
            "eps_4q_growth_year": -35.2,
            "roe": 3.95,
            "roe_4q": 16.05,
            "gross_profit": 202884,
            "gross_margin": 43.49,
            "gross_margin_4q_avg": 42.92,
            "net_income": 73539,
            "net_income_4q": null,
            "revenue": 466529,
            "revenue_4q": null,
            "common_shares": 402418,
            "book_valuer_per_share": 44.57,
            "book_valuer_per_share_4q_avg": 45.67,
            "equity": 1798935,
            "current_ratio": 250.43,
            "debt_ratio": 43.72,
            "inventory_turnover_ratio": 0.38,
            "account_receivable_turnover_ratio": 2.43,
            "reinvestment_rate": 20.75,
            "research_to_sale_ratio": 11.01,
            "price_fair": 242.55,
            "eps_avg_yearly": 6.93,
            "eps_latest_yearly": 7.4,
            "eps_growth_yearly": 69.77
        },
        "20203": {
            "year_quarter": 20203,
            "year": 2020,
            "quarter": 3,
            "eps": 1.15,
            "eps_growth_year": -50.85,
            "eps_4q": 5.31,
            "eps_4q_growth_year": -46.02,
            "roe": 3,
            "roe_4q": 13.67,
            "gross_profit": 205333,
            "gross_margin": 40.46,
            "gross_margin_4q_avg": 42.64,
            "net_income": 54798,
            "net_income_4q": null,
            "revenue": 507502,
            "revenue_4q": null,
            "common_shares": 482902,
            "book_valuer_per_share": 38.25,
            "book_valuer_per_share_4q_avg": 44.08,
            "equity": 1851684,
            "current_ratio": 250.68,
            "debt_ratio": 43.39,
            "inventory_turnover_ratio": 0.42,
            "account_receivable_turnover_ratio": 2.62,
            "reinvestment_rate": 24.08,
            "research_to_sale_ratio": 10.35,
            "price_fair": 238.09,
            "eps_avg_yearly": 6.8,
            "eps_latest_yearly": 4.6,
            "eps_growth_yearly": 72.01
        },
        "20204": {
            "year_quarter": 20204,
            "year": 2020,
            "quarter": 4,
            "eps": 0.72,
            "eps_growth_year": -34.61,
            "eps_4q": 5.11,
            "eps_4q_growth_year": -43.49,
            "roe": 1.82,
            "roe_4q": 13.079999999999998,
            "gross_profit": 196451,
            "gross_margin": 41.02,
            "gross_margin_4q_avg": 42.14,
            "net_income": 33812,
            "net_income_4q": null,
            "revenue": 478902,
            "revenue_4q": null,
            "common_shares": 482902,
            "book_valuer_per_share": 38.5,
            "book_valuer_per_share_4q_avg": 42.28,
            "equity": 1863066,
            "current_ratio": 237.49,
            "debt_ratio": 46.21,
            "inventory_turnover_ratio": 0.4,
            "account_receivable_turnover_ratio": 2.63,
            "reinvestment_rate": 27.18,
            "research_to_sale_ratio": 12.2,
            "price_fair": 226.1,
            "eps_avg_yearly": 6.46,
            "eps_latest_yearly": 2.88,
            "eps_growth_yearly": 56.19
        },
        "20211": {
            "year_quarter": 20211,
            "year": 2021,
            "quarter": 1,
            "eps": 0.9,
            "eps_growth_year": -55.88,
            "eps_4q": 4.31,
            "eps_4q_growth_year": -52.65,
            "roe": 2.22,
            "roe_4q": 10.99,
            "gross_profit": 185009,
            "gross_margin": 40.72,
            "gross_margin_4q_avg": 41.42,
            "net_income": 42166,
            "net_income_4q": null,
            "revenue": 454334,
            "revenue_4q": null,
            "common_shares": 482902,
            "book_valuer_per_share": 39.79,
            "book_valuer_per_share_4q_avg": 40.28,
            "equity": 1932844,
            "current_ratio": 245.91,
            "debt_ratio": 45.19,
            "inventory_turnover_ratio": 0.38,
            "account_receivable_turnover_ratio": 2.38,
            "reinvestment_rate": 28.77,
            "research_to_sale_ratio": 13.53,
            "price_fair": 230.13,
            "eps_avg_yearly": 6.58,
            "eps_latest_yearly": 3.6,
            "eps_growth_yearly": 82.17
        },
        "20212": {
            "year_quarter": 20212,
            "year": 2021,
            "quarter": 2,
            "eps": 0.8,
            "eps_growth_year": -56.76,
            "eps_4q": 3.57,
            "eps_4q_growth_year": -41.47,
            "roe": 1.93,
            "roe_4q": 8.97,
            "gross_profit": 209918,
            "gross_margin": 40.57,
            "gross_margin_4q_avg": 40.69,
            "net_income": 37688,
            "net_income_4q": null,
            "revenue": 517419,
            "revenue_4q": null,
            "common_shares": 482902,
            "book_valuer_per_share": 40.53,
            "book_valuer_per_share_4q_avg": 39.27,
            "equity": 1967487,
            "current_ratio": 254.36,
            "debt_ratio": 44.91,
            "inventory_turnover_ratio": 0.42,
            "account_receivable_turnover_ratio": 2.38,
            "reinvestment_rate": 33.59,
            "research_to_sale_ratio": 12.91,
            "price_fair": 227.76,
            "eps_avg_yearly": 6.51,
            "eps_latest_yearly": 3.2,
            "eps_growth_yearly": 43.6
        },
        "20213": {
            "year_quarter": 20213,
            "year": 2021,
            "quarter": 3,
            "eps": 1.54,
            "eps_growth_year": 33.91,
            "eps_4q": 3.95,
            "eps_4q_growth_year": -25.53,
            "roe": 3.79,
            "roe_4q": 9.76,
            "gross_profit": 183922,
            "gross_margin": 37.32,
            "gross_margin_4q_avg": 39.91,
            "net_income": 72756,
            "net_income_4q": null,
            "revenue": 492840,
            "revenue_4q": null,
            "common_shares": 482902,
            "book_valuer_per_share": 38.55,
            "book_valuer_per_share_4q_avg": 39.34,
            "equity": 1870640,
            "current_ratio": 228.78,
            "debt_ratio": 47.86,
            "inventory_turnover_ratio": 0.41,
            "account_receivable_turnover_ratio": 2.09,
            "reinvestment_rate": 35.64,
            "research_to_sale_ratio": 12.08,
            "price_fair": 229.16,
            "eps_avg_yearly": 6.55,
            "eps_latest_yearly": 6.16,
            "eps_growth_yearly": 59.48
        },
        "20214": {
            "year_quarter": 20214,
            "year": 2021,
            "quarter": 4,
            "eps": 1.49,
            "eps_growth_year": 108.4,
            "eps_4q": 4.73,
            "eps_4q_growth_year": -7.45,
            "roe": 3.72,
            "roe_4q": 11.66,
            "gross_profit": 210754,
            "gross_margin": 41.43,
            "gross_margin_4q_avg": 40.01,
            "net_income": 70746,
            "net_income_4q": null,
            "revenue": 508752,
            "revenue_4q": null,
            "common_shares": 482902,
            "book_valuer_per_share": 39.89,
            "book_valuer_per_share_4q_avg": 39.69,
            "equity": 1933943,
            "current_ratio": 225.62,
            "debt_ratio": 48.42,
            "inventory_turnover_ratio": 0.37,
            "account_receivable_turnover_ratio": 2.11,
            "reinvestment_rate": 43.34,
            "research_to_sale_ratio": 15.29,
            "price_fair": 234.5,
            "eps_avg_yearly": 6.7,
            "eps_latest_yearly": 5.96,
            "eps_growth_yearly": 67.73
        },
        "20221": {
            "year_quarter": 20221,
            "year": 2022,
            "quarter": 1,
            "eps": 1.73,
            "eps_growth_year": 92.22,
            "eps_4q": 5.56,
            "eps_4q_growth_year": 29.03,
            "roe": 4.18,
            "roe_4q": 13.620000000000001,
            "gross_profit": 188363,
            "gross_margin": 36.76,
            "gross_margin_4q_avg": 39.02,
            "net_income": 82638,
            "net_income_4q": null,
            "revenue": 512426,
            "revenue_4q": null,
            "common_shares": 482902,
            "book_valuer_per_share": 41.72,
            "book_valuer_per_share_4q_avg": 40.17,
            "equity": 2021318,
            "current_ratio": 239.08,
            "debt_ratio": 48.53,
            "inventory_turnover_ratio": 0.37,
            "account_receivable_turnover_ratio": 2.23,
            "reinvestment_rate": 49.63,
            "research_to_sale_ratio": 10.48,
            "price_fair": 242.03,
            "eps_avg_yearly": 6.92,
            "eps_latest_yearly": 6.92,
            "eps_growth_yearly": 72.04
        },
        "20222": {
            "year_quarter": 20222,
            "year": 2022,
            "quarter": 2,
            "eps": 2,
            "eps_growth_year": 150,
            "eps_4q": 6.75,
            "eps_4q_growth_year": 88.95,
            "roe": 4.7,
            "roe_4q": 16.39,
            "gross_profit": 213529,
            "gross_margin": 37.64,
            "gross_margin_4q_avg": 38.29,
            "net_income": 94461,
            "net_income_4q": null,
            "revenue": 567225,
            "revenue_4q": null,
            "common_shares": 482902,
            "book_valuer_per_share": 41.35,
            "book_valuer_per_share_4q_avg": 40.38,
            "equity": 2001801,
            "current_ratio": 229.92,
            "debt_ratio": 51.17,
            "inventory_turnover_ratio": 0.38,
            "account_receivable_turnover_ratio": 2.37,
            "reinvestment_rate": 49.56,
            "research_to_sale_ratio": 10.2,
            "price_fair": 237.04,
            "eps_avg_yearly": 6.77,
            "eps_latest_yearly": 8,
            "eps_growth_yearly": 27.09
        },
        "20223": {
            "year_quarter": 20223,
            "year": 2022,
            "quarter": 3,
            "eps": 3.88,
            "eps_growth_year": 151.95,
            "eps_4q": 9.11,
            "eps_4q_growth_year": 130.4,
            "roe": 8.88,
            "roe_4q": 21.48,
            "gross_profit": 282741,
            "gross_margin": 42.06,
            "gross_margin_4q_avg": 39.47,
            "net_income": 186613,
            "net_income_4q": null,
            "revenue": 672241,
            "revenue_4q": null,
            "common_shares": 482902,
            "book_valuer_per_share": 45.5,
            "book_valuer_per_share_4q_avg": 42.12,
            "equity": 2201143,
            "current_ratio": 187.12,
            "debt_ratio": 49.93,
            "inventory_turnover_ratio": 0.4,
            "account_receivable_turnover_ratio": 2.38,
            "reinvestment_rate": 48.79,
            "research_to_sale_ratio": 8.27,
            "price_fair": 254.1,
            "eps_avg_yearly": 7.26,
            "eps_latest_yearly": 15.52,
            "eps_growth_yearly": 56.82
        },
        "20224": {
            "year_quarter": 20224,
            "year": 2022,
            "quarter": 4,
            "eps": 1.13,
            "eps_growth_year": -24.24,
            "eps_4q": 8.75,
            "eps_4q_growth_year": 84.88,
            "roe": 2.42,
            "roe_4q": 20.18,
            "gross_profit": 288276,
            "gross_margin": 43.57,
            "gross_margin_4q_avg": 40.01,
            "net_income": 53953,
            "net_income_4q": null,
            "revenue": 661570,
            "revenue_4q": null,
            "common_shares": 482902,
            "book_valuer_per_share": 46.68,
            "book_valuer_per_share_4q_avg": 43.81,
            "equity": 2257149,
            "current_ratio": 181.19,
            "debt_ratio": 50.48,
            "inventory_turnover_ratio": 0.38,
            "account_receivable_turnover_ratio": 2.3,
            "reinvestment_rate": 59.87,
            "research_to_sale_ratio": 9.56,
            "price_fair": 247.45,
            "eps_avg_yearly": 7.07,
            "eps_latest_yearly": 4.52,
            "eps_growth_yearly": 39.61
        },
        "20231": {
            "year_quarter": 20231,
            "year": 2023,
            "quarter": 1,
            "eps": 2.51,
            "eps_growth_year": 45.09,
            "eps_4q": 9.53,
            "eps_4q_growth_year": 71.28,
            "roe": 5.23,
            "roe_4q": 21.23,
            "gross_profit": 302100,
            "gross_margin": 45.57,
            "gross_margin_4q_avg": 42.21,
            "net_income": 121063,
            "net_income_4q": null,
            "revenue": 662940,
            "revenue_4q": null,
            "common_shares": 482902,
            "book_valuer_per_share": 49.16,
            "book_valuer_per_share_4q_avg": 45.67,
            "equity": 2376574,
            "current_ratio": 197.94,
            "debt_ratio": 47.97,
            "inventory_turnover_ratio": 0.38,
            "account_receivable_turnover_ratio": 2.61,
            "reinvestment_rate": 65.58,
            "research_to_sale_ratio": 8.54,
            "price_fair": 252.09,
            "eps_avg_yearly": 7.2,
            "eps_latest_yearly": 10.04,
            "eps_growth_yearly": 68.96
        },
        "20232": {
            "year_quarter": 20232,
            "year": 2023,
            "quarter": 2,
            "eps": 2.01,
            "eps_growth_year": 0.5,
            "eps_4q": 9.54,
            "eps_4q_growth_year": 41.34,
            "roe": 4.02,
            "roe_4q": 20.55,
            "gross_profit": 240460,
            "gross_margin": 39.39,
            "gross_margin_4q_avg": 42.65,
            "net_income": 96160,
            "net_income_4q": null,
            "revenue": 610399,
            "revenue_4q": null,
            "common_shares": 482902,
            "book_valuer_per_share": 48.43,
            "book_valuer_per_share_4q_avg": 47.44,
            "equity": 2404060,
            "current_ratio": 197.7,
            "debt_ratio": 49.82,
            "inventory_turnover_ratio": 0.38,
            "account_receivable_turnover_ratio": 2.58,
            "reinvestment_rate": 66.07,
            "research_to_sale_ratio": 9.7,
            "price_fair": 237.91,
            "eps_avg_yearly": 6.8,
            "eps_latest_yearly": 8.04,
            "eps_growth_yearly": 43.14
        },
        "20233": {
            "year_quarter": 20233,
            "year": 2023,
            "quarter": 3,
            "eps": 2.19,
            "eps_growth_year": -43.56,
            "eps_4q": 7.84,
            "eps_4q_growth_year": -13.91,
            "roe": 4.21,
            "roe_4q": 15.88,
            "gross_profit": 248577,
            "gross_margin": 42.34,
            "gross_margin_4q_avg": 42.72,
            "net_income": 103662,
            "net_income_4q": null,
            "revenue": 587111,
            "revenue_4q": null,
            "common_shares": 482902,
            "book_valuer_per_share": 50.77,
            "book_valuer_per_share_4q_avg": 48.76,
            "equity": 2520165,
            "current_ratio": 343,
            "debt_ratio": 47.49,
            "inventory_turnover_ratio": 0.35,
            "account_receivable_turnover_ratio": 2.6,
            "reinvestment_rate": 68.57,
            "research_to_sale_ratio": 12.05,
            "price_fair": 236.6,
            "eps_avg_yearly": 6.76,
            "eps_latest_yearly": 8.76,
            "eps_growth_yearly": 54.26
        }
    },
    "months": {
        "2011-10": {
            "month": "2011-10",
            "price": "55.33",
            "revenue": 102808
        },
        "2011-11": {
            "month": "2011-11",
            "price": "56.57",
            "revenue": 90023
        },
        "2011-12": {
            "month": "2011-12",
            "price": "53.91",
            "revenue": 74496
        },
        "2012-02": {
            "month": "2012-02",
            "price": "59.91",
            "revenue": 101831
        },
        "2012-03": {
            "month": "2012-03",
            "price": "63.92",
            "revenue": 103591
        },
        "2012-04": {
            "month": "2012-04",
            "price": "58.96",
            "revenue": 107159
        },
        "2012-05": {
            "month": "2012-05",
            "price": "58.29",
            "revenue": 130056
        },
        "2012-06": {
            "month": "2012-06",
            "price": "58.70",
            "revenue": 120689
        },
        "2012-07": {
            "month": "2012-07",
            "price": "56.76",
            "revenue": 124281
        },
        "2012-08": {
            "month": "2012-08",
            "price": "59.80",
            "revenue": 121034
        },
        "2012-09": {
            "month": "2012-09",
            "price": "66.90",
            "revenue": 117103
        },
        "2012-10": {
            "month": "2012-10",
            "price": "89.67",
            "revenue": 97934
        },
        "2012-11": {
            "month": "2012-11",
            "price": "115.67",
            "revenue": 117226
        },
        "2012-12": {
            "month": "2012-12",
            "price": "109.64",
            "revenue": 87952
        },
        "2013-01": {
            "month": "2013-01",
            "price": "95.98",
            "revenue": 112579
        },
        "2013-02": {
            "month": "2013-02",
            "price": "98.84",
            "revenue": 97282
        },
        "2013-03": {
            "month": "2013-03",
            "price": "96.81",
            "revenue": 119842
        },
        "2013-04": {
            "month": "2013-04",
            "price": "85.31",
            "revenue": 126913
        },
        "2013-05": {
            "month": "2013-05",
            "price": "96.71",
            "revenue": 126882
        },
        "2013-06": {
            "month": "2013-06",
            "price": "105.27",
            "revenue": 143356
        },
        "2013-07": {
            "month": "2013-07",
            "price": "121.67",
            "revenue": 129928
        },
        "2013-08": {
            "month": "2013-08",
            "price": "130.31",
            "revenue": 146577
        },
        "2013-09": {
            "month": "2013-09",
            "price": "138.88",
            "revenue": 128950
        },
        "2013-10": {
            "month": "2013-10",
            "price": "141.57",
            "revenue": 136601
        },
        "2013-11": {
            "month": "2013-11",
            "price": "139.74",
            "revenue": 140036
        },
        "2013-12": {
            "month": "2013-12",
            "price": "136.95",
            "revenue": 105249
        },
        "2014-01": {
            "month": "2014-01",
            "price": "122.14",
            "revenue": 138171
        },
        "2014-02": {
            "month": "2014-02",
            "price": "136.62",
            "revenue": 126424
        },
        "2014-03": {
            "month": "2014-03",
            "price": "163.19",
            "revenue": 119711
        },
        "2014-04": {
            "month": "2014-04",
            "price": "179.12",
            "revenue": 154233
        },
        "2014-05": {
            "month": "2014-05",
            "price": "182.79",
            "revenue": 141116
        },
        "2014-06": {
            "month": "2014-06",
            "price": "197.60",
            "revenue": 164047
        },
        "2014-07": {
            "month": "2014-07",
            "price": "177.20",
            "revenue": 183244
        },
        "2014-08": {
            "month": "2014-08",
            "price": "172.21",
            "revenue": 157421
        },
        "2014-09": {
            "month": "2014-09",
            "price": "171.26",
            "revenue": 175388
        },
        "2014-10": {
            "month": "2014-10",
            "price": "156.36",
            "revenue": 184701
        },
        "2014-11": {
            "month": "2014-11",
            "price": "154.60",
            "revenue": 123932
        },
        "2014-12": {
            "month": "2014-12",
            "price": "172.62",
            "revenue": 135898
        },
        "2015-01": {
            "month": "2015-01",
            "price": "165.22",
            "revenue": 153795
        },
        "2015-02": {
            "month": "2015-02",
            "price": "164.65",
            "revenue": 152828
        },
        "2015-03": {
            "month": "2015-03",
            "price": "173.55",
            "revenue": 173061
        },
        "2015-04": {
            "month": "2015-04",
            "price": "173.15",
            "revenue": 152006
        },
        "2015-05": {
            "month": "2015-05",
            "price": "147.62",
            "revenue": 143375
        },
        "2015-06": {
            "month": "2015-06",
            "price": "141.29",
            "revenue": 172049
        },
        "2015-07": {
            "month": "2015-07",
            "price": "124.61",
            "revenue": 172733
        },
        "2015-08": {
            "month": "2015-08",
            "price": "97.25",
            "revenue": 146591
        },
        "2015-09": {
            "month": "2015-09",
            "price": "108.22",
            "revenue": 139724
        },
        "2015-10": {
            "month": "2015-10",
            "price": "107.19",
            "revenue": 158144
        },
        "2015-11": {
            "month": "2015-11",
            "price": "123.90",
            "revenue": 159351
        },
        "2015-12": {
            "month": "2015-12",
            "price": "128.67",
            "revenue": 161076
        },
        "2016-01": {
            "month": "2016-01",
            "price": "118.26",
            "revenue": 167270
        },
        "2016-02": {
            "month": "2016-02",
            "price": "125.42",
            "revenue": 167314
        },
        "2016-03": {
            "month": "2016-03",
            "price": "145.33",
            "revenue": 155907
        },
        "2016-04": {
            "month": "2016-04",
            "price": "164.26",
            "revenue": 188959
        },
        "2016-05": {
            "month": "2016-05",
            "price": "167.57",
            "revenue": 178468
        },
        "2016-06": {
            "month": "2016-06",
            "price": "174.26",
            "revenue": 229264
        },
        "2016-07": {
            "month": "2016-07",
            "price": "181.95",
            "revenue": 186961
        },
        "2016-08": {
            "month": "2016-08",
            "price": "174.54",
            "revenue": 159402
        },
        "2016-09": {
            "month": "2016-09",
            "price": "162.42",
            "revenue": 158111
        },
        "2016-10": {
            "month": "2016-10",
            "price": "156.32",
            "revenue": 171311
        },
        "2016-11": {
            "month": "2016-11",
            "price": "144.84",
            "revenue": 175945
        },
        "2016-12": {
            "month": "2016-12",
            "price": "149.86",
            "revenue": 114444
        },
        "2017-01": {
            "month": "2017-01",
            "price": "151.41",
            "revenue": 135039
        },
        "2017-02": {
            "month": "2017-02",
            "price": "153.86",
            "revenue": 156353
        },
        "2017-03": {
            "month": "2017-03",
            "price": "146.96",
            "revenue": 152247
        },
        "2017-04": {
            "month": "2017-04",
            "price": "134.81",
            "revenue": 147791
        },
        "2017-05": {
            "month": "2017-05",
            "price": "123.60",
            "revenue": 146156
        },
        "2017-06": {
            "month": "2017-06",
            "price": "124.61",
            "revenue": 158918
        },
        "2017-07": {
            "month": "2017-07",
            "price": "111.48",
            "revenue": 165030
        },
        "2017-08": {
            "month": "2017-08",
            "price": "99.68",
            "revenue": 155446
        },
        "2017-09": {
            "month": "2017-09",
            "price": "100.12",
            "revenue": 166658
        },
        "2017-10": {
            "month": "2017-10",
            "price": "100.43",
            "revenue": 148720
        },
        "2017-11": {
            "month": "2017-11",
            "price": "99.00",
            "revenue": 167535
        },
        "2017-12": {
            "month": "2017-12",
            "price": "96.50",
            "revenue": 113854
        },
        "2018-01": {
            "month": "2018-01",
            "price": "103.27",
            "revenue": 143847
        },
        "2018-02": {
            "month": "2018-02",
            "price": "92.42",
            "revenue": 129342
        },
        "2018-03": {
            "month": "2018-03",
            "price": "94.33",
            "revenue": 154204
        },
        "2018-04": {
            "month": "2018-04",
            "price": "98.47",
            "revenue": 158275
        },
        "2018-05": {
            "month": "2018-05",
            "price": "107.91",
            "revenue": 141179
        },
        "2018-06": {
            "month": "2018-06",
            "price": "108.15",
            "revenue": 169212
        },
        "2018-07": {
            "month": "2018-07",
            "price": "101.67",
            "revenue": 156563
        },
        "2018-08": {
            "month": "2018-08",
            "price": "97.34",
            "revenue": 182525
        },
        "2018-09": {
            "month": "2018-09",
            "price": "93.86",
            "revenue": 176881
        },
        "2018-10": {
            "month": "2018-10",
            "price": "85.27",
            "revenue": 148495
        },
        "2018-11": {
            "month": "2018-11",
            "price": "82.29",
            "revenue": 179548
        },
        "2018-12": {
            "month": "2018-12",
            "price": "87.10",
            "revenue": 167161
        },
        "2019-01": {
            "month": "2019-01",
            "price": "92.00",
            "revenue": 185086
        },
        "2019-02": {
            "month": "2019-02",
            "price": "103.77",
            "revenue": 125974
        },
        "2019-03": {
            "month": "2019-03",
            "price": "108.18",
            "revenue": 174273
        },
        "2019-04": {
            "month": "2019-04",
            "price": "106.35",
            "revenue": 340874
        },
        "2019-05": {
            "month": "2019-05",
            "price": "121.59",
            "revenue": 156953
        },
        "2019-06": {
            "month": "2019-06",
            "price": "114.63",
            "revenue": 234661
        },
        "2019-07": {
            "month": "2019-07",
            "price": "142.61",
            "revenue": 189413
        },
        "2019-08": {
            "month": "2019-08",
            "price": "143.05",
            "revenue": 222838
        },
        "2019-09": {
            "month": "2019-09",
            "price": "142.53",
            "revenue": 169760
        },
        "2019-10": {
            "month": "2019-10",
            "price": "132.69",
            "revenue": 186038
        },
        "2019-11": {
            "month": "2019-11",
            "price": "134.90",
            "revenue": 196232
        },
        "2019-12": {
            "month": "2019-12",
            "price": "132.48",
            "revenue": 145137
        },
        "2020-01": {
            "month": "2020-01",
            "price": "129.17",
            "revenue": 155665
        },
        "2020-02": {
            "month": "2020-02",
            "price": "120.00",
            "revenue": 170913
        },
        "2020-03": {
            "month": "2020-03",
            "price": "106.98",
            "revenue": 181601
        },
        "2020-04": {
            "month": "2020-04",
            "price": "116.02",
            "revenue": 172922
        },
        "2020-05": {
            "month": "2020-05",
            "price": "127.05",
            "revenue": 136721
        },
        "2020-06": {
            "month": "2020-06",
            "price": "130.35",
            "revenue": 156886
        },
        "2020-07": {
            "month": "2020-07",
            "price": "123.52",
            "revenue": 175667
        },
        "2020-08": {
            "month": "2020-08",
            "price": "115.81",
            "revenue": 159289
        },
        "2020-09": {
            "month": "2020-09",
            "price": "98.61",
            "revenue": 172546
        },
        "2020-10": {
            "month": "2020-10",
            "price": "97.66",
            "revenue": 174725
        },
        "2020-11": {
            "month": "2020-11",
            "price": "98.23",
            "revenue": 159837
        },
        "2020-12": {
            "month": "2020-12",
            "price": "99.31",
            "revenue": 144340
        },
        "2021-01": {
            "month": "2021-01",
            "price": "94.54",
            "revenue": 138435
        },
        "2021-02": {
            "month": "2021-02",
            "price": "91.39",
            "revenue": 148451
        },
        "2021-03": {
            "month": "2021-03",
            "price": "91.75",
            "revenue": 167448
        },
        "2021-04": {
            "month": "2021-04",
            "price": "90.99",
            "revenue": 181483
        },
        "2021-05": {
            "month": "2021-05",
            "price": "85.90",
            "revenue": 167421
        },
        "2021-06": {
            "month": "2021-06",
            "price": "88.04",
            "revenue": 168515
        },
        "2021-07": {
            "month": "2021-07",
            "price": "88.15",
            "revenue": 171124
        },
        "2021-08": {
            "month": "2021-08",
            "price": "83.84",
            "revenue": 144086
        },
        "2021-09": {
            "month": "2021-09",
            "price": "85.18",
            "revenue": 177630
        },
        "2021-10": {
            "month": "2021-10",
            "price": "84.60",
            "revenue": 176183
        },
        "2021-11": {
            "month": "2021-11",
            "price": "85.97",
            "revenue": 185787
        },
        "2021-12": {
            "month": "2021-12",
            "price": "85.64",
            "revenue": 146782
        },
        "2022-01": {
            "month": "2022-01",
            "price": "85.62",
            "revenue": 158804
        },
        "2022-02": {
            "month": "2022-02",
            "price": "84.81",
            "revenue": 154820
        },
        "2022-03": {
            "month": "2022-03",
            "price": "82.36",
            "revenue": 198802
        },
        "2022-04": {
            "month": "2022-04",
            "price": "82.36",
            "revenue": 167161
        },
        "2022-05": {
            "month": "2022-05",
            "price": "82.74",
            "revenue": 204637
        },
        "2022-06": {
            "month": "2022-06",
            "price": "87.21",
            "revenue": 195427
        },
        "2022-07": {
            "month": "2022-07",
            "price": "84.72",
            "revenue": 221092
        },
        "2022-08": {
            "month": "2022-08",
            "price": "91.06",
            "revenue": 191312
        },
        "2022-09": {
            "month": "2022-09",
            "price": "97.29",
            "revenue": 259837
        },
        "2022-10": {
            "month": "2022-10",
            "price": "92.17",
            "revenue": 210959
        },
        "2022-11": {
            "month": "2022-11",
            "price": "95.98",
            "revenue": 228066
        },
        "2022-12": {
            "month": "2022-12",
            "price": "105.29",
            "revenue": 222545
        },
        "2023-01": {
            "month": "2023-01",
            "price": "110.15",
            "revenue": 233199
        },
        "2023-02": {
            "month": "2023-02",
            "price": "128.97",
            "revenue": 191690
        },
        "2023-03": {
            "month": "2023-03",
            "price": "128.37",
            "revenue": 238051
        },
        "2023-04": {
            "month": "2023-04",
            "price": "130.29",
            "revenue": 206873
        },
        "2023-05": {
            "month": "2023-05",
            "price": "134.93",
            "revenue": 190281
        },
        "2023-06": {
            "month": "2023-06",
            "price": "136.55",
            "revenue": 213245
        },
        "2023-07": {
            "month": "2023-07",
            "price": "130.69",
            "revenue": 172549
        },
        "2023-08": {
            "month": "2023-08",
            "price": "118.05",
            "revenue": 222941
        },
        "2023-09": {
            "month": "2023-09",
            "price": "122.18",
            "revenue": 191621
        },
        "2023-10": {
            "month": "2023-10",
            "price": "118.05",
            "revenue": 222877
        },
        "2023-11": {
            "month": "2023-11",
            "price": "120.70",
            "revenue": 194469
        },
        "2023-12": {
            "month": "2023-12",
            "price": "126.00",
            "revenue": 166892
        }
    }
}
