{
    "summary": {
        "stock_name": "承業醫",
        "stock_id": "4164",
        "category": "生技醫療",
        "main_business": "放射腫瘤、神經科學、影像醫學、眼科及外科/手術等儀器設備銷售<br>維修保養、出租及其相關零配件、耗材之銷售及藥品銷售<br>一般投資業",
        "website_url": "http://www.chcg.com",
        "ceo": "李沛霖",
        "pe_ratio": 29,
        "report_year_from": 2010,
        "report_year_to": 2023,
        "age": 13,
        "eps_negative_percentage": 9,
        "eps_growth_avg": {
            "last_all": -18.75,
            "last_2y": -7.88,
            "last_4y": -0.42,
            "last_8y": -20.84,
            "last_12y": null,
            "last_16y": null,
            "last_20y": null,
            "at_2006_last_3y": null,
            "at_2007_last_3y": null,
            "at_2008_last_3y": null,
            "at_2009_last_3y": null,
            "at_2010_last_3y": null,
            "at_2011_last_3y": null,
            "at_2012_last_3y": null,
            "at_2013_last_3y": null,
            "at_2014_last_3y": null,
            "at_2015_last_3y": null,
            "at_2016_last_3y": -16.77,
            "at_2017_last_3y": -41.26,
            "at_2018_last_3y": -49.9,
            "at_2019_last_3y": -36.85,
            "at_2020_last_3y": -29.42,
            "at_2021_last_3y": 2.34,
            "at_2022_last_3y": -0.42,
            "at_2023_last_3y": -0.42,
            "at_2006_last_all": null,
            "at_2007_last_all": null,
            "at_2008_last_all": null,
            "at_2009_last_all": null,
            "at_2010_last_all": null,
            "at_2011_last_all": null,
            "at_2012_last_all": null,
            "at_2013_last_all": null,
            "at_2014_last_all": -8.69,
            "at_2015_last_all": -11.51,
            "at_2016_last_all": -16.77,
            "at_2017_last_all": -33.42,
            "at_2018_last_all": -33.42,
            "at_2019_last_all": -24.18,
            "at_2020_last_all": -22.19,
            "at_2021_last_all": -20.01,
            "at_2022_last_all": -18.75,
            "at_2023_last_all": -18.75
        },
        "latest_eps": 2.29,
        "latest_price": 66.9,
        "latest_roe": 6.43,
        "latest_gross_margin": 27.88,
        "latest_equity": 6323703,
        "latest_revenue": 800310,
        "latest_gross_profit": 223146,
        "latest_net_income": 84917,
        "latest_debt_ratio": 52.67,
        "latest_current_ratio": 217.35,
        "latest_account_receivable_turnover_ratio": 0.88,
        "latest_inventory_turnover_ratio": 0.95,
        "latest_reinvestment_rate": 85.66,
        "latest_research_to_sale_ratio": null
    },
    "eps_dividends": {
        "2001": {
            "cash": 0,
            "stock": 0,
            "eps": 0
        },
        "2002": {
            "cash": 0,
            "stock": 0,
            "eps": 0
        },
        "2003": {
            "cash": 0,
            "stock": 0,
            "eps": 0
        },
        "2004": {
            "cash": 0,
            "stock": 0,
            "eps": 0
        },
        "2005": {
            "cash": 0,
            "stock": 0,
            "eps": 0
        },
        "2006": {
            "cash": 0,
            "stock": 0,
            "eps": 0
        },
        "2007": {
            "cash": 0,
            "stock": 0,
            "eps": 0
        },
        "2008": {
            "cash": 0,
            "stock": 0,
            "eps": 0
        },
        "2009": {
            "cash": 0,
            "stock": 0,
            "eps": 0
        },
        "2010": {
            "cash": 0,
            "stock": 0,
            "eps": 0
        },
        "2011": {
            "cash": 4,
            "stock": 0,
            "eps": 0
        },
        "2012": {
            "cash": 0,
            "stock": 0,
            "eps": 2.46
        },
        "2013": {
            "cash": 3,
            "stock": 0,
            "eps": 2.41
        },
        "2014": {
            "cash": 2,
            "stock": 0,
            "eps": 2.04
        },
        "2015": {
            "cash": 2,
            "stock": 0,
            "eps": 1.69
        },
        "2016": {
            "cash": 2,
            "stock": 0,
            "eps": 1.14
        },
        "2017": {
            "cash": 1,
            "stock": 0,
            "eps": -0.61
        },
        "2018": {
            "cash": 1,
            "stock": 0,
            "eps": 2.32
        },
        "2019": {
            "cash": 2,
            "stock": 0,
            "eps": 2.83
        },
        "2020": {
            "cash": 2,
            "stock": 0,
            "eps": 2.54
        },
        "2021": {
            "cash": 2,
            "stock": 0,
            "eps": 2.42
        },
        "2022": {
            "cash": 2,
            "stock": 0,
            "eps": 2.21
        },
        "2023": {
            "cash": 2,
            "stock": 0,
            "eps": 0.49
        }
    },
    "dividends": {
        "2011-01-01": {
            "cash": 4,
            "stock": 0
        },
        "2013-03-25": {
            "cash": 3,
            "stock": 0
        },
        "2014-06-17": {
            "cash": 2,
            "stock": 0
        },
        "2015-07-30": {
            "cash": 2,
            "stock": 0
        },
        "2016-08-03": {
            "cash": 2,
            "stock": 0
        },
        "2017-08-02": {
            "cash": 1,
            "stock": 0
        },
        "2018-07-31": {
            "cash": 1.1,
            "stock": 0
        },
        "2019-07-31": {
            "cash": 1.8,
            "stock": 0
        },
        "2020-08-05": {
            "cash": 2,
            "stock": 0
        },
        "2021-08-19": {
            "cash": 2.01,
            "stock": 0
        },
        "2022-08-04": {
            "cash": 2.01,
            "stock": 0
        },
        "2023-03-22": {
            "cash": 2.01,
            "stock": 0
        }
    },
    "prices": {
        "200101": "無",
        "200102": "無",
        "200103": "無",
        "200104": "無",
        "200105": "無",
        "200106": "無",
        "200107": "無",
        "200108": "無",
        "200109": "無",
        "200110": "無",
        "200111": "無",
        "200112": "無",
        "200201": "無",
        "200202": "無",
        "200203": "無",
        "200204": "無",
        "200205": "無",
        "200206": "無",
        "200207": "無",
        "200208": "無",
        "200209": "無",
        "200210": "無",
        "200211": "無",
        "200212": "無",
        "200301": "無",
        "200302": "無",
        "200303": "無",
        "200304": "無",
        "200305": "無",
        "200306": "無",
        "200307": "無",
        "200308": "無",
        "200309": "無",
        "200310": "無",
        "200311": "無",
        "200312": "無",
        "200401": "無",
        "200402": "無",
        "200403": "無",
        "200404": "無",
        "200405": "無",
        "200406": "無",
        "200407": "無",
        "200408": "無",
        "200409": "無",
        "200410": "無",
        "200411": "無",
        "200412": "無",
        "200501": "無",
        "200502": "無",
        "200503": "無",
        "200504": "無",
        "200505": "無",
        "200506": "無",
        "200507": "無",
        "200508": "無",
        "200509": "無",
        "200510": "無",
        "200511": "無",
        "200512": "無",
        "200601": "無",
        "200602": "無",
        "200603": "無",
        "200604": "無",
        "200605": "無",
        "200606": "無",
        "200607": "無",
        "200608": "無",
        "200609": "無",
        "200610": "無",
        "200611": "無",
        "200612": "無",
        "200701": "無",
        "200702": "無",
        "200703": "無",
        "200704": "無",
        "200705": "無",
        "200706": "無",
        "200707": "無",
        "200708": "無",
        "200709": "無",
        "200710": "無",
        "200711": "無",
        "200712": "無",
        "200801": "無",
        "200802": "無",
        "200803": "無",
        "200804": "無",
        "200805": "無",
        "200806": "無",
        "200807": "無",
        "200808": "無",
        "200809": "無",
        "200810": "無",
        "200811": "無",
        "200812": "無",
        "200901": "無",
        "200902": "無",
        "200903": "無",
        "200904": "無",
        "200905": "無",
        "200906": "無",
        "200907": "無",
        "200908": "無",
        "200909": "無",
        "200910": "無",
        "200911": "無",
        "200912": "無",
        "201001": "無",
        "201002": "無",
        "201003": "無",
        "201004": "無",
        "201005": "無",
        "201006": "無",
        "201007": "無",
        "201008": "無",
        "201009": "無",
        "201010": "無",
        "201011": "無",
        "201012": "無",
        "201101": "無",
        "201102": "無",
        "201103": "無",
        "201104": "無",
        "201105": "無",
        "201106": "無",
        "201107": "無",
        "201108": "無",
        "201109": "無",
        "201110": "89.43",
        "201111": "83.28",
        "201112": "79.20",
        "201201": "80.70",
        "201202": "88.04",
        "201203": "92.41",
        "201204": "92.30",
        "201205": "88.61",
        "201206": "84.36",
        "201207": "84.33",
        "201208": "87.71",
        "201209": "89.46",
        "201210": "125.83",
        "201211": "129.55",
        "201212": "128.07",
        "201301": "117.57",
        "201302": "113.73",
        "201303": "113.10",
        "201304": "112.70",
        "201305": "102.09",
        "201306": "87.31",
        "201307": "79.58",
        "201308": "84.77",
        "201309": "92.58",
        "201310": "88.70",
        "201311": "77.59",
        "201312": "75.51",
        "201401": "74.13",
        "201402": "74.36",
        "201403": "79.17",
        "201404": "77.63",
        "201405": "74.99",
        "201406": "79.49",
        "201407": "78.03",
        "201408": "68.87",
        "201409": "69.66",
        "201410": "67.15",
        "201411": "64.44",
        "201412": "67.58",
        "201501": "65.43",
        "201502": "62.95",
        "201503": "62.97",
        "201504": "61.31",
        "201505": "54.06",
        "201506": "51.41",
        "201507": "50.72",
        "201508": "43.31",
        "201509": "42.55",
        "201510": "57.33",
        "201511": "63.44",
        "201512": "61.15",
        "201601": "55.93",
        "201602": "57.54",
        "201603": "56.14",
        "201604": "52.95",
        "201605": "49.65",
        "201606": "51.03",
        "201607": "50.12",
        "201608": "47.90",
        "201609": "47.08",
        "201610": "45.06",
        "201611": "42.42",
        "201612": "43.39",
        "201701": "43.01",
        "201702": "43.09",
        "201703": "43.44",
        "201704": "42.26",
        "201705": "42.53",
        "201706": "43.45",
        "201707": "43.55",
        "201708": "38.76",
        "201709": "38.50",
        "201710": "38.10",
        "201711": "37.22",
        "201712": "35.21",
        "201801": "35.48",
        "201802": "33.12",
        "201803": "33.76",
        "201804": "35.29",
        "201805": "35.07",
        "201806": "34.22",
        "201807": "31.99",
        "201808": "32.80",
        "201809": "35.64",
        "201810": "34.33",
        "201811": "32.49",
        "201812": "32.46",
        "201901": "31.40",
        "201902": "32.50",
        "201903": "34.19",
        "201904": "40.93",
        "201905": "40.02",
        "201906": "40.31",
        "201907": "46.12",
        "201908": "46.35",
        "201909": "44.56",
        "201910": "41.87",
        "201911": "40.73",
        "201912": "40.86",
        "202001": "39.91",
        "202002": "37.09",
        "202003": "33.27",
        "202004": "35.08",
        "202005": "38.21",
        "202006": "41.72",
        "202007": "44.34",
        "202008": "41.16",
        "202009": "39.68",
        "202010": "37.52",
        "202011": "38.87",
        "202012": "39.15",
        "202101": "37.19",
        "202102": "36.09",
        "202103": "37.75",
        "202104": "39.01",
        "202105": "35.94",
        "202106": "37.31",
        "202107": "36.72",
        "202108": "34.15",
        "202109": "35.16",
        "202110": "37.02",
        "202111": "36.70",
        "202112": "37.60",
        "202201": "37.18",
        "202202": "37.81",
        "202203": "42.81",
        "202204": "47.87",
        "202205": "39.70",
        "202206": "40.66",
        "202207": "36.73",
        "202208": "41.74",
        "202209": "44.02",
        "202210": "40.26",
        "202211": "41.86",
        "202212": "44.96",
        "202301": "45.33",
        "202302": "56.22",
        "202303": "67.54",
        "202304": "69.51",
        "202305": "69.41"
    },
    "quarters": {
        "20011": {
            "year_quarter": 20011,
            "year": 2001,
            "quarter": 1,
            "eps": null,
            "eps_growth_year": null,
            "eps_4q": null,
            "eps_4q_growth_year": null,
            "roe": null,
            "gross_profit": null,
            "gross_margin": null,
            "net_income": null,
            "revenue": null,
            "common_shares": null,
            "equity": null,
            "current_ratio": null,
            "debt_ratio": null,
            "inventory_turnover_ratio": null,
            "account_receivable_turnover_ratio": null,
            "reinvestment_rate": null,
            "research_to_sale_ratio": null,
            "price_fair": 0,
            "eps_avg_yearly": 0,
            "eps_latest_yearly": 0,
            "eps_growth_yearly": 0
        },
        "20012": {
            "year_quarter": 20012,
            "year": 2001,
            "quarter": 2,
            "eps": null,
            "eps_growth_year": null,
            "eps_4q": null,
            "eps_4q_growth_year": null,
            "roe": null,
            "gross_profit": null,
            "gross_margin": null,
            "net_income": null,
            "revenue": null,
            "common_shares": null,
            "equity": null,
            "current_ratio": null,
            "debt_ratio": null,
            "inventory_turnover_ratio": null,
            "account_receivable_turnover_ratio": null,
            "reinvestment_rate": null,
            "research_to_sale_ratio": null,
            "price_fair": 0,
            "eps_avg_yearly": 0,
            "eps_latest_yearly": 0,
            "eps_growth_yearly": 0
        },
        "20013": {
            "year_quarter": 20013,
            "year": 2001,
            "quarter": 3,
            "eps": null,
            "eps_growth_year": null,
            "eps_4q": null,
            "eps_4q_growth_year": null,
            "roe": null,
            "gross_profit": null,
            "gross_margin": null,
            "net_income": null,
            "revenue": null,
            "common_shares": null,
            "equity": null,
            "current_ratio": null,
            "debt_ratio": null,
            "inventory_turnover_ratio": null,
            "account_receivable_turnover_ratio": null,
            "reinvestment_rate": null,
            "research_to_sale_ratio": null,
            "price_fair": 0,
            "eps_avg_yearly": 0,
            "eps_latest_yearly": 0,
            "eps_growth_yearly": 0
        },
        "20014": {
            "year_quarter": 20014,
            "year": 2001,
            "quarter": 4,
            "eps": null,
            "eps_growth_year": null,
            "eps_4q": null,
            "eps_4q_growth_year": null,
            "roe": null,
            "gross_profit": null,
            "gross_margin": null,
            "net_income": null,
            "revenue": null,
            "common_shares": null,
            "equity": null,
            "current_ratio": null,
            "debt_ratio": null,
            "inventory_turnover_ratio": null,
            "account_receivable_turnover_ratio": null,
            "reinvestment_rate": null,
            "research_to_sale_ratio": null,
            "price_fair": 0,
            "eps_avg_yearly": 0,
            "eps_latest_yearly": 0,
            "eps_growth_yearly": 0
        },
        "20021": {
            "year_quarter": 20021,
            "year": 2002,
            "quarter": 1,
            "eps": null,
            "eps_growth_year": null,
            "eps_4q": null,
            "eps_4q_growth_year": null,
            "roe": null,
            "gross_profit": null,
            "gross_margin": null,
            "net_income": null,
            "revenue": null,
            "common_shares": null,
            "equity": null,
            "current_ratio": null,
            "debt_ratio": null,
            "inventory_turnover_ratio": null,
            "account_receivable_turnover_ratio": null,
            "reinvestment_rate": null,
            "research_to_sale_ratio": null,
            "price_fair": 0,
            "eps_avg_yearly": 0,
            "eps_latest_yearly": 0,
            "eps_growth_yearly": 0
        },
        "20022": {
            "year_quarter": 20022,
            "year": 2002,
            "quarter": 2,
            "eps": null,
            "eps_growth_year": null,
            "eps_4q": null,
            "eps_4q_growth_year": null,
            "roe": null,
            "gross_profit": null,
            "gross_margin": null,
            "net_income": null,
            "revenue": null,
            "common_shares": null,
            "equity": null,
            "current_ratio": null,
            "debt_ratio": null,
            "inventory_turnover_ratio": null,
            "account_receivable_turnover_ratio": null,
            "reinvestment_rate": null,
            "research_to_sale_ratio": null,
            "price_fair": 0,
            "eps_avg_yearly": 0,
            "eps_latest_yearly": 0,
            "eps_growth_yearly": 0
        },
        "20023": {
            "year_quarter": 20023,
            "year": 2002,
            "quarter": 3,
            "eps": null,
            "eps_growth_year": null,
            "eps_4q": null,
            "eps_4q_growth_year": null,
            "roe": null,
            "gross_profit": null,
            "gross_margin": null,
            "net_income": null,
            "revenue": null,
            "common_shares": null,
            "equity": null,
            "current_ratio": null,
            "debt_ratio": null,
            "inventory_turnover_ratio": null,
            "account_receivable_turnover_ratio": null,
            "reinvestment_rate": null,
            "research_to_sale_ratio": null,
            "price_fair": 0,
            "eps_avg_yearly": 0,
            "eps_latest_yearly": 0,
            "eps_growth_yearly": 0
        },
        "20024": {
            "year_quarter": 20024,
            "year": 2002,
            "quarter": 4,
            "eps": null,
            "eps_growth_year": null,
            "eps_4q": null,
            "eps_4q_growth_year": null,
            "roe": null,
            "gross_profit": null,
            "gross_margin": null,
            "net_income": null,
            "revenue": null,
            "common_shares": null,
            "equity": null,
            "current_ratio": null,
            "debt_ratio": null,
            "inventory_turnover_ratio": null,
            "account_receivable_turnover_ratio": null,
            "reinvestment_rate": null,
            "research_to_sale_ratio": null,
            "price_fair": 0,
            "eps_avg_yearly": 0,
            "eps_latest_yearly": 0,
            "eps_growth_yearly": 0
        },
        "20031": {
            "year_quarter": 20031,
            "year": 2003,
            "quarter": 1,
            "eps": null,
            "eps_growth_year": null,
            "eps_4q": null,
            "eps_4q_growth_year": null,
            "roe": null,
            "gross_profit": null,
            "gross_margin": null,
            "net_income": null,
            "revenue": null,
            "common_shares": null,
            "equity": null,
            "current_ratio": null,
            "debt_ratio": null,
            "inventory_turnover_ratio": null,
            "account_receivable_turnover_ratio": null,
            "reinvestment_rate": null,
            "research_to_sale_ratio": null,
            "price_fair": 0,
            "eps_avg_yearly": 0,
            "eps_latest_yearly": 0,
            "eps_growth_yearly": 0
        },
        "20032": {
            "year_quarter": 20032,
            "year": 2003,
            "quarter": 2,
            "eps": null,
            "eps_growth_year": null,
            "eps_4q": null,
            "eps_4q_growth_year": null,
            "roe": null,
            "gross_profit": null,
            "gross_margin": null,
            "net_income": null,
            "revenue": null,
            "common_shares": null,
            "equity": null,
            "current_ratio": null,
            "debt_ratio": null,
            "inventory_turnover_ratio": null,
            "account_receivable_turnover_ratio": null,
            "reinvestment_rate": null,
            "research_to_sale_ratio": null,
            "price_fair": 0,
            "eps_avg_yearly": 0,
            "eps_latest_yearly": 0,
            "eps_growth_yearly": 0
        },
        "20033": {
            "year_quarter": 20033,
            "year": 2003,
            "quarter": 3,
            "eps": null,
            "eps_growth_year": null,
            "eps_4q": null,
            "eps_4q_growth_year": null,
            "roe": null,
            "gross_profit": null,
            "gross_margin": null,
            "net_income": null,
            "revenue": null,
            "common_shares": null,
            "equity": null,
            "current_ratio": null,
            "debt_ratio": null,
            "inventory_turnover_ratio": null,
            "account_receivable_turnover_ratio": null,
            "reinvestment_rate": null,
            "research_to_sale_ratio": null,
            "price_fair": 0,
            "eps_avg_yearly": 0,
            "eps_latest_yearly": 0,
            "eps_growth_yearly": 0
        },
        "20034": {
            "year_quarter": 20034,
            "year": 2003,
            "quarter": 4,
            "eps": null,
            "eps_growth_year": null,
            "eps_4q": null,
            "eps_4q_growth_year": null,
            "roe": null,
            "gross_profit": null,
            "gross_margin": null,
            "net_income": null,
            "revenue": null,
            "common_shares": null,
            "equity": null,
            "current_ratio": null,
            "debt_ratio": null,
            "inventory_turnover_ratio": null,
            "account_receivable_turnover_ratio": null,
            "reinvestment_rate": null,
            "research_to_sale_ratio": null,
            "price_fair": 0,
            "eps_avg_yearly": 0,
            "eps_latest_yearly": 0,
            "eps_growth_yearly": 0
        },
        "20041": {
            "year_quarter": 20041,
            "year": 2004,
            "quarter": 1,
            "eps": null,
            "eps_growth_year": null,
            "eps_4q": null,
            "eps_4q_growth_year": null,
            "roe": null,
            "gross_profit": null,
            "gross_margin": null,
            "net_income": null,
            "revenue": null,
            "common_shares": null,
            "equity": null,
            "current_ratio": null,
            "debt_ratio": null,
            "inventory_turnover_ratio": null,
            "account_receivable_turnover_ratio": null,
            "reinvestment_rate": null,
            "research_to_sale_ratio": null,
            "price_fair": 0,
            "eps_avg_yearly": 0,
            "eps_latest_yearly": 0,
            "eps_growth_yearly": 0
        },
        "20042": {
            "year_quarter": 20042,
            "year": 2004,
            "quarter": 2,
            "eps": null,
            "eps_growth_year": null,
            "eps_4q": null,
            "eps_4q_growth_year": null,
            "roe": null,
            "gross_profit": null,
            "gross_margin": null,
            "net_income": null,
            "revenue": null,
            "common_shares": null,
            "equity": null,
            "current_ratio": null,
            "debt_ratio": null,
            "inventory_turnover_ratio": null,
            "account_receivable_turnover_ratio": null,
            "reinvestment_rate": null,
            "research_to_sale_ratio": null,
            "price_fair": 0,
            "eps_avg_yearly": 0,
            "eps_latest_yearly": 0,
            "eps_growth_yearly": 0
        },
        "20043": {
            "year_quarter": 20043,
            "year": 2004,
            "quarter": 3,
            "eps": null,
            "eps_growth_year": null,
            "eps_4q": null,
            "eps_4q_growth_year": null,
            "roe": null,
            "gross_profit": null,
            "gross_margin": null,
            "net_income": null,
            "revenue": null,
            "common_shares": null,
            "equity": null,
            "current_ratio": null,
            "debt_ratio": null,
            "inventory_turnover_ratio": null,
            "account_receivable_turnover_ratio": null,
            "reinvestment_rate": null,
            "research_to_sale_ratio": null,
            "price_fair": 0,
            "eps_avg_yearly": 0,
            "eps_latest_yearly": 0,
            "eps_growth_yearly": 0
        },
        "20044": {
            "year_quarter": 20044,
            "year": 2004,
            "quarter": 4,
            "eps": null,
            "eps_growth_year": null,
            "eps_4q": null,
            "eps_4q_growth_year": null,
            "roe": null,
            "gross_profit": null,
            "gross_margin": null,
            "net_income": null,
            "revenue": null,
            "common_shares": null,
            "equity": null,
            "current_ratio": null,
            "debt_ratio": null,
            "inventory_turnover_ratio": null,
            "account_receivable_turnover_ratio": null,
            "reinvestment_rate": null,
            "research_to_sale_ratio": null,
            "price_fair": 0,
            "eps_avg_yearly": 0,
            "eps_latest_yearly": 0,
            "eps_growth_yearly": 0
        },
        "20051": {
            "year_quarter": 20051,
            "year": 2005,
            "quarter": 1,
            "eps": null,
            "eps_growth_year": null,
            "eps_4q": null,
            "eps_4q_growth_year": null,
            "roe": null,
            "gross_profit": null,
            "gross_margin": null,
            "net_income": null,
            "revenue": null,
            "common_shares": null,
            "equity": null,
            "current_ratio": null,
            "debt_ratio": null,
            "inventory_turnover_ratio": null,
            "account_receivable_turnover_ratio": null,
            "reinvestment_rate": null,
            "research_to_sale_ratio": null,
            "price_fair": 0,
            "eps_avg_yearly": 0,
            "eps_latest_yearly": 0,
            "eps_growth_yearly": 0
        },
        "20052": {
            "year_quarter": 20052,
            "year": 2005,
            "quarter": 2,
            "eps": null,
            "eps_growth_year": null,
            "eps_4q": null,
            "eps_4q_growth_year": null,
            "roe": null,
            "gross_profit": null,
            "gross_margin": null,
            "net_income": null,
            "revenue": null,
            "common_shares": null,
            "equity": null,
            "current_ratio": null,
            "debt_ratio": null,
            "inventory_turnover_ratio": null,
            "account_receivable_turnover_ratio": null,
            "reinvestment_rate": null,
            "research_to_sale_ratio": null,
            "price_fair": 0,
            "eps_avg_yearly": 0,
            "eps_latest_yearly": 0,
            "eps_growth_yearly": 0
        },
        "20053": {
            "year_quarter": 20053,
            "year": 2005,
            "quarter": 3,
            "eps": null,
            "eps_growth_year": null,
            "eps_4q": null,
            "eps_4q_growth_year": null,
            "roe": null,
            "gross_profit": null,
            "gross_margin": null,
            "net_income": null,
            "revenue": null,
            "common_shares": null,
            "equity": null,
            "current_ratio": null,
            "debt_ratio": null,
            "inventory_turnover_ratio": null,
            "account_receivable_turnover_ratio": null,
            "reinvestment_rate": null,
            "research_to_sale_ratio": null,
            "price_fair": 0,
            "eps_avg_yearly": 0,
            "eps_latest_yearly": 0,
            "eps_growth_yearly": 0
        },
        "20054": {
            "year_quarter": 20054,
            "year": 2005,
            "quarter": 4,
            "eps": null,
            "eps_growth_year": null,
            "eps_4q": null,
            "eps_4q_growth_year": null,
            "roe": null,
            "gross_profit": null,
            "gross_margin": null,
            "net_income": null,
            "revenue": null,
            "common_shares": null,
            "equity": null,
            "current_ratio": null,
            "debt_ratio": null,
            "inventory_turnover_ratio": null,
            "account_receivable_turnover_ratio": null,
            "reinvestment_rate": null,
            "research_to_sale_ratio": null,
            "price_fair": 0,
            "eps_avg_yearly": 0,
            "eps_latest_yearly": 0,
            "eps_growth_yearly": 0
        },
        "20061": {
            "year_quarter": 20061,
            "year": 2006,
            "quarter": 1,
            "eps": null,
            "eps_growth_year": null,
            "eps_4q": null,
            "eps_4q_growth_year": null,
            "roe": null,
            "gross_profit": null,
            "gross_margin": null,
            "net_income": null,
            "revenue": null,
            "common_shares": null,
            "equity": null,
            "current_ratio": null,
            "debt_ratio": null,
            "inventory_turnover_ratio": null,
            "account_receivable_turnover_ratio": null,
            "reinvestment_rate": null,
            "research_to_sale_ratio": null,
            "price_fair": 0,
            "eps_avg_yearly": 0,
            "eps_latest_yearly": 0,
            "eps_growth_yearly": 0
        },
        "20062": {
            "year_quarter": 20062,
            "year": 2006,
            "quarter": 2,
            "eps": null,
            "eps_growth_year": null,
            "eps_4q": null,
            "eps_4q_growth_year": null,
            "roe": null,
            "gross_profit": null,
            "gross_margin": null,
            "net_income": null,
            "revenue": null,
            "common_shares": null,
            "equity": null,
            "current_ratio": null,
            "debt_ratio": null,
            "inventory_turnover_ratio": null,
            "account_receivable_turnover_ratio": null,
            "reinvestment_rate": null,
            "research_to_sale_ratio": null,
            "price_fair": 0,
            "eps_avg_yearly": 0,
            "eps_latest_yearly": 0,
            "eps_growth_yearly": 0
        },
        "20063": {
            "year_quarter": 20063,
            "year": 2006,
            "quarter": 3,
            "eps": null,
            "eps_growth_year": null,
            "eps_4q": null,
            "eps_4q_growth_year": null,
            "roe": null,
            "gross_profit": null,
            "gross_margin": null,
            "net_income": null,
            "revenue": null,
            "common_shares": null,
            "equity": null,
            "current_ratio": null,
            "debt_ratio": null,
            "inventory_turnover_ratio": null,
            "account_receivable_turnover_ratio": null,
            "reinvestment_rate": null,
            "research_to_sale_ratio": null,
            "price_fair": 0,
            "eps_avg_yearly": 0,
            "eps_latest_yearly": 0,
            "eps_growth_yearly": 0
        },
        "20064": {
            "year_quarter": 20064,
            "year": 2006,
            "quarter": 4,
            "eps": null,
            "eps_growth_year": null,
            "eps_4q": null,
            "eps_4q_growth_year": null,
            "roe": null,
            "gross_profit": null,
            "gross_margin": null,
            "net_income": null,
            "revenue": null,
            "common_shares": null,
            "equity": null,
            "current_ratio": null,
            "debt_ratio": null,
            "inventory_turnover_ratio": null,
            "account_receivable_turnover_ratio": null,
            "reinvestment_rate": null,
            "research_to_sale_ratio": null,
            "price_fair": 0,
            "eps_avg_yearly": 0,
            "eps_latest_yearly": 0,
            "eps_growth_yearly": 0
        },
        "20071": {
            "year_quarter": 20071,
            "year": 2007,
            "quarter": 1,
            "eps": null,
            "eps_growth_year": null,
            "eps_4q": null,
            "eps_4q_growth_year": null,
            "roe": null,
            "gross_profit": null,
            "gross_margin": null,
            "net_income": null,
            "revenue": null,
            "common_shares": null,
            "equity": null,
            "current_ratio": null,
            "debt_ratio": null,
            "inventory_turnover_ratio": null,
            "account_receivable_turnover_ratio": null,
            "reinvestment_rate": null,
            "research_to_sale_ratio": null,
            "price_fair": 0,
            "eps_avg_yearly": 0,
            "eps_latest_yearly": 0,
            "eps_growth_yearly": 0
        },
        "20072": {
            "year_quarter": 20072,
            "year": 2007,
            "quarter": 2,
            "eps": null,
            "eps_growth_year": null,
            "eps_4q": null,
            "eps_4q_growth_year": null,
            "roe": null,
            "gross_profit": null,
            "gross_margin": null,
            "net_income": null,
            "revenue": null,
            "common_shares": null,
            "equity": null,
            "current_ratio": null,
            "debt_ratio": null,
            "inventory_turnover_ratio": null,
            "account_receivable_turnover_ratio": null,
            "reinvestment_rate": null,
            "research_to_sale_ratio": null,
            "price_fair": 0,
            "eps_avg_yearly": 0,
            "eps_latest_yearly": 0,
            "eps_growth_yearly": 0
        },
        "20073": {
            "year_quarter": 20073,
            "year": 2007,
            "quarter": 3,
            "eps": null,
            "eps_growth_year": null,
            "eps_4q": null,
            "eps_4q_growth_year": null,
            "roe": null,
            "gross_profit": null,
            "gross_margin": null,
            "net_income": null,
            "revenue": null,
            "common_shares": null,
            "equity": null,
            "current_ratio": null,
            "debt_ratio": null,
            "inventory_turnover_ratio": null,
            "account_receivable_turnover_ratio": null,
            "reinvestment_rate": null,
            "research_to_sale_ratio": null,
            "price_fair": 0,
            "eps_avg_yearly": 0,
            "eps_latest_yearly": 0,
            "eps_growth_yearly": 0
        },
        "20074": {
            "year_quarter": 20074,
            "year": 2007,
            "quarter": 4,
            "eps": null,
            "eps_growth_year": null,
            "eps_4q": null,
            "eps_4q_growth_year": null,
            "roe": null,
            "gross_profit": null,
            "gross_margin": null,
            "net_income": null,
            "revenue": null,
            "common_shares": null,
            "equity": null,
            "current_ratio": null,
            "debt_ratio": null,
            "inventory_turnover_ratio": null,
            "account_receivable_turnover_ratio": null,
            "reinvestment_rate": null,
            "research_to_sale_ratio": null,
            "price_fair": 0,
            "eps_avg_yearly": 0,
            "eps_latest_yearly": 0,
            "eps_growth_yearly": 0
        },
        "20081": {
            "year_quarter": 20081,
            "year": 2008,
            "quarter": 1,
            "eps": null,
            "eps_growth_year": null,
            "eps_4q": null,
            "eps_4q_growth_year": null,
            "roe": null,
            "gross_profit": null,
            "gross_margin": null,
            "net_income": null,
            "revenue": null,
            "common_shares": null,
            "equity": null,
            "current_ratio": null,
            "debt_ratio": null,
            "inventory_turnover_ratio": null,
            "account_receivable_turnover_ratio": null,
            "reinvestment_rate": null,
            "research_to_sale_ratio": null,
            "price_fair": 0,
            "eps_avg_yearly": 0,
            "eps_latest_yearly": 0,
            "eps_growth_yearly": 0
        },
        "20082": {
            "year_quarter": 20082,
            "year": 2008,
            "quarter": 2,
            "eps": null,
            "eps_growth_year": null,
            "eps_4q": null,
            "eps_4q_growth_year": null,
            "roe": null,
            "gross_profit": null,
            "gross_margin": null,
            "net_income": null,
            "revenue": null,
            "common_shares": null,
            "equity": null,
            "current_ratio": null,
            "debt_ratio": null,
            "inventory_turnover_ratio": null,
            "account_receivable_turnover_ratio": null,
            "reinvestment_rate": null,
            "research_to_sale_ratio": null,
            "price_fair": 0,
            "eps_avg_yearly": 0,
            "eps_latest_yearly": 0,
            "eps_growth_yearly": 0
        },
        "20083": {
            "year_quarter": 20083,
            "year": 2008,
            "quarter": 3,
            "eps": null,
            "eps_growth_year": null,
            "eps_4q": null,
            "eps_4q_growth_year": null,
            "roe": null,
            "gross_profit": null,
            "gross_margin": null,
            "net_income": null,
            "revenue": null,
            "common_shares": null,
            "equity": null,
            "current_ratio": null,
            "debt_ratio": null,
            "inventory_turnover_ratio": null,
            "account_receivable_turnover_ratio": null,
            "reinvestment_rate": null,
            "research_to_sale_ratio": null,
            "price_fair": 0,
            "eps_avg_yearly": 0,
            "eps_latest_yearly": 0,
            "eps_growth_yearly": 0
        },
        "20084": {
            "year_quarter": 20084,
            "year": 2008,
            "quarter": 4,
            "eps": null,
            "eps_growth_year": null,
            "eps_4q": null,
            "eps_4q_growth_year": null,
            "roe": null,
            "gross_profit": null,
            "gross_margin": null,
            "net_income": null,
            "revenue": null,
            "common_shares": null,
            "equity": null,
            "current_ratio": null,
            "debt_ratio": null,
            "inventory_turnover_ratio": null,
            "account_receivable_turnover_ratio": null,
            "reinvestment_rate": null,
            "research_to_sale_ratio": null,
            "price_fair": 0,
            "eps_avg_yearly": 0,
            "eps_latest_yearly": 0,
            "eps_growth_yearly": 0
        },
        "20091": {
            "year_quarter": 20091,
            "year": 2009,
            "quarter": 1,
            "eps": null,
            "eps_growth_year": null,
            "eps_4q": null,
            "eps_4q_growth_year": null,
            "roe": null,
            "gross_profit": null,
            "gross_margin": null,
            "net_income": null,
            "revenue": null,
            "common_shares": null,
            "equity": null,
            "current_ratio": null,
            "debt_ratio": null,
            "inventory_turnover_ratio": null,
            "account_receivable_turnover_ratio": null,
            "reinvestment_rate": null,
            "research_to_sale_ratio": null,
            "price_fair": 0,
            "eps_avg_yearly": 0,
            "eps_latest_yearly": 0,
            "eps_growth_yearly": 0
        },
        "20092": {
            "year_quarter": 20092,
            "year": 2009,
            "quarter": 2,
            "eps": null,
            "eps_growth_year": null,
            "eps_4q": null,
            "eps_4q_growth_year": null,
            "roe": null,
            "gross_profit": null,
            "gross_margin": null,
            "net_income": null,
            "revenue": null,
            "common_shares": null,
            "equity": null,
            "current_ratio": null,
            "debt_ratio": null,
            "inventory_turnover_ratio": null,
            "account_receivable_turnover_ratio": null,
            "reinvestment_rate": null,
            "research_to_sale_ratio": null,
            "price_fair": 0,
            "eps_avg_yearly": 0,
            "eps_latest_yearly": 0,
            "eps_growth_yearly": 0
        },
        "20093": {
            "year_quarter": 20093,
            "year": 2009,
            "quarter": 3,
            "eps": null,
            "eps_growth_year": null,
            "eps_4q": null,
            "eps_4q_growth_year": null,
            "roe": null,
            "gross_profit": null,
            "gross_margin": null,
            "net_income": null,
            "revenue": null,
            "common_shares": null,
            "equity": null,
            "current_ratio": null,
            "debt_ratio": null,
            "inventory_turnover_ratio": null,
            "account_receivable_turnover_ratio": null,
            "reinvestment_rate": null,
            "research_to_sale_ratio": null,
            "price_fair": 0,
            "eps_avg_yearly": 0,
            "eps_latest_yearly": 0,
            "eps_growth_yearly": 0
        },
        "20094": {
            "year_quarter": 20094,
            "year": 2009,
            "quarter": 4,
            "eps": null,
            "eps_growth_year": null,
            "eps_4q": null,
            "eps_4q_growth_year": null,
            "roe": null,
            "gross_profit": null,
            "gross_margin": null,
            "net_income": null,
            "revenue": null,
            "common_shares": 600000,
            "equity": 805322,
            "current_ratio": 68.9,
            "debt_ratio": 70.76,
            "inventory_turnover_ratio": null,
            "account_receivable_turnover_ratio": null,
            "reinvestment_rate": null,
            "research_to_sale_ratio": null,
            "price_fair": 0,
            "eps_avg_yearly": 0,
            "eps_latest_yearly": 0,
            "eps_growth_yearly": 0
        },
        "20101": {
            "year_quarter": 20101,
            "year": 2010,
            "quarter": 1,
            "eps": null,
            "eps_growth_year": null,
            "eps_4q": null,
            "eps_4q_growth_year": null,
            "roe": null,
            "gross_profit": null,
            "gross_margin": null,
            "net_income": null,
            "revenue": null,
            "common_shares": null,
            "equity": null,
            "current_ratio": null,
            "debt_ratio": null,
            "inventory_turnover_ratio": null,
            "account_receivable_turnover_ratio": null,
            "reinvestment_rate": null,
            "research_to_sale_ratio": null,
            "price_fair": 0,
            "eps_avg_yearly": 0,
            "eps_latest_yearly": 0,
            "eps_growth_yearly": 0
        },
        "20102": {
            "year_quarter": 20102,
            "year": 2010,
            "quarter": 2,
            "eps": null,
            "eps_growth_year": null,
            "eps_4q": null,
            "eps_4q_growth_year": null,
            "roe": null,
            "gross_profit": null,
            "gross_margin": null,
            "net_income": null,
            "revenue": null,
            "common_shares": null,
            "equity": null,
            "current_ratio": null,
            "debt_ratio": null,
            "inventory_turnover_ratio": null,
            "account_receivable_turnover_ratio": null,
            "reinvestment_rate": null,
            "research_to_sale_ratio": null,
            "price_fair": 0,
            "eps_avg_yearly": 0,
            "eps_latest_yearly": 0,
            "eps_growth_yearly": 0
        },
        "20103": {
            "year_quarter": 20103,
            "year": 2010,
            "quarter": 3,
            "eps": null,
            "eps_growth_year": null,
            "eps_4q": null,
            "eps_4q_growth_year": null,
            "roe": null,
            "gross_profit": null,
            "gross_margin": null,
            "net_income": null,
            "revenue": null,
            "common_shares": null,
            "equity": null,
            "current_ratio": null,
            "debt_ratio": null,
            "inventory_turnover_ratio": null,
            "account_receivable_turnover_ratio": null,
            "reinvestment_rate": null,
            "research_to_sale_ratio": null,
            "price_fair": 0,
            "eps_avg_yearly": 0,
            "eps_latest_yearly": 0,
            "eps_growth_yearly": 0
        },
        "20104": {
            "year_quarter": 20104,
            "year": 2010,
            "quarter": 4,
            "eps": null,
            "eps_growth_year": null,
            "eps_4q": null,
            "eps_4q_growth_year": null,
            "roe": null,
            "gross_profit": null,
            "gross_margin": null,
            "net_income": null,
            "revenue": null,
            "common_shares": 1053036,
            "equity": 2101544,
            "current_ratio": 146.53,
            "debt_ratio": 45.8,
            "inventory_turnover_ratio": null,
            "account_receivable_turnover_ratio": null,
            "reinvestment_rate": null,
            "research_to_sale_ratio": null,
            "price_fair": 0,
            "eps_avg_yearly": 0,
            "eps_latest_yearly": 0,
            "eps_growth_yearly": 0
        },
        "20111": {
            "year_quarter": 20111,
            "year": 2011,
            "quarter": 1,
            "eps": null,
            "eps_growth_year": null,
            "eps_4q": null,
            "eps_4q_growth_year": null,
            "roe": null,
            "gross_profit": null,
            "gross_margin": null,
            "net_income": null,
            "revenue": null,
            "common_shares": null,
            "equity": null,
            "current_ratio": null,
            "debt_ratio": null,
            "inventory_turnover_ratio": null,
            "account_receivable_turnover_ratio": null,
            "reinvestment_rate": null,
            "research_to_sale_ratio": null,
            "price_fair": 0,
            "eps_avg_yearly": 0,
            "eps_latest_yearly": 0,
            "eps_growth_yearly": 0
        },
        "20112": {
            "year_quarter": 20112,
            "year": 2011,
            "quarter": 2,
            "eps": null,
            "eps_growth_year": null,
            "eps_4q": null,
            "eps_4q_growth_year": null,
            "roe": null,
            "gross_profit": null,
            "gross_margin": null,
            "net_income": null,
            "revenue": null,
            "common_shares": 0,
            "equity": 0,
            "current_ratio": null,
            "debt_ratio": null,
            "inventory_turnover_ratio": null,
            "account_receivable_turnover_ratio": null,
            "reinvestment_rate": null,
            "research_to_sale_ratio": null,
            "price_fair": 0,
            "eps_avg_yearly": 0,
            "eps_latest_yearly": 0,
            "eps_growth_yearly": 0
        },
        "20113": {
            "year_quarter": 20113,
            "year": 2011,
            "quarter": 3,
            "eps": null,
            "eps_growth_year": null,
            "eps_4q": null,
            "eps_4q_growth_year": null,
            "roe": null,
            "gross_profit": 185979,
            "gross_margin": null,
            "net_income": 185280,
            "revenue": 199283,
            "common_shares": 1081036,
            "equity": 2644493,
            "current_ratio": 338.06,
            "debt_ratio": 1.92,
            "inventory_turnover_ratio": null,
            "account_receivable_turnover_ratio": null,
            "reinvestment_rate": null,
            "research_to_sale_ratio": null,
            "price_fair": 0,
            "eps_avg_yearly": 0,
            "eps_latest_yearly": 0,
            "eps_growth_yearly": 0
        },
        "20114": {
            "year_quarter": 20114,
            "year": 2011,
            "quarter": 4,
            "eps": null,
            "eps_growth_year": null,
            "eps_4q": null,
            "eps_4q_growth_year": null,
            "roe": null,
            "gross_profit": 923272,
            "gross_margin": null,
            "net_income": 585711,
            "revenue": 1995368,
            "common_shares": 1081036,
            "equity": 2895726,
            "current_ratio": 116.06,
            "debt_ratio": 46.83,
            "inventory_turnover_ratio": null,
            "account_receivable_turnover_ratio": null,
            "reinvestment_rate": null,
            "research_to_sale_ratio": null,
            "price_fair": 0,
            "eps_avg_yearly": 0,
            "eps_latest_yearly": 0,
            "eps_growth_yearly": 0
        },
        "20121": {
            "year_quarter": 20121,
            "year": 2012,
            "quarter": 1,
            "eps": null,
            "eps_growth_year": null,
            "eps_4q": null,
            "eps_4q_growth_year": null,
            "roe": null,
            "gross_profit": 98005,
            "gross_margin": null,
            "net_income": 39246,
            "revenue": 343201,
            "common_shares": 1081036,
            "equity": 2903425,
            "current_ratio": null,
            "debt_ratio": null,
            "inventory_turnover_ratio": null,
            "account_receivable_turnover_ratio": null,
            "reinvestment_rate": null,
            "research_to_sale_ratio": null,
            "price_fair": 0,
            "eps_avg_yearly": 0,
            "eps_latest_yearly": 0,
            "eps_growth_yearly": 0
        },
        "20122": {
            "year_quarter": 20122,
            "year": 2012,
            "quarter": 2,
            "eps": null,
            "eps_growth_year": null,
            "eps_4q": null,
            "eps_4q_growth_year": null,
            "roe": null,
            "gross_profit": 253522,
            "gross_margin": null,
            "net_income": 109903,
            "revenue": 495040,
            "common_shares": 1081036,
            "equity": 2602071,
            "current_ratio": 93.43,
            "debt_ratio": 52.61,
            "inventory_turnover_ratio": null,
            "account_receivable_turnover_ratio": null,
            "reinvestment_rate": null,
            "research_to_sale_ratio": null,
            "price_fair": 0,
            "eps_avg_yearly": 0,
            "eps_latest_yearly": 0,
            "eps_growth_yearly": 0
        },
        "20123": {
            "year_quarter": 20123,
            "year": 2012,
            "quarter": 3,
            "eps": 1.16,
            "eps_growth_year": null,
            "eps_4q": 1.16,
            "eps_4q_growth_year": null,
            "roe": 4.7,
            "gross_profit": 190123,
            "gross_margin": 44.62,
            "net_income": 125183,
            "revenue": 426063,
            "common_shares": 1081036,
            "equity": 2729012,
            "current_ratio": 85.17,
            "debt_ratio": 53.01,
            "inventory_turnover_ratio": 0.68,
            "account_receivable_turnover_ratio": 0.94,
            "reinvestment_rate": null,
            "research_to_sale_ratio": null,
            "price_fair": 0,
            "eps_avg_yearly": 0,
            "eps_latest_yearly": 0,
            "eps_growth_yearly": 0
        },
        "20124": {
            "year_quarter": 20124,
            "year": 2012,
            "quarter": 4,
            "eps": 1.3,
            "eps_growth_year": null,
            "eps_4q": 2.35,
            "eps_4q_growth_year": null,
            "roe": 4.76,
            "gross_profit": 292174,
            "gross_margin": 40.28,
            "net_income": 156062,
            "revenue": 725366,
            "common_shares": 1200000,
            "equity": 3834207,
            "current_ratio": 135.59,
            "debt_ratio": 42.56,
            "inventory_turnover_ratio": 1.15,
            "account_receivable_turnover_ratio": 1.17,
            "reinvestment_rate": null,
            "research_to_sale_ratio": null,
            "price_fair": 182,
            "eps_avg_yearly": 5.2,
            "eps_latest_yearly": 5.2,
            "eps_growth_yearly": 48.28
        },
        "20131": {
            "year_quarter": 20131,
            "year": 2013,
            "quarter": 1,
            "eps": 0.04,
            "eps_growth_year": null,
            "eps_4q": 2.39,
            "eps_4q_growth_year": null,
            "roe": 0.11,
            "gross_profit": 67312,
            "gross_margin": 18.26,
            "net_income": 4090,
            "revenue": 368644,
            "common_shares": 1200000,
            "equity": 3833110,
            "current_ratio": 150.11,
            "debt_ratio": 39.98,
            "inventory_turnover_ratio": 0.97,
            "account_receivable_turnover_ratio": 0.59,
            "reinvestment_rate": null,
            "research_to_sale_ratio": null,
            "price_fair": 8.04,
            "eps_avg_yearly": 2.68,
            "eps_latest_yearly": 0.16,
            "eps_growth_yearly": -169.71
        },
        "20132": {
            "year_quarter": 20132,
            "year": 2013,
            "quarter": 2,
            "eps": 0.73,
            "eps_growth_year": null,
            "eps_4q": 3.12,
            "eps_4q_growth_year": null,
            "roe": 2.34,
            "gross_profit": 163284,
            "gross_margin": 40.89,
            "net_income": 86600,
            "revenue": 399373,
            "common_shares": 1200000,
            "equity": 3570285,
            "current_ratio": 128.92,
            "debt_ratio": 45.73,
            "inventory_turnover_ratio": 0.55,
            "account_receivable_turnover_ratio": 0.81,
            "reinvestment_rate": null,
            "research_to_sale_ratio": null,
            "price_fair": 96.6,
            "eps_avg_yearly": 2.76,
            "eps_latest_yearly": 2.92,
            "eps_growth_yearly": 2186.86
        },
        "20133": {
            "year_quarter": 20133,
            "year": 2013,
            "quarter": 3,
            "eps": 1,
            "eps_growth_year": -13.82,
            "eps_4q": 2.85,
            "eps_4q_growth_year": 145.44,
            "roe": 2.93,
            "gross_profit": 216206,
            "gross_margin": 33.24,
            "net_income": 118940,
            "revenue": 650355,
            "common_shares": 1300000,
            "equity": 4561098,
            "current_ratio": 256.89,
            "debt_ratio": 35.1,
            "inventory_turnover_ratio": 1.01,
            "account_receivable_turnover_ratio": 1.15,
            "reinvestment_rate": null,
            "research_to_sale_ratio": null,
            "price_fair": 107.45,
            "eps_avg_yearly": 3.07,
            "eps_latest_yearly": 4,
            "eps_growth_yearly": 1677.13
        },
        "20134": {
            "year_quarter": 20134,
            "year": 2013,
            "quarter": 4,
            "eps": 0.64,
            "eps_growth_year": -50.96,
            "eps_4q": 2.28,
            "eps_4q_growth_year": -2.83,
            "roe": 1.78,
            "gross_profit": 192147,
            "gross_margin": 29.81,
            "net_income": 82041,
            "revenue": 644619,
            "common_shares": 1300000,
            "equity": 4663115,
            "current_ratio": 178.08,
            "debt_ratio": 32.17,
            "inventory_turnover_ratio": 1.33,
            "account_receivable_turnover_ratio": 1.06,
            "reinvestment_rate": null,
            "research_to_sale_ratio": null,
            "price_fair": 103.88,
            "eps_avg_yearly": 2.97,
            "eps_latest_yearly": 2.56,
            "eps_growth_yearly": 1312.91
        },
        "20141": {
            "year_quarter": 20141,
            "year": 2014,
            "quarter": 1,
            "eps": 0.28,
            "eps_growth_year": 600,
            "eps_4q": 2.53,
            "eps_4q_growth_year": 5.66,
            "roe": 0.77,
            "gross_profit": 109594,
            "gross_margin": 25.94,
            "net_income": 35903,
            "revenue": 422474,
            "common_shares": 1300000,
            "equity": 4706933,
            "current_ratio": 188.48,
            "debt_ratio": 34.76,
            "inventory_turnover_ratio": 0.9,
            "account_receivable_turnover_ratio": 0.76,
            "reinvestment_rate": null,
            "research_to_sale_ratio": null,
            "price_fair": 93.1,
            "eps_avg_yearly": 2.66,
            "eps_latest_yearly": 1.12,
            "eps_growth_yearly": 1056.59
        },
        "20142": {
            "year_quarter": 20142,
            "year": 2014,
            "quarter": 2,
            "eps": 0.66,
            "eps_growth_year": -9.59,
            "eps_4q": 2.51,
            "eps_4q_growth_year": -19.81,
            "roe": 1.81,
            "gross_profit": 149415,
            "gross_margin": 28.61,
            "net_income": 84725,
            "revenue": 522179,
            "common_shares": 1300000,
            "equity": 4636694,
            "current_ratio": 142.07,
            "debt_ratio": 39.7,
            "inventory_turnover_ratio": 0.96,
            "account_receivable_turnover_ratio": 0.95,
            "reinvestment_rate": null,
            "research_to_sale_ratio": null,
            "price_fair": 93,
            "eps_avg_yearly": 2.66,
            "eps_latest_yearly": 2.64,
            "eps_growth_yearly": 983.2
        },
        "20143": {
            "year_quarter": 20143,
            "year": 2014,
            "quarter": 3,
            "eps": 0.28,
            "eps_growth_year": -72,
            "eps_4q": 1.86,
            "eps_4q_growth_year": -34.85,
            "roe": 0.79,
            "gross_profit": 134308,
            "gross_margin": 32.71,
            "net_income": 36415,
            "revenue": 410647,
            "common_shares": 1302643,
            "equity": 4636062,
            "current_ratio": 151.89,
            "debt_ratio": 38.77,
            "inventory_turnover_ratio": 0.57,
            "account_receivable_turnover_ratio": 0.78,
            "reinvestment_rate": null,
            "research_to_sale_ratio": null,
            "price_fair": 86.28,
            "eps_avg_yearly": 2.47,
            "eps_latest_yearly": 1.12,
            "eps_growth_yearly": 831.51
        },
        "20144": {
            "year_quarter": 20144,
            "year": 2014,
            "quarter": 4,
            "eps": 0.82,
            "eps_growth_year": 28.57,
            "eps_4q": 2.04,
            "eps_4q_growth_year": -10.71,
            "roe": 2.29,
            "gross_profit": 213432,
            "gross_margin": 29.01,
            "net_income": 106750,
            "revenue": 735726,
            "common_shares": 1303460,
            "equity": 4690544,
            "current_ratio": 168.97,
            "debt_ratio": 38.37,
            "inventory_turnover_ratio": 1.14,
            "account_receivable_turnover_ratio": 1.24,
            "reinvestment_rate": null,
            "research_to_sale_ratio": null,
            "price_fair": 89.44,
            "eps_avg_yearly": 2.56,
            "eps_latest_yearly": 3.28,
            "eps_growth_yearly": 824.83
        },
        "20151": {
            "year_quarter": 20151,
            "year": 2015,
            "quarter": 1,
            "eps": -0.31,
            "eps_growth_year": -210.71,
            "eps_4q": 1.45,
            "eps_4q_growth_year": -42.54,
            "roe": -1.16,
            "gross_profit": 77689,
            "gross_margin": 25.42,
            "net_income": -56221,
            "revenue": 305597,
            "common_shares": 1303733,
            "equity": 4974835,
            "current_ratio": 98.26,
            "debt_ratio": 47.16,
            "inventory_turnover_ratio": 0.47,
            "account_receivable_turnover_ratio": 0.43,
            "reinvestment_rate": null,
            "research_to_sale_ratio": null,
            "price_fair": 89.44,
            "eps_avg_yearly": 2.56,
            "eps_latest_yearly": 3.28,
            "eps_growth_yearly": 824.83
        },
        "20152": {
            "year_quarter": 20152,
            "year": 2015,
            "quarter": 2,
            "eps": 0.78,
            "eps_growth_year": 18.18,
            "eps_4q": 1.57,
            "eps_4q_growth_year": -37.27,
            "roe": 2.15,
            "gross_profit": 238540,
            "gross_margin": 32.97,
            "net_income": 105205,
            "revenue": 723542,
            "common_shares": 1303833,
            "equity": 4818650,
            "current_ratio": 91.62,
            "debt_ratio": 49.04,
            "inventory_turnover_ratio": 0.91,
            "account_receivable_turnover_ratio": 0.9,
            "reinvestment_rate": 273.33,
            "research_to_sale_ratio": null,
            "price_fair": 89.44,
            "eps_avg_yearly": 2.56,
            "eps_latest_yearly": 3.28,
            "eps_growth_yearly": 824.83
        },
        "20153": {
            "year_quarter": 20153,
            "year": 2015,
            "quarter": 3,
            "eps": 0.52,
            "eps_growth_year": 85.71,
            "eps_4q": 1.81,
            "eps_4q_growth_year": -2.65,
            "roe": 1.47,
            "gross_profit": 197913,
            "gross_margin": 33.09,
            "net_income": 71516,
            "revenue": 598054,
            "common_shares": 1304098,
            "equity": 4924590,
            "current_ratio": 123.2,
            "debt_ratio": 47.38,
            "inventory_turnover_ratio": 0.86,
            "account_receivable_turnover_ratio": 0.64,
            "reinvestment_rate": 288.75,
            "research_to_sale_ratio": null,
            "price_fair": 87.78,
            "eps_avg_yearly": 2.51,
            "eps_latest_yearly": 2.08,
            "eps_growth_yearly": 729.02
        },
        "20154": {
            "year_quarter": 20154,
            "year": 2015,
            "quarter": 4,
            "eps": 0.7,
            "eps_growth_year": -14.58,
            "eps_4q": 1.62,
            "eps_4q_growth_year": -20.48,
            "roe": 1.95,
            "gross_profit": 245587,
            "gross_margin": 31.97,
            "net_income": 102187,
            "revenue": 768138,
            "common_shares": 1397028,
            "equity": 5566189,
            "current_ratio": 377.71,
            "debt_ratio": 43.82,
            "inventory_turnover_ratio": 1.37,
            "account_receivable_turnover_ratio": 0.75,
            "reinvestment_rate": -85.32,
            "research_to_sale_ratio": null,
            "price_fair": 88.71,
            "eps_avg_yearly": 2.53,
            "eps_latest_yearly": 2.8,
            "eps_growth_yearly": 675.33
        },
        "20161": {
            "year_quarter": 20161,
            "year": 2016,
            "quarter": 1,
            "eps": 0.03,
            "eps_growth_year": null,
            "eps_4q": 1.94,
            "eps_4q_growth_year": 33.8,
            "roe": 0.16,
            "gross_profit": 108736,
            "gross_margin": 30.15,
            "net_income": 9128,
            "revenue": 360596,
            "common_shares": 1397238,
            "equity": 5548026,
            "current_ratio": 305.99,
            "debt_ratio": 43.16,
            "inventory_turnover_ratio": 0.81,
            "account_receivable_turnover_ratio": 0.38,
            "reinvestment_rate": 147.22,
            "research_to_sale_ratio": null,
            "price_fair": 81.67,
            "eps_avg_yearly": 2.33,
            "eps_latest_yearly": 0.12,
            "eps_growth_yearly": 587.15
        },
        "20162": {
            "year_quarter": 20162,
            "year": 2016,
            "quarter": 2,
            "eps": 0.11,
            "eps_growth_year": -85.9,
            "eps_4q": 1.32,
            "eps_4q_growth_year": -15.77,
            "roe": 0.24,
            "gross_profit": 129235,
            "gross_margin": 20.22,
            "net_income": 12326,
            "revenue": 639261,
            "common_shares": 1397338,
            "equity": 4841190,
            "current_ratio": 219.05,
            "debt_ratio": 49.48,
            "inventory_turnover_ratio": 1.68,
            "account_receivable_turnover_ratio": 0.8,
            "reinvestment_rate": -133.32,
            "research_to_sale_ratio": null,
            "price_fair": 76.57,
            "eps_avg_yearly": 2.19,
            "eps_latest_yearly": 0.44,
            "eps_growth_yearly": 624.03
        },
        "20163": {
            "year_quarter": 20163,
            "year": 2016,
            "quarter": 3,
            "eps": 0.11,
            "eps_growth_year": -78.85,
            "eps_4q": 0.95,
            "eps_4q_growth_year": -47.52,
            "roe": 0.31,
            "gross_profit": 123561,
            "gross_margin": 31.12,
            "net_income": 14775,
            "revenue": 397110,
            "common_shares": 1397938,
            "equity": 4816374,
            "current_ratio": 257.05,
            "debt_ratio": 49.22,
            "inventory_turnover_ratio": 0.81,
            "account_receivable_turnover_ratio": 0.5,
            "reinvestment_rate": -199.38,
            "research_to_sale_ratio": null,
            "price_fair": 72.2,
            "eps_avg_yearly": 2.06,
            "eps_latest_yearly": 0.44,
            "eps_growth_yearly": 579.46
        },
        "20164": {
            "year_quarter": 20164,
            "year": 2016,
            "quarter": 4,
            "eps": 0.89,
            "eps_growth_year": 26.77,
            "eps_4q": 1.14,
            "eps_4q_growth_year": -29.91,
            "roe": 2.54,
            "gross_profit": 258079,
            "gross_margin": 31.93,
            "net_income": 124375,
            "revenue": 808239,
            "common_shares": 1398478,
            "equity": 4969465,
            "current_ratio": 114.47,
            "debt_ratio": 49.21,
            "inventory_turnover_ratio": 1.88,
            "account_receivable_turnover_ratio": 1.03,
            "reinvestment_rate": -221,
            "research_to_sale_ratio": null,
            "price_fair": 68.1,
            "eps_avg_yearly": 1.95,
            "eps_latest_yearly": 3.56,
            "eps_growth_yearly": 778.61
        },
        "20171": {
            "year_quarter": 20171,
            "year": 2017,
            "quarter": 1,
            "eps": 0.52,
            "eps_growth_year": 1633.33,
            "eps_4q": 1.62,
            "eps_4q_growth_year": -16.49,
            "roe": 1.45,
            "gross_profit": 185101,
            "gross_margin": 32.31,
            "net_income": 72148,
            "revenue": 572962,
            "common_shares": 1398558,
            "equity": 4984466,
            "current_ratio": 111.93,
            "debt_ratio": 48.82,
            "inventory_turnover_ratio": 1.89,
            "account_receivable_turnover_ratio": 0.67,
            "reinvestment_rate": 95.69,
            "research_to_sale_ratio": null,
            "price_fair": 72.9,
            "eps_avg_yearly": 2.08,
            "eps_latest_yearly": 2.08,
            "eps_growth_yearly": 794.42
        },
        "20172": {
            "year_quarter": 20172,
            "year": 2017,
            "quarter": 2,
            "eps": 0.15,
            "eps_growth_year": 36.36,
            "eps_4q": 1.66,
            "eps_4q_growth_year": 25.53,
            "roe": 0.41,
            "gross_profit": 149324,
            "gross_margin": 32.18,
            "net_income": 20105,
            "revenue": 464092,
            "common_shares": 1398708,
            "equity": 4857746,
            "current_ratio": 105.72,
            "debt_ratio": 52.85,
            "inventory_turnover_ratio": 1.55,
            "account_receivable_turnover_ratio": 0.53,
            "reinvestment_rate": 101.84,
            "research_to_sale_ratio": null,
            "price_fair": 67.1,
            "eps_avg_yearly": 1.92,
            "eps_latest_yearly": 0.6,
            "eps_growth_yearly": 281.24
        },
        "20173": {
            "year_quarter": 20173,
            "year": 2017,
            "quarter": 3,
            "eps": 0.16,
            "eps_growth_year": 45.45,
            "eps_4q": 1.72,
            "eps_4q_growth_year": 80.9,
            "roe": 0.47,
            "gross_profit": 156635,
            "gross_margin": 33.91,
            "net_income": 22526,
            "revenue": 461940,
            "common_shares": 1399136,
            "equity": 4817958,
            "current_ratio": 95.01,
            "debt_ratio": 53.03,
            "inventory_turnover_ratio": 1.22,
            "account_receivable_turnover_ratio": 0.61,
            "reinvestment_rate": 87.51,
            "research_to_sale_ratio": null,
            "price_fair": 58.7,
            "eps_avg_yearly": 1.68,
            "eps_latest_yearly": 0.64,
            "eps_growth_yearly": 272.57
        },
        "20174": {
            "year_quarter": 20174,
            "year": 2017,
            "quarter": 4,
            "eps": -1.44,
            "eps_growth_year": -262.19,
            "eps_4q": -0.62,
            "eps_4q_growth_year": -154.52,
            "roe": -4.19,
            "gross_profit": 197593,
            "gross_margin": 31.97,
            "net_income": -204065,
            "revenue": 618122,
            "common_shares": 1399136,
            "equity": 4914437,
            "current_ratio": 168.65,
            "debt_ratio": 53.61,
            "inventory_turnover_ratio": 1.45,
            "account_receivable_turnover_ratio": 0.84,
            "reinvestment_rate": 143.18,
            "research_to_sale_ratio": null,
            "price_fair": 56.32,
            "eps_avg_yearly": 1.61,
            "eps_latest_yearly": 0.64,
            "eps_growth_yearly": 304.62
        },
        "20181": {
            "year_quarter": 20181,
            "year": 2018,
            "quarter": 1,
            "eps": 0.12,
            "eps_growth_year": -76.92,
            "eps_4q": -1.01,
            "eps_4q_growth_year": -162.46,
            "roe": 0.34,
            "gross_profit": 125947,
            "gross_margin": 31.16,
            "net_income": 16680,
            "revenue": 404255,
            "common_shares": 1399136,
            "equity": 4901557,
            "current_ratio": 160.91,
            "debt_ratio": 52.8,
            "inventory_turnover_ratio": 0.91,
            "account_receivable_turnover_ratio": 0.58,
            "reinvestment_rate": 28.34,
            "research_to_sale_ratio": null,
            "price_fair": 57.75,
            "eps_avg_yearly": 1.65,
            "eps_latest_yearly": 0.64,
            "eps_growth_yearly": 348.75
        },
        "20182": {
            "year_quarter": 20182,
            "year": 2018,
            "quarter": 2,
            "eps": 0.88,
            "eps_growth_year": 486.67,
            "eps_4q": -0.28,
            "eps_4q_growth_year": -116.9,
            "roe": 2.49,
            "gross_profit": 219691,
            "gross_margin": 30.99,
            "net_income": 122249,
            "revenue": 708871,
            "common_shares": 1399136,
            "equity": 4928986,
            "current_ratio": 149.97,
            "debt_ratio": 54.96,
            "inventory_turnover_ratio": 1.46,
            "account_receivable_turnover_ratio": 1.03,
            "reinvestment_rate": -37.31,
            "research_to_sale_ratio": null,
            "price_fair": 60.32,
            "eps_avg_yearly": 1.72,
            "eps_latest_yearly": 3.52,
            "eps_growth_yearly": 514.63
        },
        "20183": {
            "year_quarter": 20183,
            "year": 2018,
            "quarter": 3,
            "eps": 0.71,
            "eps_growth_year": 343.75,
            "eps_4q": 0.27,
            "eps_4q_growth_year": -84.45,
            "roe": 1.97,
            "gross_profit": 226682,
            "gross_margin": 30.98,
            "net_income": 97644,
            "revenue": 731719,
            "common_shares": 1399136,
            "equity": 4969363,
            "current_ratio": 144.11,
            "debt_ratio": 53.86,
            "inventory_turnover_ratio": 1.31,
            "account_receivable_turnover_ratio": 0.93,
            "reinvestment_rate": -29.92,
            "research_to_sale_ratio": null,
            "price_fair": 65.33,
            "eps_avg_yearly": 1.87,
            "eps_latest_yearly": 2.84,
            "eps_growth_yearly": 527.38
        },
        "20184": {
            "year_quarter": 20184,
            "year": 2018,
            "quarter": 4,
            "eps": 0.61,
            "eps_growth_year": null,
            "eps_4q": 2.33,
            "eps_4q_growth_year": null,
            "roe": 1.61,
            "gross_profit": 158466,
            "gross_margin": 23.92,
            "net_income": 81256,
            "revenue": 662621,
            "common_shares": 1399136,
            "equity": 5133519,
            "current_ratio": 236.84,
            "debt_ratio": 52.68,
            "inventory_turnover_ratio": 1.11,
            "account_receivable_turnover_ratio": 0.83,
            "reinvestment_rate": -41.93,
            "research_to_sale_ratio": null,
            "price_fair": 62.88,
            "eps_avg_yearly": 1.8,
            "eps_latest_yearly": 2.44,
            "eps_growth_yearly": 458.4
        },
        "20191": {
            "year_quarter": 20191,
            "year": 2019,
            "quarter": 1,
            "eps": 0.43,
            "eps_growth_year": 258.33,
            "eps_4q": 2.63,
            "eps_4q_growth_year": null,
            "roe": 1.13,
            "gross_profit": 144863,
            "gross_margin": 22.99,
            "net_income": 58215,
            "revenue": 630110,
            "common_shares": 1399136,
            "equity": 5199937,
            "current_ratio": 172.12,
            "debt_ratio": 52.95,
            "inventory_turnover_ratio": 0.82,
            "account_receivable_turnover_ratio": 0.84,
            "reinvestment_rate": -39,
            "research_to_sale_ratio": 0.57,
            "price_fair": 62.68,
            "eps_avg_yearly": 1.79,
            "eps_latest_yearly": 1.72,
            "eps_growth_yearly": 414.06
        },
        "20192": {
            "year_quarter": 20192,
            "year": 2019,
            "quarter": 2,
            "eps": 0.75,
            "eps_growth_year": -14.77,
            "eps_4q": 2.49,
            "eps_4q_growth_year": null,
            "roe": 2,
            "gross_profit": 220324,
            "gross_margin": 28.74,
            "net_income": 102694,
            "revenue": 766703,
            "common_shares": 1403869,
            "equity": 5062670,
            "current_ratio": 148.75,
            "debt_ratio": 54.69,
            "inventory_turnover_ratio": 0.86,
            "account_receivable_turnover_ratio": 0.91,
            "reinvestment_rate": -46.87,
            "research_to_sale_ratio": 0.03,
            "price_fair": 65.7,
            "eps_avg_yearly": 1.88,
            "eps_latest_yearly": 3,
            "eps_growth_yearly": 405.74
        },
        "20193": {
            "year_quarter": 20193,
            "year": 2019,
            "quarter": 3,
            "eps": 1.1,
            "eps_growth_year": 54.93,
            "eps_4q": 2.86,
            "eps_4q_growth_year": 971.06,
            "roe": 2.97,
            "gross_profit": 261238,
            "gross_margin": 27.7,
            "net_income": 152850,
            "revenue": 943159,
            "common_shares": 1416335,
            "equity": 5244831,
            "current_ratio": 171.21,
            "debt_ratio": 51.61,
            "inventory_turnover_ratio": 1.38,
            "account_receivable_turnover_ratio": 0.92,
            "reinvestment_rate": -43.41,
            "research_to_sale_ratio": 0.08,
            "price_fair": 71.5,
            "eps_avg_yearly": 2.04,
            "eps_latest_yearly": 4.4,
            "eps_growth_yearly": 428.6
        },
        "20194": {
            "year_quarter": 20194,
            "year": 2019,
            "quarter": 4,
            "eps": 0.55,
            "eps_growth_year": -8.77,
            "eps_4q": 2.81,
            "eps_4q_growth_year": 20.69,
            "roe": 1.45,
            "gross_profit": 179577,
            "gross_margin": 29.44,
            "net_income": 76672,
            "revenue": 610080,
            "common_shares": 1416335,
            "equity": 5317339,
            "current_ratio": 115.1,
            "debt_ratio": 52.55,
            "inventory_turnover_ratio": 1.02,
            "account_receivable_turnover_ratio": 0.65,
            "reinvestment_rate": -14.3,
            "research_to_sale_ratio": 0.04,
            "price_fair": 70,
            "eps_avg_yearly": 2,
            "eps_latest_yearly": 2.2,
            "eps_growth_yearly": 404.43
        },
        "20201": {
            "year_quarter": 20201,
            "year": 2020,
            "quarter": 1,
            "eps": 0.51,
            "eps_growth_year": 18.6,
            "eps_4q": 2.89,
            "eps_4q_growth_year": 9.76,
            "roe": 1.31,
            "gross_profit": 183503,
            "gross_margin": 33.06,
            "net_income": 70202,
            "revenue": 555052,
            "common_shares": 1416335,
            "equity": 5370491,
            "current_ratio": 116.35,
            "debt_ratio": 51.88,
            "inventory_turnover_ratio": 0.86,
            "account_receivable_turnover_ratio": 0.75,
            "reinvestment_rate": -11.36,
            "research_to_sale_ratio": 1,
            "price_fair": 74.8,
            "eps_avg_yearly": 2.14,
            "eps_latest_yearly": 2.04,
            "eps_growth_yearly": 429.69
        },
        "20202": {
            "year_quarter": 20202,
            "year": 2020,
            "quarter": 2,
            "eps": 0.64,
            "eps_growth_year": -14.67,
            "eps_4q": 2.79,
            "eps_4q_growth_year": 12.12,
            "roe": 1.69,
            "gross_profit": 191759,
            "gross_margin": 30.3,
            "net_income": 89421,
            "revenue": 632765,
            "common_shares": 1418658,
            "equity": 5183247,
            "current_ratio": 129.2,
            "debt_ratio": 54.4,
            "inventory_turnover_ratio": 1.06,
            "account_receivable_turnover_ratio": 0.87,
            "reinvestment_rate": -35.48,
            "research_to_sale_ratio": 0.11,
            "price_fair": 80.1,
            "eps_avg_yearly": 2.29,
            "eps_latest_yearly": 2.56,
            "eps_growth_yearly": 360.79
        },
        "20203": {
            "year_quarter": 20203,
            "year": 2020,
            "quarter": 3,
            "eps": 1.08,
            "eps_growth_year": -1.82,
            "eps_4q": 2.63,
            "eps_4q_growth_year": -7.75,
            "roe": 2.85,
            "gross_profit": 267294,
            "gross_margin": 32.12,
            "net_income": 155505,
            "revenue": 832175,
            "common_shares": 1512899,
            "equity": 5739026,
            "current_ratio": 244.74,
            "debt_ratio": 54.69,
            "inventory_turnover_ratio": 1.52,
            "account_receivable_turnover_ratio": 0.96,
            "reinvestment_rate": 47.68,
            "research_to_sale_ratio": 0,
            "price_fair": 89.8,
            "eps_avg_yearly": 2.57,
            "eps_latest_yearly": 4.32,
            "eps_growth_yearly": 380.43
        },
        "20204": {
            "year_quarter": 20204,
            "year": 2020,
            "quarter": 4,
            "eps": 0.31,
            "eps_growth_year": -44.1,
            "eps_4q": 2.35,
            "eps_4q_growth_year": -16.44,
            "roe": 0.81,
            "gross_profit": 188154,
            "gross_margin": 35.17,
            "net_income": 47784,
            "revenue": 534919,
            "common_shares": 1570439,
            "equity": 6000001,
            "current_ratio": 330.86,
            "debt_ratio": 48.02,
            "inventory_turnover_ratio": 1.07,
            "account_receivable_turnover_ratio": 0.63,
            "reinvestment_rate": 39.66,
            "research_to_sale_ratio": 0,
            "price_fair": 84,
            "eps_avg_yearly": 2.4,
            "eps_latest_yearly": 1.24,
            "eps_growth_yearly": 157.46
        },
        "20211": {
            "year_quarter": 20211,
            "year": 2021,
            "quarter": 1,
            "eps": 0.67,
            "eps_growth_year": 31.37,
            "eps_4q": 2.56,
            "eps_4q_growth_year": -11.28,
            "roe": 1.74,
            "gross_profit": 220015,
            "gross_margin": 34.32,
            "net_income": 105058,
            "revenue": 641059,
            "common_shares": 1570674,
            "equity": 6102029,
            "current_ratio": 317.95,
            "debt_ratio": 47.74,
            "inventory_turnover_ratio": 1.54,
            "account_receivable_turnover_ratio": 0.89,
            "reinvestment_rate": 50.19,
            "research_to_sale_ratio": 0,
            "price_fair": 85.5,
            "eps_avg_yearly": 2.44,
            "eps_latest_yearly": 2.68,
            "eps_growth_yearly": 202.52
        },
        "20212": {
            "year_quarter": 20212,
            "year": 2021,
            "quarter": 2,
            "eps": 0.47,
            "eps_growth_year": -26.56,
            "eps_4q": 2.45,
            "eps_4q_growth_year": -12.17,
            "roe": 1.21,
            "gross_profit": 150970,
            "gross_margin": 34.08,
            "net_income": 73776,
            "revenue": 442987,
            "common_shares": 1572934,
            "equity": 6126999,
            "current_ratio": 330.11,
            "debt_ratio": 47.79,
            "inventory_turnover_ratio": 1.2,
            "account_receivable_turnover_ratio": 0.65,
            "reinvestment_rate": 49.01,
            "research_to_sale_ratio": 0,
            "price_fair": 88.7,
            "eps_avg_yearly": 2.53,
            "eps_latest_yearly": 1.88,
            "eps_growth_yearly": 214.32
        },
        "20213": {
            "year_quarter": 20213,
            "year": 2021,
            "quarter": 3,
            "eps": 0.43,
            "eps_growth_year": -60.19,
            "eps_4q": 1.88,
            "eps_4q_growth_year": -28.66,
            "roe": 1.12,
            "gross_profit": 190433,
            "gross_margin": 39.76,
            "net_income": 67190,
            "revenue": 478966,
            "common_shares": 1573276,
            "equity": 5883300,
            "current_ratio": 291.35,
            "debt_ratio": 49.1,
            "inventory_turnover_ratio": 0.85,
            "account_receivable_turnover_ratio": 0.71,
            "reinvestment_rate": 59.12,
            "research_to_sale_ratio": 0,
            "price_fair": 91.4,
            "eps_avg_yearly": 2.61,
            "eps_latest_yearly": 1.72,
            "eps_growth_yearly": 209.98
        },
        "20214": {
            "year_quarter": 20214,
            "year": 2021,
            "quarter": 4,
            "eps": 0.85,
            "eps_growth_year": 173.25,
            "eps_4q": 2.37,
            "eps_4q_growth_year": 0.92,
            "roe": 2.2,
            "gross_profit": 288063,
            "gross_margin": 32.86,
            "net_income": 134258,
            "revenue": 876552,
            "common_shares": 1610536,
            "equity": 6313857,
            "current_ratio": 254.6,
            "debt_ratio": 49.76,
            "inventory_turnover_ratio": 1.58,
            "account_receivable_turnover_ratio": 1.23,
            "reinvestment_rate": 53.4,
            "research_to_sale_ratio": 0,
            "price_fair": 93.24,
            "eps_avg_yearly": 2.66,
            "eps_latest_yearly": 3.4,
            "eps_growth_yearly": 222.03
        },
        "20221": {
            "year_quarter": 20221,
            "year": 2022,
            "quarter": 1,
            "eps": 0.37,
            "eps_growth_year": -44.78,
            "eps_4q": 2.09,
            "eps_4q_growth_year": -18.45,
            "roe": 1.21,
            "gross_profit": 207142,
            "gross_margin": 34.17,
            "net_income": 75001,
            "revenue": 606185,
            "common_shares": 1610841,
            "equity": 6078201,
            "current_ratio": 243.38,
            "debt_ratio": 51.25,
            "inventory_turnover_ratio": 1.07,
            "account_receivable_turnover_ratio": 0.82,
            "reinvestment_rate": 52.66,
            "research_to_sale_ratio": null,
            "price_fair": 90.65,
            "eps_avg_yearly": 2.59,
            "eps_latest_yearly": 1.48,
            "eps_growth_yearly": 194.04
        },
        "20222": {
            "year_quarter": 20222,
            "year": 2022,
            "quarter": 2,
            "eps": 0.69,
            "eps_growth_year": 46.81,
            "eps_4q": 2.32,
            "eps_4q_growth_year": -5.42,
            "roe": 1.92,
            "gross_profit": 201821,
            "gross_margin": 29.16,
            "net_income": 118019,
            "revenue": 692195,
            "common_shares": 1615349,
            "equity": 6205206,
            "current_ratio": 231.53,
            "debt_ratio": 51.37,
            "inventory_turnover_ratio": 1.07,
            "account_receivable_turnover_ratio": 0.95,
            "reinvestment_rate": 50.66,
            "research_to_sale_ratio": null,
            "price_fair": 88.99,
            "eps_avg_yearly": 2.54,
            "eps_latest_yearly": 2.76,
            "eps_growth_yearly": 57.33
        },
        "20223": {
            "year_quarter": 20223,
            "year": 2022,
            "quarter": 3,
            "eps": 0.63,
            "eps_growth_year": 46.51,
            "eps_4q": 2.53,
            "eps_4q_growth_year": 34.72,
            "roe": 1.72,
            "gross_profit": 263791,
            "gross_margin": 32.27,
            "net_income": 107750,
            "revenue": 817452,
            "common_shares": 1615431,
            "equity": 6320824,
            "current_ratio": 294.94,
            "debt_ratio": 49.25,
            "inventory_turnover_ratio": 1.22,
            "account_receivable_turnover_ratio": 1.1,
            "reinvestment_rate": 76.09,
            "research_to_sale_ratio": null,
            "price_fair": 88.29,
            "eps_avg_yearly": 2.52,
            "eps_latest_yearly": 2.52,
            "eps_growth_yearly": 59.98
        },
        "20224": {
            "year_quarter": 20224,
            "year": 2022,
            "quarter": 4,
            "eps": 0.52,
            "eps_growth_year": -38.71,
            "eps_4q": 2.21,
            "eps_4q_growth_year": -6.86,
            "roe": 1.38,
            "gross_profit": 229560,
            "gross_margin": 26.74,
            "net_income": 87880,
            "revenue": 858520,
            "common_shares": 1615531,
            "equity": 6403096,
            "current_ratio": 365.41,
            "debt_ratio": 50.1,
            "inventory_turnover_ratio": 1.33,
            "account_receivable_turnover_ratio": 1.04,
            "reinvestment_rate": 74.77,
            "research_to_sale_ratio": null,
            "price_fair": 87.5,
            "eps_avg_yearly": 2.5,
            "eps_latest_yearly": 2.08,
            "eps_growth_yearly": 59.14
        },
        "20231": {
            "year_quarter": 20231,
            "year": 2023,
            "quarter": 1,
            "eps": 0.49,
            "eps_growth_year": 32.43,
            "eps_4q": 2.29,
            "eps_4q_growth_year": 9.65,
            "roe": 1.33,
            "gross_profit": 223146,
            "gross_margin": 27.88,
            "net_income": 84917,
            "revenue": 800310,
            "common_shares": 1637857,
            "equity": 6323703,
            "current_ratio": 217.35,
            "debt_ratio": 52.67,
            "inventory_turnover_ratio": 0.95,
            "account_receivable_turnover_ratio": 0.88,
            "reinvestment_rate": 85.66,
            "research_to_sale_ratio": null,
            "price_fair": 88.03,
            "eps_avg_yearly": 2.52,
            "eps_latest_yearly": 1.96,
            "eps_growth_yearly": 65.07
        }
    },
    "months": {
        "2011-10": {
            "month": "2011-10",
            "price": "89.43",
            "revenue": 65208
        },
        "2011-11": {
            "month": "2011-11",
            "price": "83.28",
            "revenue": 66021
        },
        "2011-12": {
            "month": "2011-12",
            "price": "79.20",
            "revenue": 129309
        },
        "2012-01": {
            "month": "2012-01",
            "price": "80.70",
            "revenue": 5735
        },
        "2012-02": {
            "month": "2012-02",
            "price": "88.04",
            "revenue": 4739
        },
        "2012-03": {
            "month": "2012-03",
            "price": "92.41",
            "revenue": 52805
        },
        "2012-04": {
            "month": "2012-04",
            "price": "92.30",
            "revenue": 20334
        },
        "2012-05": {
            "month": "2012-05",
            "price": "88.61",
            "revenue": 70065
        },
        "2012-06": {
            "month": "2012-06",
            "price": "84.36",
            "revenue": 49297
        },
        "2012-07": {
            "month": "2012-07",
            "price": "84.33",
            "revenue": 9309
        },
        "2012-08": {
            "month": "2012-08",
            "price": "87.71",
            "revenue": 85695
        },
        "2012-09": {
            "month": "2012-09",
            "price": "89.46",
            "revenue": 59062
        },
        "2012-10": {
            "month": "2012-10",
            "price": "125.83",
            "revenue": 31890
        },
        "2012-11": {
            "month": "2012-11",
            "price": "129.55",
            "revenue": 58531
        },
        "2012-12": {
            "month": "2012-12",
            "price": "128.07",
            "revenue": 111517
        },
        "2013-01": {
            "month": "2013-01",
            "price": "117.57",
            "revenue": 94351
        },
        "2013-02": {
            "month": "2013-02",
            "price": "113.73",
            "revenue": 94615
        },
        "2013-03": {
            "month": "2013-03",
            "price": "113.10",
            "revenue": 178820
        },
        "2013-04": {
            "month": "2013-04",
            "price": "112.70",
            "revenue": 93777
        },
        "2013-05": {
            "month": "2013-05",
            "price": "102.09",
            "revenue": 154053
        },
        "2013-06": {
            "month": "2013-06",
            "price": "87.31",
            "revenue": 152401
        },
        "2013-07": {
            "month": "2013-07",
            "price": "79.58",
            "revenue": 116950
        },
        "2013-08": {
            "month": "2013-08",
            "price": "84.77",
            "revenue": 331800
        },
        "2013-09": {
            "month": "2013-09",
            "price": "92.58",
            "revenue": 201605
        },
        "2013-10": {
            "month": "2013-10",
            "price": "88.70",
            "revenue": 112945
        },
        "2013-11": {
            "month": "2013-11",
            "price": "77.59",
            "revenue": 336617
        },
        "2013-12": {
            "month": "2013-12",
            "price": "75.51",
            "revenue": 192312
        },
        "2014-01": {
            "month": "2014-01",
            "price": "74.13",
            "revenue": 96021
        },
        "2014-02": {
            "month": "2014-02",
            "price": "74.36",
            "revenue": 116635
        },
        "2014-03": {
            "month": "2014-03",
            "price": "79.17",
            "revenue": 209128
        },
        "2014-04": {
            "month": "2014-04",
            "price": "77.63",
            "revenue": 113518
        },
        "2014-05": {
            "month": "2014-05",
            "price": "74.99",
            "revenue": 209813
        },
        "2014-06": {
            "month": "2014-06",
            "price": "79.49",
            "revenue": 199806
        },
        "2014-07": {
            "month": "2014-07",
            "price": "78.03",
            "revenue": 117459
        },
        "2014-08": {
            "month": "2014-08",
            "price": "68.87",
            "revenue": 104198
        },
        "2014-09": {
            "month": "2014-09",
            "price": "69.66",
            "revenue": 192271
        },
        "2014-10": {
            "month": "2014-10",
            "price": "67.15",
            "revenue": 107281
        },
        "2014-11": {
            "month": "2014-11",
            "price": "64.44",
            "revenue": 238710
        },
        "2014-12": {
            "month": "2014-12",
            "price": "67.58",
            "revenue": 373758
        },
        "2015-01": {
            "month": "2015-01",
            "price": "65.43",
            "revenue": 98052
        },
        "2015-02": {
            "month": "2015-02",
            "price": "62.95",
            "revenue": 91595
        },
        "2015-03": {
            "month": "2015-03",
            "price": "62.97",
            "revenue": 114717
        },
        "2015-04": {
            "month": "2015-04",
            "price": "61.31",
            "revenue": 138659
        },
        "2015-05": {
            "month": "2015-05",
            "price": "54.06",
            "revenue": 248980
        },
        "2015-06": {
            "month": "2015-06",
            "price": "51.41",
            "revenue": 337509
        },
        "2015-07": {
            "month": "2015-07",
            "price": "50.72",
            "revenue": 122525
        },
        "2015-08": {
            "month": "2015-08",
            "price": "43.31",
            "revenue": 117614
        },
        "2015-09": {
            "month": "2015-09",
            "price": "42.55",
            "revenue": 357246
        },
        "2015-10": {
            "month": "2015-10",
            "price": "57.33",
            "revenue": 309804
        },
        "2015-11": {
            "month": "2015-11",
            "price": "63.44",
            "revenue": 164923
        },
        "2015-12": {
            "month": "2015-12",
            "price": "61.15",
            "revenue": 296727
        },
        "2016-01": {
            "month": "2016-01",
            "price": "55.93",
            "revenue": 120683
        },
        "2016-02": {
            "month": "2016-02",
            "price": "57.54",
            "revenue": 93992
        },
        "2016-03": {
            "month": "2016-03",
            "price": "56.14",
            "revenue": 144171
        },
        "2016-04": {
            "month": "2016-04",
            "price": "52.95",
            "revenue": 286021
        },
        "2016-05": {
            "month": "2016-05",
            "price": "49.65",
            "revenue": 183510
        },
        "2016-06": {
            "month": "2016-06",
            "price": "51.03",
            "revenue": 171483
        },
        "2016-07": {
            "month": "2016-07",
            "price": "50.12",
            "revenue": 118302
        },
        "2016-08": {
            "month": "2016-08",
            "price": "47.90",
            "revenue": 137056
        },
        "2016-09": {
            "month": "2016-09",
            "price": "47.08",
            "revenue": 141754
        },
        "2016-10": {
            "month": "2016-10",
            "price": "45.06",
            "revenue": 139030
        },
        "2016-11": {
            "month": "2016-11",
            "price": "42.42",
            "revenue": 263672
        },
        "2016-12": {
            "month": "2016-12",
            "price": "43.39",
            "revenue": 405786
        },
        "2017-01": {
            "month": "2017-01",
            "price": "43.01",
            "revenue": 110226
        },
        "2017-02": {
            "month": "2017-02",
            "price": "43.09",
            "revenue": 163062
        },
        "2017-03": {
            "month": "2017-03",
            "price": "43.44",
            "revenue": 299674
        },
        "2017-04": {
            "month": "2017-04",
            "price": "42.26",
            "revenue": 148041
        },
        "2017-05": {
            "month": "2017-05",
            "price": "42.53",
            "revenue": 164415
        },
        "2017-06": {
            "month": "2017-06",
            "price": "43.45",
            "revenue": 151636
        },
        "2017-07": {
            "month": "2017-07",
            "price": "43.55",
            "revenue": 145050
        },
        "2017-08": {
            "month": "2017-08",
            "price": "38.76",
            "revenue": 155094
        },
        "2017-09": {
            "month": "2017-09",
            "price": "38.50",
            "revenue": 161801
        },
        "2017-10": {
            "month": "2017-10",
            "price": "38.10",
            "revenue": 133572
        },
        "2017-11": {
            "month": "2017-11",
            "price": "37.22",
            "revenue": 160534
        },
        "2017-12": {
            "month": "2017-12",
            "price": "35.21",
            "revenue": 320201
        },
        "2018-01": {
            "month": "2018-01",
            "price": "35.48",
            "revenue": 141057
        },
        "2018-02": {
            "month": "2018-02",
            "price": "33.12",
            "revenue": 105849
        },
        "2018-03": {
            "month": "2018-03",
            "price": "33.76",
            "revenue": 157349
        },
        "2018-04": {
            "month": "2018-04",
            "price": "35.29",
            "revenue": 222574
        },
        "2018-05": {
            "month": "2018-05",
            "price": "35.07",
            "revenue": 259057
        },
        "2018-06": {
            "month": "2018-06",
            "price": "34.22",
            "revenue": 226192
        },
        "2018-07": {
            "month": "2018-07",
            "price": "31.99",
            "revenue": 192946
        },
        "2018-08": {
            "month": "2018-08",
            "price": "32.80",
            "revenue": 262690
        },
        "2018-09": {
            "month": "2018-09",
            "price": "35.64",
            "revenue": 277131
        },
        "2018-10": {
            "month": "2018-10",
            "price": "34.33",
            "revenue": 162681
        },
        "2018-11": {
            "month": "2018-11",
            "price": "32.49",
            "revenue": 173611
        },
        "2018-12": {
            "month": "2018-12",
            "price": "32.46",
            "revenue": 326097
        },
        "2019-01": {
            "month": "2019-01",
            "price": "31.40",
            "revenue": 168412
        },
        "2019-02": {
            "month": "2019-02",
            "price": "32.50",
            "revenue": 190925
        },
        "2019-03": {
            "month": "2019-03",
            "price": "34.19",
            "revenue": 271655
        },
        "2019-04": {
            "month": "2019-04",
            "price": "40.93",
            "revenue": 270559
        },
        "2019-05": {
            "month": "2019-05",
            "price": "40.02",
            "revenue": 191134
        },
        "2019-06": {
            "month": "2019-06",
            "price": "40.31",
            "revenue": 304927
        },
        "2019-07": {
            "month": "2019-07",
            "price": "46.12",
            "revenue": 324189
        },
        "2019-08": {
            "month": "2019-08",
            "price": "46.35",
            "revenue": 279806
        },
        "2019-09": {
            "month": "2019-09",
            "price": "44.56",
            "revenue": 338365
        },
        "2019-10": {
            "month": "2019-10",
            "price": "41.87",
            "revenue": 153667
        },
        "2019-11": {
            "month": "2019-11",
            "price": "40.73",
            "revenue": 155010
        },
        "2019-12": {
            "month": "2019-12",
            "price": "40.86",
            "revenue": 301403
        },
        "2020-01": {
            "month": "2020-01",
            "price": "39.91",
            "revenue": 125594
        },
        "2020-02": {
            "month": "2020-02",
            "price": "37.09",
            "revenue": 281268
        },
        "2020-03": {
            "month": "2020-03",
            "price": "33.27",
            "revenue": 148190
        },
        "2020-04": {
            "month": "2020-04",
            "price": "35.08",
            "revenue": 263534
        },
        "2020-05": {
            "month": "2020-05",
            "price": "38.21",
            "revenue": 125004
        },
        "2020-06": {
            "month": "2020-06",
            "price": "41.72",
            "revenue": 244227
        },
        "2020-07": {
            "month": "2020-07",
            "price": "44.34",
            "revenue": 306437
        },
        "2020-08": {
            "month": "2020-08",
            "price": "41.16",
            "revenue": 176158
        },
        "2020-09": {
            "month": "2020-09",
            "price": "39.68",
            "revenue": 349580
        },
        "2020-10": {
            "month": "2020-10",
            "price": "37.52",
            "revenue": 154413
        },
        "2020-11": {
            "month": "2020-11",
            "price": "38.87",
            "revenue": 153543
        },
        "2020-12": {
            "month": "2020-12",
            "price": "39.15",
            "revenue": 226715
        },
        "2021-01": {
            "month": "2021-01",
            "price": "37.19",
            "revenue": 185814
        },
        "2021-02": {
            "month": "2021-02",
            "price": "36.09",
            "revenue": 275764
        },
        "2021-03": {
            "month": "2021-03",
            "price": "37.75",
            "revenue": 179481
        },
        "2021-04": {
            "month": "2021-04",
            "price": "39.01",
            "revenue": 158515
        },
        "2021-05": {
            "month": "2021-05",
            "price": "35.94",
            "revenue": 142630
        },
        "2021-06": {
            "month": "2021-06",
            "price": "37.31",
            "revenue": 141842
        },
        "2021-07": {
            "month": "2021-07",
            "price": "36.72",
            "revenue": 131802
        },
        "2021-08": {
            "month": "2021-08",
            "price": "34.15",
            "revenue": 145042
        },
        "2021-09": {
            "month": "2021-09",
            "price": "35.16",
            "revenue": 202122
        },
        "2021-10": {
            "month": "2021-10",
            "price": "37.02",
            "revenue": 185963
        },
        "2021-11": {
            "month": "2021-11",
            "price": "36.70",
            "revenue": 216962
        },
        "2021-12": {
            "month": "2021-12",
            "price": "37.60",
            "revenue": 475310
        },
        "2022-01": {
            "month": "2022-01",
            "price": "37.18",
            "revenue": 219627
        },
        "2022-02": {
            "month": "2022-02",
            "price": "37.81",
            "revenue": 160945
        },
        "2022-03": {
            "month": "2022-03",
            "price": "42.81",
            "revenue": 225613
        },
        "2022-04": {
            "month": "2022-04",
            "price": "47.87",
            "revenue": 218442
        },
        "2022-05": {
            "month": "2022-05",
            "price": "39.70",
            "revenue": 282544
        },
        "2022-06": {
            "month": "2022-06",
            "price": "40.66",
            "revenue": 191247
        },
        "2022-07": {
            "month": "2022-07",
            "price": "36.73",
            "revenue": 216226
        },
        "2022-08": {
            "month": "2022-08",
            "price": "41.74",
            "revenue": 233463
        },
        "2022-09": {
            "month": "2022-09",
            "price": "44.02",
            "revenue": 367725
        },
        "2022-10": {
            "month": "2022-10",
            "price": "40.26",
            "revenue": 237549
        },
        "2022-11": {
            "month": "2022-11",
            "price": "41.86",
            "revenue": 237138
        },
        "2022-12": {
            "month": "2022-12",
            "price": "44.96",
            "revenue": 383833
        },
        "2023-01": {
            "month": "2023-01",
            "price": "45.33",
            "revenue": 215020
        },
        "2023-02": {
            "month": "2023-02",
            "price": "56.22",
            "revenue": 198428
        },
        "2023-03": {
            "month": "2023-03",
            "price": "67.54",
            "revenue": 386862
        },
        "2023-04": {
            "month": "2023-04",
            "price": "69.51",
            "revenue": 221929
        }
    }
}
