{
    "summary": {
        "stock_name": "松瑞藥",
        "stock_id": "4167",
        "category": "生技醫療",
        "main_business": "西藥製造業(原料藥產品及註冊針劑)<br>原料藥之中間體物<br>生物製藥技術服務",
        "website_url": "http://www.saviorlifetec.com.tw/zh/",
        "ceo": "陳志芳",
        "pe_ratio": 61,
        "report_year_from": 2011,
        "report_year_to": 2023,
        "age": 12,
        "eps_negative_percentage": 60,
        "eps_growth_avg": {
            "last_all": -31.42,
            "last_2y": 2.87,
            "last_4y": -31.42,
            "last_8y": null,
            "last_12y": null,
            "last_16y": null,
            "last_20y": null,
            "at_2006_last_3y": null,
            "at_2007_last_3y": null,
            "at_2008_last_3y": null,
            "at_2009_last_3y": null,
            "at_2010_last_3y": null,
            "at_2011_last_3y": null,
            "at_2012_last_3y": null,
            "at_2013_last_3y": null,
            "at_2014_last_3y": null,
            "at_2015_last_3y": null,
            "at_2016_last_3y": null,
            "at_2017_last_3y": null,
            "at_2018_last_3y": -100,
            "at_2019_last_3y": -100,
            "at_2020_last_3y": -100,
            "at_2021_last_3y": -97.13,
            "at_2022_last_3y": 2.87,
            "at_2023_last_3y": 2.87,
            "at_2006_last_all": null,
            "at_2007_last_all": null,
            "at_2008_last_all": null,
            "at_2009_last_all": null,
            "at_2010_last_all": null,
            "at_2011_last_all": null,
            "at_2012_last_all": null,
            "at_2013_last_all": null,
            "at_2014_last_all": null,
            "at_2015_last_all": null,
            "at_2016_last_all": null,
            "at_2017_last_all": null,
            "at_2018_last_all": -100,
            "at_2019_last_all": -100,
            "at_2020_last_all": -100,
            "at_2021_last_all": -97.13,
            "at_2022_last_all": -31.42,
            "at_2023_last_all": -31.42
        },
        "latest_eps": 0.28,
        "latest_price": 17.15,
        "latest_roe": 2.62,
        "latest_gross_margin": 23.97,
        "latest_equity": 3363643,
        "latest_revenue": 221892,
        "latest_gross_profit": 53177,
        "latest_net_income": -3559,
        "latest_debt_ratio": 21.92,
        "latest_current_ratio": 444.04,
        "latest_account_receivable_turnover_ratio": 0.82,
        "latest_inventory_turnover_ratio": 0.16,
        "latest_reinvestment_rate": -269.25,
        "latest_research_to_sale_ratio": 14.13
    },
    "eps_dividends": {
        "2001": {
            "cash": 0,
            "stock": 0,
            "eps": 0
        },
        "2002": {
            "cash": 0,
            "stock": 0,
            "eps": 0
        },
        "2003": {
            "cash": 0,
            "stock": 0,
            "eps": 0
        },
        "2004": {
            "cash": 0,
            "stock": 0,
            "eps": 0
        },
        "2005": {
            "cash": 0,
            "stock": 0,
            "eps": 0
        },
        "2006": {
            "cash": 0,
            "stock": 0,
            "eps": 0
        },
        "2007": {
            "cash": 0,
            "stock": 0,
            "eps": 0
        },
        "2008": {
            "cash": 0,
            "stock": 0,
            "eps": 0
        },
        "2009": {
            "cash": 0,
            "stock": 0,
            "eps": 0
        },
        "2010": {
            "cash": 0,
            "stock": 0,
            "eps": 0
        },
        "2011": {
            "cash": 0,
            "stock": 0,
            "eps": 0
        },
        "2012": {
            "cash": 0,
            "stock": 0,
            "eps": 0
        },
        "2013": {
            "cash": 0,
            "stock": 0,
            "eps": 0
        },
        "2014": {
            "cash": 0,
            "stock": 0,
            "eps": -1.32
        },
        "2015": {
            "cash": 0,
            "stock": 0,
            "eps": -2.62
        },
        "2016": {
            "cash": 0,
            "stock": 0,
            "eps": -0.94
        },
        "2017": {
            "cash": 0,
            "stock": 0,
            "eps": 0.09
        },
        "2018": {
            "cash": 0,
            "stock": 0,
            "eps": -1.45
        },
        "2019": {
            "cash": 0,
            "stock": 0,
            "eps": -0.03
        },
        "2020": {
            "cash": 0,
            "stock": 0,
            "eps": 0.87
        },
        "2021": {
            "cash": 0,
            "stock": 1,
            "eps": 0.05
        },
        "2022": {
            "cash": 0,
            "stock": 0,
            "eps": 0.12
        },
        "2023": {
            "cash": 0,
            "stock": 0,
            "eps": -0.01
        }
    },
    "dividends": {
        "2021-10-21": {
            "cash": 0.13,
            "stock": 0.53
        },
        "2023-05-05": {
            "cash": 0.1,
            "stock": 0
        }
    },
    "prices": {
        "200101": "無",
        "200102": "無",
        "200103": "無",
        "200104": "無",
        "200105": "無",
        "200106": "無",
        "200107": "無",
        "200108": "無",
        "200109": "無",
        "200110": "無",
        "200111": "無",
        "200112": "無",
        "200201": "無",
        "200202": "無",
        "200203": "無",
        "200204": "無",
        "200205": "無",
        "200206": "無",
        "200207": "無",
        "200208": "無",
        "200209": "無",
        "200210": "無",
        "200211": "無",
        "200212": "無",
        "200301": "無",
        "200302": "無",
        "200303": "無",
        "200304": "無",
        "200305": "無",
        "200306": "無",
        "200307": "無",
        "200308": "無",
        "200309": "無",
        "200310": "無",
        "200311": "無",
        "200312": "無",
        "200401": "無",
        "200402": "無",
        "200403": "無",
        "200404": "無",
        "200405": "無",
        "200406": "無",
        "200407": "無",
        "200408": "無",
        "200409": "無",
        "200410": "無",
        "200411": "無",
        "200412": "無",
        "200501": "無",
        "200502": "無",
        "200503": "無",
        "200504": "無",
        "200505": "無",
        "200506": "無",
        "200507": "無",
        "200508": "無",
        "200509": "無",
        "200510": "無",
        "200511": "無",
        "200512": "無",
        "200601": "無",
        "200602": "無",
        "200603": "無",
        "200604": "無",
        "200605": "無",
        "200606": "無",
        "200607": "無",
        "200608": "無",
        "200609": "無",
        "200610": "無",
        "200611": "無",
        "200612": "無",
        "200701": "無",
        "200702": "無",
        "200703": "無",
        "200704": "無",
        "200705": "無",
        "200706": "無",
        "200707": "無",
        "200708": "無",
        "200709": "無",
        "200710": "無",
        "200711": "無",
        "200712": "無",
        "200801": "無",
        "200802": "無",
        "200803": "無",
        "200804": "無",
        "200805": "無",
        "200806": "無",
        "200807": "無",
        "200808": "無",
        "200809": "無",
        "200810": "無",
        "200811": "無",
        "200812": "無",
        "200901": "無",
        "200902": "無",
        "200903": "無",
        "200904": "無",
        "200905": "無",
        "200906": "無",
        "200907": "無",
        "200908": "無",
        "200909": "無",
        "200910": "無",
        "200911": "無",
        "200912": "無",
        "201001": "無",
        "201002": "無",
        "201003": "無",
        "201004": "無",
        "201005": "無",
        "201006": "無",
        "201007": "無",
        "201008": "無",
        "201009": "無",
        "201010": "無",
        "201011": "無",
        "201012": "無",
        "201101": "無",
        "201102": "無",
        "201103": "無",
        "201104": "無",
        "201105": "無",
        "201106": "無",
        "201107": "無",
        "201108": "無",
        "201109": "無",
        "201110": "無",
        "201111": "無",
        "201112": "無",
        "201201": "無",
        "201202": "無",
        "201203": "無",
        "201204": "無",
        "201205": "無",
        "201206": "無",
        "201207": "無",
        "201208": "無",
        "201209": "無",
        "201210": "無",
        "201211": "無",
        "201212": "26.89",
        "201301": "26.19",
        "201302": "29.82",
        "201303": "29.21",
        "201304": "26.30",
        "201305": "26.29",
        "201306": "27.18",
        "201307": "30.48",
        "201308": "30.07",
        "201309": "27.81",
        "201310": "27.09",
        "201311": "24.02",
        "201312": "23.68",
        "201401": "24.36",
        "201402": "24.23",
        "201403": "25.61",
        "201404": "24.92",
        "201405": "27.00",
        "201406": "42.14",
        "201407": "48.29",
        "201408": "39.06",
        "201409": "38.96",
        "201410": "36.01",
        "201411": "37.42",
        "201412": "34.54",
        "201501": "31.47",
        "201502": "30.98",
        "201503": "33.09",
        "201504": "29.77",
        "201505": "29.68",
        "201506": "28.02",
        "201507": "26.06",
        "201508": "24.47",
        "201509": "28.61",
        "201510": "34.68",
        "201511": "32.56",
        "201512": "29.53",
        "201601": "23.72",
        "201602": "23.51",
        "201603": "23.95",
        "201604": "22.48",
        "201605": "23.25",
        "201606": "24.75",
        "201607": "27.56",
        "201608": "26.05",
        "201609": "27.04",
        "201610": "26.43",
        "201611": "26.32",
        "201612": "26.63",
        "201701": "26.54",
        "201702": "26.26",
        "201703": "26.38",
        "201704": "24.62",
        "201705": "23.70",
        "201706": "24.27",
        "201707": "23.94",
        "201708": "24.04",
        "201709": "26.42",
        "201710": "26.79",
        "201711": "28.62",
        "201712": "28.20",
        "201801": "28.60",
        "201802": "27.25",
        "201803": "26.57",
        "201804": "27.64",
        "201805": "26.65",
        "201806": "25.57",
        "201807": "23.99",
        "201808": "22.61",
        "201809": "20.09",
        "201810": "17.44",
        "201811": "15.77",
        "201812": "16.59",
        "201901": "16.18",
        "201902": "16.34",
        "201903": "17.94",
        "201904": "21.99",
        "201905": "19.78",
        "201906": "18.80",
        "201907": "18.92",
        "201908": "17.70",
        "201909": "20.32",
        "201910": "20.29",
        "201911": "21.24",
        "201912": "21.10",
        "202001": "20.77",
        "202002": "22.09",
        "202003": "22.37",
        "202004": "23.28",
        "202005": "26.06",
        "202006": "36.03",
        "202007": "36.04",
        "202008": "33.71",
        "202009": "34.41",
        "202010": "32.44",
        "202011": "32.63",
        "202012": "33.85",
        "202101": "30.59",
        "202102": "30.05",
        "202103": "30.02",
        "202104": "30.81",
        "202105": "29.55",
        "202106": "27.69",
        "202107": "26.35",
        "202108": "23.78",
        "202109": "21.42",
        "202110": "19.94",
        "202111": "19.55",
        "202112": "18.99",
        "202201": "18.56",
        "202202": "17.66",
        "202203": "17.13",
        "202204": "19.40",
        "202205": "16.84",
        "202206": "17.39",
        "202207": "16.35",
        "202208": "17.15",
        "202209": "18.82",
        "202210": "16.73",
        "202211": "17.37",
        "202212": "23.18",
        "202301": "22.16",
        "202302": "21.13",
        "202303": "19.57",
        "202304": "18.92",
        "202305": "17.63"
    },
    "quarters": {
        "20011": {
            "year_quarter": 20011,
            "year": 2001,
            "quarter": 1,
            "eps": null,
            "eps_growth_year": null,
            "eps_4q": null,
            "eps_4q_growth_year": null,
            "roe": null,
            "roe_4q": 0,
            "gross_profit": null,
            "gross_margin": null,
            "gross_margin_4q_avg": 0,
            "net_income": null,
            "revenue": null,
            "common_shares": null,
            "book_valuer_per_share": null,
            "book_valuer_per_share_4q_avg": 0,
            "equity": null,
            "current_ratio": null,
            "debt_ratio": null,
            "inventory_turnover_ratio": null,
            "account_receivable_turnover_ratio": null,
            "reinvestment_rate": null,
            "research_to_sale_ratio": null,
            "price_fair": 0,
            "eps_avg_yearly": 0,
            "eps_latest_yearly": 0,
            "eps_growth_yearly": 0
        },
        "20012": {
            "year_quarter": 20012,
            "year": 2001,
            "quarter": 2,
            "eps": null,
            "eps_growth_year": null,
            "eps_4q": null,
            "eps_4q_growth_year": null,
            "roe": null,
            "roe_4q": 0,
            "gross_profit": null,
            "gross_margin": null,
            "gross_margin_4q_avg": 0,
            "net_income": null,
            "revenue": null,
            "common_shares": null,
            "book_valuer_per_share": null,
            "book_valuer_per_share_4q_avg": 0,
            "equity": null,
            "current_ratio": null,
            "debt_ratio": null,
            "inventory_turnover_ratio": null,
            "account_receivable_turnover_ratio": null,
            "reinvestment_rate": null,
            "research_to_sale_ratio": null,
            "price_fair": 0,
            "eps_avg_yearly": 0,
            "eps_latest_yearly": 0,
            "eps_growth_yearly": 0
        },
        "20013": {
            "year_quarter": 20013,
            "year": 2001,
            "quarter": 3,
            "eps": null,
            "eps_growth_year": null,
            "eps_4q": null,
            "eps_4q_growth_year": null,
            "roe": null,
            "roe_4q": 0,
            "gross_profit": null,
            "gross_margin": null,
            "gross_margin_4q_avg": 0,
            "net_income": null,
            "revenue": null,
            "common_shares": null,
            "book_valuer_per_share": null,
            "book_valuer_per_share_4q_avg": 0,
            "equity": null,
            "current_ratio": null,
            "debt_ratio": null,
            "inventory_turnover_ratio": null,
            "account_receivable_turnover_ratio": null,
            "reinvestment_rate": null,
            "research_to_sale_ratio": null,
            "price_fair": 0,
            "eps_avg_yearly": 0,
            "eps_latest_yearly": 0,
            "eps_growth_yearly": 0
        },
        "20014": {
            "year_quarter": 20014,
            "year": 2001,
            "quarter": 4,
            "eps": null,
            "eps_growth_year": null,
            "eps_4q": null,
            "eps_4q_growth_year": null,
            "roe": null,
            "roe_4q": 0,
            "gross_profit": null,
            "gross_margin": null,
            "gross_margin_4q_avg": 0,
            "net_income": null,
            "revenue": null,
            "common_shares": null,
            "book_valuer_per_share": null,
            "book_valuer_per_share_4q_avg": 0,
            "equity": null,
            "current_ratio": null,
            "debt_ratio": null,
            "inventory_turnover_ratio": null,
            "account_receivable_turnover_ratio": null,
            "reinvestment_rate": null,
            "research_to_sale_ratio": null,
            "price_fair": 0,
            "eps_avg_yearly": 0,
            "eps_latest_yearly": 0,
            "eps_growth_yearly": 0
        },
        "20021": {
            "year_quarter": 20021,
            "year": 2002,
            "quarter": 1,
            "eps": null,
            "eps_growth_year": null,
            "eps_4q": null,
            "eps_4q_growth_year": null,
            "roe": null,
            "roe_4q": 0,
            "gross_profit": null,
            "gross_margin": null,
            "gross_margin_4q_avg": 0,
            "net_income": null,
            "revenue": null,
            "common_shares": null,
            "book_valuer_per_share": null,
            "book_valuer_per_share_4q_avg": 0,
            "equity": null,
            "current_ratio": null,
            "debt_ratio": null,
            "inventory_turnover_ratio": null,
            "account_receivable_turnover_ratio": null,
            "reinvestment_rate": null,
            "research_to_sale_ratio": null,
            "price_fair": 0,
            "eps_avg_yearly": 0,
            "eps_latest_yearly": 0,
            "eps_growth_yearly": 0
        },
        "20022": {
            "year_quarter": 20022,
            "year": 2002,
            "quarter": 2,
            "eps": null,
            "eps_growth_year": null,
            "eps_4q": null,
            "eps_4q_growth_year": null,
            "roe": null,
            "roe_4q": 0,
            "gross_profit": null,
            "gross_margin": null,
            "gross_margin_4q_avg": 0,
            "net_income": null,
            "revenue": null,
            "common_shares": null,
            "book_valuer_per_share": null,
            "book_valuer_per_share_4q_avg": 0,
            "equity": null,
            "current_ratio": null,
            "debt_ratio": null,
            "inventory_turnover_ratio": null,
            "account_receivable_turnover_ratio": null,
            "reinvestment_rate": null,
            "research_to_sale_ratio": null,
            "price_fair": 0,
            "eps_avg_yearly": 0,
            "eps_latest_yearly": 0,
            "eps_growth_yearly": 0
        },
        "20023": {
            "year_quarter": 20023,
            "year": 2002,
            "quarter": 3,
            "eps": null,
            "eps_growth_year": null,
            "eps_4q": null,
            "eps_4q_growth_year": null,
            "roe": null,
            "roe_4q": 0,
            "gross_profit": null,
            "gross_margin": null,
            "gross_margin_4q_avg": 0,
            "net_income": null,
            "revenue": null,
            "common_shares": null,
            "book_valuer_per_share": null,
            "book_valuer_per_share_4q_avg": 0,
            "equity": null,
            "current_ratio": null,
            "debt_ratio": null,
            "inventory_turnover_ratio": null,
            "account_receivable_turnover_ratio": null,
            "reinvestment_rate": null,
            "research_to_sale_ratio": null,
            "price_fair": 0,
            "eps_avg_yearly": 0,
            "eps_latest_yearly": 0,
            "eps_growth_yearly": 0
        },
        "20024": {
            "year_quarter": 20024,
            "year": 2002,
            "quarter": 4,
            "eps": null,
            "eps_growth_year": null,
            "eps_4q": null,
            "eps_4q_growth_year": null,
            "roe": null,
            "roe_4q": 0,
            "gross_profit": null,
            "gross_margin": null,
            "gross_margin_4q_avg": 0,
            "net_income": null,
            "revenue": null,
            "common_shares": null,
            "book_valuer_per_share": null,
            "book_valuer_per_share_4q_avg": 0,
            "equity": null,
            "current_ratio": null,
            "debt_ratio": null,
            "inventory_turnover_ratio": null,
            "account_receivable_turnover_ratio": null,
            "reinvestment_rate": null,
            "research_to_sale_ratio": null,
            "price_fair": 0,
            "eps_avg_yearly": 0,
            "eps_latest_yearly": 0,
            "eps_growth_yearly": 0
        },
        "20031": {
            "year_quarter": 20031,
            "year": 2003,
            "quarter": 1,
            "eps": null,
            "eps_growth_year": null,
            "eps_4q": null,
            "eps_4q_growth_year": null,
            "roe": null,
            "roe_4q": 0,
            "gross_profit": null,
            "gross_margin": null,
            "gross_margin_4q_avg": 0,
            "net_income": null,
            "revenue": null,
            "common_shares": null,
            "book_valuer_per_share": null,
            "book_valuer_per_share_4q_avg": 0,
            "equity": null,
            "current_ratio": null,
            "debt_ratio": null,
            "inventory_turnover_ratio": null,
            "account_receivable_turnover_ratio": null,
            "reinvestment_rate": null,
            "research_to_sale_ratio": null,
            "price_fair": 0,
            "eps_avg_yearly": 0,
            "eps_latest_yearly": 0,
            "eps_growth_yearly": 0
        },
        "20032": {
            "year_quarter": 20032,
            "year": 2003,
            "quarter": 2,
            "eps": null,
            "eps_growth_year": null,
            "eps_4q": null,
            "eps_4q_growth_year": null,
            "roe": null,
            "roe_4q": 0,
            "gross_profit": null,
            "gross_margin": null,
            "gross_margin_4q_avg": 0,
            "net_income": null,
            "revenue": null,
            "common_shares": null,
            "book_valuer_per_share": null,
            "book_valuer_per_share_4q_avg": 0,
            "equity": null,
            "current_ratio": null,
            "debt_ratio": null,
            "inventory_turnover_ratio": null,
            "account_receivable_turnover_ratio": null,
            "reinvestment_rate": null,
            "research_to_sale_ratio": null,
            "price_fair": 0,
            "eps_avg_yearly": 0,
            "eps_latest_yearly": 0,
            "eps_growth_yearly": 0
        },
        "20033": {
            "year_quarter": 20033,
            "year": 2003,
            "quarter": 3,
            "eps": null,
            "eps_growth_year": null,
            "eps_4q": null,
            "eps_4q_growth_year": null,
            "roe": null,
            "roe_4q": 0,
            "gross_profit": null,
            "gross_margin": null,
            "gross_margin_4q_avg": 0,
            "net_income": null,
            "revenue": null,
            "common_shares": null,
            "book_valuer_per_share": null,
            "book_valuer_per_share_4q_avg": 0,
            "equity": null,
            "current_ratio": null,
            "debt_ratio": null,
            "inventory_turnover_ratio": null,
            "account_receivable_turnover_ratio": null,
            "reinvestment_rate": null,
            "research_to_sale_ratio": null,
            "price_fair": 0,
            "eps_avg_yearly": 0,
            "eps_latest_yearly": 0,
            "eps_growth_yearly": 0
        },
        "20034": {
            "year_quarter": 20034,
            "year": 2003,
            "quarter": 4,
            "eps": null,
            "eps_growth_year": null,
            "eps_4q": null,
            "eps_4q_growth_year": null,
            "roe": null,
            "roe_4q": 0,
            "gross_profit": null,
            "gross_margin": null,
            "gross_margin_4q_avg": 0,
            "net_income": null,
            "revenue": null,
            "common_shares": null,
            "book_valuer_per_share": null,
            "book_valuer_per_share_4q_avg": 0,
            "equity": null,
            "current_ratio": null,
            "debt_ratio": null,
            "inventory_turnover_ratio": null,
            "account_receivable_turnover_ratio": null,
            "reinvestment_rate": null,
            "research_to_sale_ratio": null,
            "price_fair": 0,
            "eps_avg_yearly": 0,
            "eps_latest_yearly": 0,
            "eps_growth_yearly": 0
        },
        "20041": {
            "year_quarter": 20041,
            "year": 2004,
            "quarter": 1,
            "eps": null,
            "eps_growth_year": null,
            "eps_4q": null,
            "eps_4q_growth_year": null,
            "roe": null,
            "roe_4q": 0,
            "gross_profit": null,
            "gross_margin": null,
            "gross_margin_4q_avg": 0,
            "net_income": null,
            "revenue": null,
            "common_shares": null,
            "book_valuer_per_share": null,
            "book_valuer_per_share_4q_avg": 0,
            "equity": null,
            "current_ratio": null,
            "debt_ratio": null,
            "inventory_turnover_ratio": null,
            "account_receivable_turnover_ratio": null,
            "reinvestment_rate": null,
            "research_to_sale_ratio": null,
            "price_fair": 0,
            "eps_avg_yearly": 0,
            "eps_latest_yearly": 0,
            "eps_growth_yearly": 0
        },
        "20042": {
            "year_quarter": 20042,
            "year": 2004,
            "quarter": 2,
            "eps": null,
            "eps_growth_year": null,
            "eps_4q": null,
            "eps_4q_growth_year": null,
            "roe": null,
            "roe_4q": 0,
            "gross_profit": null,
            "gross_margin": null,
            "gross_margin_4q_avg": 0,
            "net_income": null,
            "revenue": null,
            "common_shares": null,
            "book_valuer_per_share": null,
            "book_valuer_per_share_4q_avg": 0,
            "equity": null,
            "current_ratio": null,
            "debt_ratio": null,
            "inventory_turnover_ratio": null,
            "account_receivable_turnover_ratio": null,
            "reinvestment_rate": null,
            "research_to_sale_ratio": null,
            "price_fair": 0,
            "eps_avg_yearly": 0,
            "eps_latest_yearly": 0,
            "eps_growth_yearly": 0
        },
        "20043": {
            "year_quarter": 20043,
            "year": 2004,
            "quarter": 3,
            "eps": null,
            "eps_growth_year": null,
            "eps_4q": null,
            "eps_4q_growth_year": null,
            "roe": null,
            "roe_4q": 0,
            "gross_profit": null,
            "gross_margin": null,
            "gross_margin_4q_avg": 0,
            "net_income": null,
            "revenue": null,
            "common_shares": null,
            "book_valuer_per_share": null,
            "book_valuer_per_share_4q_avg": 0,
            "equity": null,
            "current_ratio": null,
            "debt_ratio": null,
            "inventory_turnover_ratio": null,
            "account_receivable_turnover_ratio": null,
            "reinvestment_rate": null,
            "research_to_sale_ratio": null,
            "price_fair": 0,
            "eps_avg_yearly": 0,
            "eps_latest_yearly": 0,
            "eps_growth_yearly": 0
        },
        "20044": {
            "year_quarter": 20044,
            "year": 2004,
            "quarter": 4,
            "eps": null,
            "eps_growth_year": null,
            "eps_4q": null,
            "eps_4q_growth_year": null,
            "roe": null,
            "roe_4q": 0,
            "gross_profit": null,
            "gross_margin": null,
            "gross_margin_4q_avg": 0,
            "net_income": null,
            "revenue": null,
            "common_shares": null,
            "book_valuer_per_share": null,
            "book_valuer_per_share_4q_avg": 0,
            "equity": null,
            "current_ratio": null,
            "debt_ratio": null,
            "inventory_turnover_ratio": null,
            "account_receivable_turnover_ratio": null,
            "reinvestment_rate": null,
            "research_to_sale_ratio": null,
            "price_fair": 0,
            "eps_avg_yearly": 0,
            "eps_latest_yearly": 0,
            "eps_growth_yearly": 0
        },
        "20051": {
            "year_quarter": 20051,
            "year": 2005,
            "quarter": 1,
            "eps": null,
            "eps_growth_year": null,
            "eps_4q": null,
            "eps_4q_growth_year": null,
            "roe": null,
            "roe_4q": 0,
            "gross_profit": null,
            "gross_margin": null,
            "gross_margin_4q_avg": 0,
            "net_income": null,
            "revenue": null,
            "common_shares": null,
            "book_valuer_per_share": null,
            "book_valuer_per_share_4q_avg": 0,
            "equity": null,
            "current_ratio": null,
            "debt_ratio": null,
            "inventory_turnover_ratio": null,
            "account_receivable_turnover_ratio": null,
            "reinvestment_rate": null,
            "research_to_sale_ratio": null,
            "price_fair": 0,
            "eps_avg_yearly": 0,
            "eps_latest_yearly": 0,
            "eps_growth_yearly": 0
        },
        "20052": {
            "year_quarter": 20052,
            "year": 2005,
            "quarter": 2,
            "eps": null,
            "eps_growth_year": null,
            "eps_4q": null,
            "eps_4q_growth_year": null,
            "roe": null,
            "roe_4q": 0,
            "gross_profit": null,
            "gross_margin": null,
            "gross_margin_4q_avg": 0,
            "net_income": null,
            "revenue": null,
            "common_shares": null,
            "book_valuer_per_share": null,
            "book_valuer_per_share_4q_avg": 0,
            "equity": null,
            "current_ratio": null,
            "debt_ratio": null,
            "inventory_turnover_ratio": null,
            "account_receivable_turnover_ratio": null,
            "reinvestment_rate": null,
            "research_to_sale_ratio": null,
            "price_fair": 0,
            "eps_avg_yearly": 0,
            "eps_latest_yearly": 0,
            "eps_growth_yearly": 0
        },
        "20053": {
            "year_quarter": 20053,
            "year": 2005,
            "quarter": 3,
            "eps": null,
            "eps_growth_year": null,
            "eps_4q": null,
            "eps_4q_growth_year": null,
            "roe": null,
            "roe_4q": 0,
            "gross_profit": null,
            "gross_margin": null,
            "gross_margin_4q_avg": 0,
            "net_income": null,
            "revenue": null,
            "common_shares": null,
            "book_valuer_per_share": null,
            "book_valuer_per_share_4q_avg": 0,
            "equity": null,
            "current_ratio": null,
            "debt_ratio": null,
            "inventory_turnover_ratio": null,
            "account_receivable_turnover_ratio": null,
            "reinvestment_rate": null,
            "research_to_sale_ratio": null,
            "price_fair": 0,
            "eps_avg_yearly": 0,
            "eps_latest_yearly": 0,
            "eps_growth_yearly": 0
        },
        "20054": {
            "year_quarter": 20054,
            "year": 2005,
            "quarter": 4,
            "eps": null,
            "eps_growth_year": null,
            "eps_4q": null,
            "eps_4q_growth_year": null,
            "roe": null,
            "roe_4q": 0,
            "gross_profit": null,
            "gross_margin": null,
            "gross_margin_4q_avg": 0,
            "net_income": null,
            "revenue": null,
            "common_shares": null,
            "book_valuer_per_share": null,
            "book_valuer_per_share_4q_avg": 0,
            "equity": null,
            "current_ratio": null,
            "debt_ratio": null,
            "inventory_turnover_ratio": null,
            "account_receivable_turnover_ratio": null,
            "reinvestment_rate": null,
            "research_to_sale_ratio": null,
            "price_fair": 0,
            "eps_avg_yearly": 0,
            "eps_latest_yearly": 0,
            "eps_growth_yearly": 0
        },
        "20061": {
            "year_quarter": 20061,
            "year": 2006,
            "quarter": 1,
            "eps": null,
            "eps_growth_year": null,
            "eps_4q": null,
            "eps_4q_growth_year": null,
            "roe": null,
            "roe_4q": 0,
            "gross_profit": null,
            "gross_margin": null,
            "gross_margin_4q_avg": 0,
            "net_income": null,
            "revenue": null,
            "common_shares": null,
            "book_valuer_per_share": null,
            "book_valuer_per_share_4q_avg": 0,
            "equity": null,
            "current_ratio": null,
            "debt_ratio": null,
            "inventory_turnover_ratio": null,
            "account_receivable_turnover_ratio": null,
            "reinvestment_rate": null,
            "research_to_sale_ratio": null,
            "price_fair": 0,
            "eps_avg_yearly": 0,
            "eps_latest_yearly": 0,
            "eps_growth_yearly": 0
        },
        "20062": {
            "year_quarter": 20062,
            "year": 2006,
            "quarter": 2,
            "eps": null,
            "eps_growth_year": null,
            "eps_4q": null,
            "eps_4q_growth_year": null,
            "roe": null,
            "roe_4q": 0,
            "gross_profit": null,
            "gross_margin": null,
            "gross_margin_4q_avg": 0,
            "net_income": null,
            "revenue": null,
            "common_shares": null,
            "book_valuer_per_share": null,
            "book_valuer_per_share_4q_avg": 0,
            "equity": null,
            "current_ratio": null,
            "debt_ratio": null,
            "inventory_turnover_ratio": null,
            "account_receivable_turnover_ratio": null,
            "reinvestment_rate": null,
            "research_to_sale_ratio": null,
            "price_fair": 0,
            "eps_avg_yearly": 0,
            "eps_latest_yearly": 0,
            "eps_growth_yearly": 0
        },
        "20063": {
            "year_quarter": 20063,
            "year": 2006,
            "quarter": 3,
            "eps": null,
            "eps_growth_year": null,
            "eps_4q": null,
            "eps_4q_growth_year": null,
            "roe": null,
            "roe_4q": 0,
            "gross_profit": null,
            "gross_margin": null,
            "gross_margin_4q_avg": 0,
            "net_income": null,
            "revenue": null,
            "common_shares": null,
            "book_valuer_per_share": null,
            "book_valuer_per_share_4q_avg": 0,
            "equity": null,
            "current_ratio": null,
            "debt_ratio": null,
            "inventory_turnover_ratio": null,
            "account_receivable_turnover_ratio": null,
            "reinvestment_rate": null,
            "research_to_sale_ratio": null,
            "price_fair": 0,
            "eps_avg_yearly": 0,
            "eps_latest_yearly": 0,
            "eps_growth_yearly": 0
        },
        "20064": {
            "year_quarter": 20064,
            "year": 2006,
            "quarter": 4,
            "eps": null,
            "eps_growth_year": null,
            "eps_4q": null,
            "eps_4q_growth_year": null,
            "roe": null,
            "roe_4q": 0,
            "gross_profit": null,
            "gross_margin": null,
            "gross_margin_4q_avg": 0,
            "net_income": null,
            "revenue": null,
            "common_shares": 360000,
            "book_valuer_per_share": 6.12,
            "book_valuer_per_share_4q_avg": 1.53,
            "equity": 220187,
            "current_ratio": 106.67,
            "debt_ratio": 32.48,
            "inventory_turnover_ratio": null,
            "account_receivable_turnover_ratio": null,
            "reinvestment_rate": null,
            "research_to_sale_ratio": null,
            "price_fair": 0,
            "eps_avg_yearly": 0,
            "eps_latest_yearly": 0,
            "eps_growth_yearly": 0
        },
        "20071": {
            "year_quarter": 20071,
            "year": 2007,
            "quarter": 1,
            "eps": null,
            "eps_growth_year": null,
            "eps_4q": null,
            "eps_4q_growth_year": null,
            "roe": null,
            "roe_4q": 0,
            "gross_profit": null,
            "gross_margin": null,
            "gross_margin_4q_avg": 0,
            "net_income": null,
            "revenue": null,
            "common_shares": null,
            "book_valuer_per_share": null,
            "book_valuer_per_share_4q_avg": 1.53,
            "equity": null,
            "current_ratio": null,
            "debt_ratio": null,
            "inventory_turnover_ratio": null,
            "account_receivable_turnover_ratio": null,
            "reinvestment_rate": null,
            "research_to_sale_ratio": null,
            "price_fair": 0,
            "eps_avg_yearly": 0,
            "eps_latest_yearly": 0,
            "eps_growth_yearly": 0
        },
        "20072": {
            "year_quarter": 20072,
            "year": 2007,
            "quarter": 2,
            "eps": null,
            "eps_growth_year": null,
            "eps_4q": null,
            "eps_4q_growth_year": null,
            "roe": null,
            "roe_4q": 0,
            "gross_profit": null,
            "gross_margin": null,
            "gross_margin_4q_avg": 0,
            "net_income": null,
            "revenue": null,
            "common_shares": null,
            "book_valuer_per_share": null,
            "book_valuer_per_share_4q_avg": 1.53,
            "equity": null,
            "current_ratio": null,
            "debt_ratio": null,
            "inventory_turnover_ratio": null,
            "account_receivable_turnover_ratio": null,
            "reinvestment_rate": null,
            "research_to_sale_ratio": null,
            "price_fair": 0,
            "eps_avg_yearly": 0,
            "eps_latest_yearly": 0,
            "eps_growth_yearly": 0
        },
        "20073": {
            "year_quarter": 20073,
            "year": 2007,
            "quarter": 3,
            "eps": null,
            "eps_growth_year": null,
            "eps_4q": null,
            "eps_4q_growth_year": null,
            "roe": null,
            "roe_4q": 0,
            "gross_profit": null,
            "gross_margin": null,
            "gross_margin_4q_avg": 0,
            "net_income": null,
            "revenue": null,
            "common_shares": null,
            "book_valuer_per_share": null,
            "book_valuer_per_share_4q_avg": 1.53,
            "equity": null,
            "current_ratio": null,
            "debt_ratio": null,
            "inventory_turnover_ratio": null,
            "account_receivable_turnover_ratio": null,
            "reinvestment_rate": null,
            "research_to_sale_ratio": null,
            "price_fair": 0,
            "eps_avg_yearly": 0,
            "eps_latest_yearly": 0,
            "eps_growth_yearly": 0
        },
        "20074": {
            "year_quarter": 20074,
            "year": 2007,
            "quarter": 4,
            "eps": null,
            "eps_growth_year": null,
            "eps_4q": null,
            "eps_4q_growth_year": null,
            "roe": null,
            "roe_4q": 0,
            "gross_profit": null,
            "gross_margin": null,
            "gross_margin_4q_avg": 0,
            "net_income": null,
            "revenue": null,
            "common_shares": 506680,
            "book_valuer_per_share": 6.8,
            "book_valuer_per_share_4q_avg": 1.7,
            "equity": 344551,
            "current_ratio": 213,
            "debt_ratio": 25.79,
            "inventory_turnover_ratio": null,
            "account_receivable_turnover_ratio": null,
            "reinvestment_rate": null,
            "research_to_sale_ratio": null,
            "price_fair": 0,
            "eps_avg_yearly": 0,
            "eps_latest_yearly": 0,
            "eps_growth_yearly": 0
        },
        "20081": {
            "year_quarter": 20081,
            "year": 2008,
            "quarter": 1,
            "eps": null,
            "eps_growth_year": null,
            "eps_4q": null,
            "eps_4q_growth_year": null,
            "roe": null,
            "roe_4q": 0,
            "gross_profit": null,
            "gross_margin": null,
            "gross_margin_4q_avg": 0,
            "net_income": null,
            "revenue": null,
            "common_shares": null,
            "book_valuer_per_share": null,
            "book_valuer_per_share_4q_avg": 1.7,
            "equity": null,
            "current_ratio": null,
            "debt_ratio": null,
            "inventory_turnover_ratio": null,
            "account_receivable_turnover_ratio": null,
            "reinvestment_rate": null,
            "research_to_sale_ratio": null,
            "price_fair": 0,
            "eps_avg_yearly": 0,
            "eps_latest_yearly": 0,
            "eps_growth_yearly": 0
        },
        "20082": {
            "year_quarter": 20082,
            "year": 2008,
            "quarter": 2,
            "eps": null,
            "eps_growth_year": null,
            "eps_4q": null,
            "eps_4q_growth_year": null,
            "roe": null,
            "roe_4q": 0,
            "gross_profit": null,
            "gross_margin": null,
            "gross_margin_4q_avg": 0,
            "net_income": null,
            "revenue": null,
            "common_shares": null,
            "book_valuer_per_share": null,
            "book_valuer_per_share_4q_avg": 1.7,
            "equity": null,
            "current_ratio": null,
            "debt_ratio": null,
            "inventory_turnover_ratio": null,
            "account_receivable_turnover_ratio": null,
            "reinvestment_rate": null,
            "research_to_sale_ratio": null,
            "price_fair": 0,
            "eps_avg_yearly": 0,
            "eps_latest_yearly": 0,
            "eps_growth_yearly": 0
        },
        "20083": {
            "year_quarter": 20083,
            "year": 2008,
            "quarter": 3,
            "eps": null,
            "eps_growth_year": null,
            "eps_4q": null,
            "eps_4q_growth_year": null,
            "roe": null,
            "roe_4q": 0,
            "gross_profit": null,
            "gross_margin": null,
            "gross_margin_4q_avg": 0,
            "net_income": null,
            "revenue": null,
            "common_shares": null,
            "book_valuer_per_share": null,
            "book_valuer_per_share_4q_avg": 1.7,
            "equity": null,
            "current_ratio": null,
            "debt_ratio": null,
            "inventory_turnover_ratio": null,
            "account_receivable_turnover_ratio": null,
            "reinvestment_rate": null,
            "research_to_sale_ratio": null,
            "price_fair": 0,
            "eps_avg_yearly": 0,
            "eps_latest_yearly": 0,
            "eps_growth_yearly": 0
        },
        "20084": {
            "year_quarter": 20084,
            "year": 2008,
            "quarter": 4,
            "eps": null,
            "eps_growth_year": null,
            "eps_4q": null,
            "eps_4q_growth_year": null,
            "roe": null,
            "roe_4q": 0,
            "gross_profit": null,
            "gross_margin": null,
            "gross_margin_4q_avg": 0,
            "net_income": null,
            "revenue": null,
            "common_shares": 649100,
            "book_valuer_per_share": 8,
            "book_valuer_per_share_4q_avg": 2,
            "equity": 519085,
            "current_ratio": 98.08,
            "debt_ratio": 40.92,
            "inventory_turnover_ratio": null,
            "account_receivable_turnover_ratio": null,
            "reinvestment_rate": null,
            "research_to_sale_ratio": null,
            "price_fair": 0,
            "eps_avg_yearly": 0,
            "eps_latest_yearly": 0,
            "eps_growth_yearly": 0
        },
        "20091": {
            "year_quarter": 20091,
            "year": 2009,
            "quarter": 1,
            "eps": null,
            "eps_growth_year": null,
            "eps_4q": null,
            "eps_4q_growth_year": null,
            "roe": null,
            "roe_4q": 0,
            "gross_profit": null,
            "gross_margin": null,
            "gross_margin_4q_avg": 0,
            "net_income": null,
            "revenue": null,
            "common_shares": null,
            "book_valuer_per_share": null,
            "book_valuer_per_share_4q_avg": 2,
            "equity": null,
            "current_ratio": null,
            "debt_ratio": null,
            "inventory_turnover_ratio": null,
            "account_receivable_turnover_ratio": null,
            "reinvestment_rate": null,
            "research_to_sale_ratio": null,
            "price_fair": 0,
            "eps_avg_yearly": 0,
            "eps_latest_yearly": 0,
            "eps_growth_yearly": 0
        },
        "20092": {
            "year_quarter": 20092,
            "year": 2009,
            "quarter": 2,
            "eps": null,
            "eps_growth_year": null,
            "eps_4q": null,
            "eps_4q_growth_year": null,
            "roe": null,
            "roe_4q": 0,
            "gross_profit": null,
            "gross_margin": null,
            "gross_margin_4q_avg": 0,
            "net_income": null,
            "revenue": null,
            "common_shares": null,
            "book_valuer_per_share": null,
            "book_valuer_per_share_4q_avg": 2,
            "equity": null,
            "current_ratio": null,
            "debt_ratio": null,
            "inventory_turnover_ratio": null,
            "account_receivable_turnover_ratio": null,
            "reinvestment_rate": null,
            "research_to_sale_ratio": null,
            "price_fair": 0,
            "eps_avg_yearly": 0,
            "eps_latest_yearly": 0,
            "eps_growth_yearly": 0
        },
        "20093": {
            "year_quarter": 20093,
            "year": 2009,
            "quarter": 3,
            "eps": null,
            "eps_growth_year": null,
            "eps_4q": null,
            "eps_4q_growth_year": null,
            "roe": null,
            "roe_4q": 0,
            "gross_profit": null,
            "gross_margin": null,
            "gross_margin_4q_avg": 0,
            "net_income": null,
            "revenue": null,
            "common_shares": null,
            "book_valuer_per_share": null,
            "book_valuer_per_share_4q_avg": 2,
            "equity": null,
            "current_ratio": null,
            "debt_ratio": null,
            "inventory_turnover_ratio": null,
            "account_receivable_turnover_ratio": null,
            "reinvestment_rate": null,
            "research_to_sale_ratio": null,
            "price_fair": 0,
            "eps_avg_yearly": 0,
            "eps_latest_yearly": 0,
            "eps_growth_yearly": 0
        },
        "20094": {
            "year_quarter": 20094,
            "year": 2009,
            "quarter": 4,
            "eps": null,
            "eps_growth_year": null,
            "eps_4q": null,
            "eps_4q_growth_year": null,
            "roe": null,
            "roe_4q": 0,
            "gross_profit": null,
            "gross_margin": null,
            "gross_margin_4q_avg": 0,
            "net_income": null,
            "revenue": null,
            "common_shares": 930000,
            "book_valuer_per_share": 8.01,
            "book_valuer_per_share_4q_avg": 2,
            "equity": 744640,
            "current_ratio": 111.45,
            "debt_ratio": 42.35,
            "inventory_turnover_ratio": null,
            "account_receivable_turnover_ratio": null,
            "reinvestment_rate": null,
            "research_to_sale_ratio": null,
            "price_fair": 0,
            "eps_avg_yearly": 0,
            "eps_latest_yearly": 0,
            "eps_growth_yearly": 0
        },
        "20101": {
            "year_quarter": 20101,
            "year": 2010,
            "quarter": 1,
            "eps": null,
            "eps_growth_year": null,
            "eps_4q": null,
            "eps_4q_growth_year": null,
            "roe": null,
            "roe_4q": 0,
            "gross_profit": null,
            "gross_margin": null,
            "gross_margin_4q_avg": 0,
            "net_income": null,
            "revenue": null,
            "common_shares": null,
            "book_valuer_per_share": null,
            "book_valuer_per_share_4q_avg": 2,
            "equity": null,
            "current_ratio": null,
            "debt_ratio": null,
            "inventory_turnover_ratio": null,
            "account_receivable_turnover_ratio": null,
            "reinvestment_rate": null,
            "research_to_sale_ratio": null,
            "price_fair": 0,
            "eps_avg_yearly": 0,
            "eps_latest_yearly": 0,
            "eps_growth_yearly": 0
        },
        "20102": {
            "year_quarter": 20102,
            "year": 2010,
            "quarter": 2,
            "eps": null,
            "eps_growth_year": null,
            "eps_4q": null,
            "eps_4q_growth_year": null,
            "roe": null,
            "roe_4q": 0,
            "gross_profit": null,
            "gross_margin": null,
            "gross_margin_4q_avg": 0,
            "net_income": null,
            "revenue": null,
            "common_shares": null,
            "book_valuer_per_share": null,
            "book_valuer_per_share_4q_avg": 2,
            "equity": null,
            "current_ratio": null,
            "debt_ratio": null,
            "inventory_turnover_ratio": null,
            "account_receivable_turnover_ratio": null,
            "reinvestment_rate": null,
            "research_to_sale_ratio": null,
            "price_fair": 0,
            "eps_avg_yearly": 0,
            "eps_latest_yearly": 0,
            "eps_growth_yearly": 0
        },
        "20103": {
            "year_quarter": 20103,
            "year": 2010,
            "quarter": 3,
            "eps": null,
            "eps_growth_year": null,
            "eps_4q": null,
            "eps_4q_growth_year": null,
            "roe": null,
            "roe_4q": 0,
            "gross_profit": null,
            "gross_margin": null,
            "gross_margin_4q_avg": 0,
            "net_income": null,
            "revenue": null,
            "common_shares": null,
            "book_valuer_per_share": null,
            "book_valuer_per_share_4q_avg": 2,
            "equity": null,
            "current_ratio": null,
            "debt_ratio": null,
            "inventory_turnover_ratio": null,
            "account_receivable_turnover_ratio": null,
            "reinvestment_rate": null,
            "research_to_sale_ratio": null,
            "price_fair": 0,
            "eps_avg_yearly": 0,
            "eps_latest_yearly": 0,
            "eps_growth_yearly": 0
        },
        "20104": {
            "year_quarter": 20104,
            "year": 2010,
            "quarter": 4,
            "eps": null,
            "eps_growth_year": null,
            "eps_4q": null,
            "eps_4q_growth_year": null,
            "roe": null,
            "roe_4q": 0,
            "gross_profit": null,
            "gross_margin": null,
            "gross_margin_4q_avg": 0,
            "net_income": null,
            "revenue": null,
            "common_shares": 1142810,
            "book_valuer_per_share": 7.01,
            "book_valuer_per_share_4q_avg": 1.75,
            "equity": 801278,
            "current_ratio": 90.07,
            "debt_ratio": 49.86,
            "inventory_turnover_ratio": null,
            "account_receivable_turnover_ratio": null,
            "reinvestment_rate": null,
            "research_to_sale_ratio": null,
            "price_fair": 0,
            "eps_avg_yearly": 0,
            "eps_latest_yearly": 0,
            "eps_growth_yearly": 0
        },
        "20111": {
            "year_quarter": 20111,
            "year": 2011,
            "quarter": 1,
            "eps": null,
            "eps_growth_year": null,
            "eps_4q": null,
            "eps_4q_growth_year": null,
            "roe": null,
            "roe_4q": 0,
            "gross_profit": null,
            "gross_margin": null,
            "gross_margin_4q_avg": 0,
            "net_income": null,
            "revenue": null,
            "common_shares": null,
            "book_valuer_per_share": null,
            "book_valuer_per_share_4q_avg": 1.75,
            "equity": null,
            "current_ratio": null,
            "debt_ratio": null,
            "inventory_turnover_ratio": null,
            "account_receivable_turnover_ratio": null,
            "reinvestment_rate": null,
            "research_to_sale_ratio": null,
            "price_fair": 0,
            "eps_avg_yearly": 0,
            "eps_latest_yearly": 0,
            "eps_growth_yearly": 0
        },
        "20112": {
            "year_quarter": 20112,
            "year": 2011,
            "quarter": 2,
            "eps": null,
            "eps_growth_year": null,
            "eps_4q": null,
            "eps_4q_growth_year": null,
            "roe": null,
            "roe_4q": 0,
            "gross_profit": null,
            "gross_margin": null,
            "gross_margin_4q_avg": 0,
            "net_income": null,
            "revenue": null,
            "common_shares": 1242810,
            "book_valuer_per_share": null,
            "book_valuer_per_share_4q_avg": 1.75,
            "equity": 1259169,
            "current_ratio": null,
            "debt_ratio": null,
            "inventory_turnover_ratio": null,
            "account_receivable_turnover_ratio": null,
            "reinvestment_rate": null,
            "research_to_sale_ratio": null,
            "price_fair": 0,
            "eps_avg_yearly": 0,
            "eps_latest_yearly": 0,
            "eps_growth_yearly": 0
        },
        "20113": {
            "year_quarter": 20113,
            "year": 2011,
            "quarter": 3,
            "eps": null,
            "eps_growth_year": null,
            "eps_4q": null,
            "eps_4q_growth_year": null,
            "roe": null,
            "roe_4q": 0,
            "gross_profit": null,
            "gross_margin": null,
            "gross_margin_4q_avg": 0,
            "net_income": null,
            "revenue": null,
            "common_shares": null,
            "book_valuer_per_share": null,
            "book_valuer_per_share_4q_avg": 1.75,
            "equity": null,
            "current_ratio": null,
            "debt_ratio": null,
            "inventory_turnover_ratio": null,
            "account_receivable_turnover_ratio": null,
            "reinvestment_rate": null,
            "research_to_sale_ratio": null,
            "price_fair": 0,
            "eps_avg_yearly": 0,
            "eps_latest_yearly": 0,
            "eps_growth_yearly": 0
        },
        "20114": {
            "year_quarter": 20114,
            "year": 2011,
            "quarter": 4,
            "eps": null,
            "eps_growth_year": null,
            "eps_4q": null,
            "eps_4q_growth_year": null,
            "roe": null,
            "roe_4q": 0,
            "gross_profit": null,
            "gross_margin": null,
            "gross_margin_4q_avg": 0,
            "net_income": null,
            "revenue": null,
            "common_shares": 1313310,
            "book_valuer_per_share": 10.04,
            "book_valuer_per_share_4q_avg": 2.51,
            "equity": 1318736,
            "current_ratio": 148.68,
            "debt_ratio": 43.5,
            "inventory_turnover_ratio": null,
            "account_receivable_turnover_ratio": null,
            "reinvestment_rate": null,
            "research_to_sale_ratio": null,
            "price_fair": 0,
            "eps_avg_yearly": 0,
            "eps_latest_yearly": 0,
            "eps_growth_yearly": 0
        },
        "20121": {
            "year_quarter": 20121,
            "year": 2012,
            "quarter": 1,
            "eps": null,
            "eps_growth_year": null,
            "eps_4q": null,
            "eps_4q_growth_year": null,
            "roe": null,
            "roe_4q": 0,
            "gross_profit": null,
            "gross_margin": null,
            "gross_margin_4q_avg": 0,
            "net_income": null,
            "revenue": null,
            "common_shares": null,
            "book_valuer_per_share": null,
            "book_valuer_per_share_4q_avg": 2.51,
            "equity": null,
            "current_ratio": null,
            "debt_ratio": null,
            "inventory_turnover_ratio": null,
            "account_receivable_turnover_ratio": null,
            "reinvestment_rate": null,
            "research_to_sale_ratio": null,
            "price_fair": 0,
            "eps_avg_yearly": 0,
            "eps_latest_yearly": 0,
            "eps_growth_yearly": 0
        },
        "20122": {
            "year_quarter": 20122,
            "year": 2012,
            "quarter": 2,
            "eps": null,
            "eps_growth_year": null,
            "eps_4q": null,
            "eps_4q_growth_year": null,
            "roe": null,
            "roe_4q": 0,
            "gross_profit": null,
            "gross_margin": null,
            "gross_margin_4q_avg": 0,
            "net_income": null,
            "revenue": null,
            "common_shares": 1373310,
            "book_valuer_per_share": 8.75,
            "book_valuer_per_share_4q_avg": 4.7,
            "equity": 1201766,
            "current_ratio": 184.39,
            "debt_ratio": 47.41,
            "inventory_turnover_ratio": null,
            "account_receivable_turnover_ratio": null,
            "reinvestment_rate": null,
            "research_to_sale_ratio": null,
            "price_fair": 0,
            "eps_avg_yearly": 0,
            "eps_latest_yearly": 0,
            "eps_growth_yearly": 0
        },
        "20123": {
            "year_quarter": 20123,
            "year": 2012,
            "quarter": 3,
            "eps": null,
            "eps_growth_year": null,
            "eps_4q": null,
            "eps_4q_growth_year": null,
            "roe": null,
            "roe_4q": 0,
            "gross_profit": null,
            "gross_margin": null,
            "gross_margin_4q_avg": 0,
            "net_income": null,
            "revenue": null,
            "common_shares": null,
            "book_valuer_per_share": null,
            "book_valuer_per_share_4q_avg": 4.7,
            "equity": null,
            "current_ratio": null,
            "debt_ratio": null,
            "inventory_turnover_ratio": null,
            "account_receivable_turnover_ratio": null,
            "reinvestment_rate": null,
            "research_to_sale_ratio": null,
            "price_fair": 0,
            "eps_avg_yearly": 0,
            "eps_latest_yearly": 0,
            "eps_growth_yearly": 0
        },
        "20124": {
            "year_quarter": 20124,
            "year": 2012,
            "quarter": 4,
            "eps": null,
            "eps_growth_year": null,
            "eps_4q": null,
            "eps_4q_growth_year": null,
            "roe": null,
            "roe_4q": 0,
            "gross_profit": null,
            "gross_margin": null,
            "gross_margin_4q_avg": 0,
            "net_income": null,
            "revenue": null,
            "common_shares": 1480910,
            "book_valuer_per_share": 8.61,
            "book_valuer_per_share_4q_avg": 4.34,
            "equity": 1274728,
            "current_ratio": 206.2,
            "debt_ratio": 46.39,
            "inventory_turnover_ratio": null,
            "account_receivable_turnover_ratio": null,
            "reinvestment_rate": null,
            "research_to_sale_ratio": null,
            "price_fair": 0,
            "eps_avg_yearly": 0,
            "eps_latest_yearly": 0,
            "eps_growth_yearly": 0
        },
        "20131": {
            "year_quarter": 20131,
            "year": 2013,
            "quarter": 1,
            "eps": null,
            "eps_growth_year": null,
            "eps_4q": null,
            "eps_4q_growth_year": null,
            "roe": null,
            "roe_4q": 0,
            "gross_profit": null,
            "gross_margin": null,
            "gross_margin_4q_avg": 0,
            "net_income": null,
            "revenue": null,
            "common_shares": null,
            "book_valuer_per_share": null,
            "book_valuer_per_share_4q_avg": 4.34,
            "equity": null,
            "current_ratio": null,
            "debt_ratio": null,
            "inventory_turnover_ratio": null,
            "account_receivable_turnover_ratio": null,
            "reinvestment_rate": null,
            "research_to_sale_ratio": null,
            "price_fair": 0,
            "eps_avg_yearly": 0,
            "eps_latest_yearly": 0,
            "eps_growth_yearly": 0
        },
        "20132": {
            "year_quarter": 20132,
            "year": 2013,
            "quarter": 2,
            "eps": null,
            "eps_growth_year": null,
            "eps_4q": null,
            "eps_4q_growth_year": null,
            "roe": null,
            "roe_4q": 0,
            "gross_profit": null,
            "gross_margin": null,
            "gross_margin_4q_avg": 0,
            "net_income": null,
            "revenue": null,
            "common_shares": 1603540,
            "book_valuer_per_share": 9.29,
            "book_valuer_per_share_4q_avg": 4.48,
            "equity": 1489178,
            "current_ratio": 175.45,
            "debt_ratio": 46.95,
            "inventory_turnover_ratio": null,
            "account_receivable_turnover_ratio": null,
            "reinvestment_rate": null,
            "research_to_sale_ratio": null,
            "price_fair": 0,
            "eps_avg_yearly": 0,
            "eps_latest_yearly": 0,
            "eps_growth_yearly": 0
        },
        "20133": {
            "year_quarter": 20133,
            "year": 2013,
            "quarter": 3,
            "eps": null,
            "eps_growth_year": null,
            "eps_4q": null,
            "eps_4q_growth_year": null,
            "roe": null,
            "roe_4q": 0,
            "gross_profit": 28383,
            "gross_margin": null,
            "gross_margin_4q_avg": 0,
            "net_income": -37592,
            "revenue": 242490,
            "common_shares": 1606320,
            "book_valuer_per_share": 9.08,
            "book_valuer_per_share_4q_avg": 6.75,
            "equity": 1457859,
            "current_ratio": 93.88,
            "debt_ratio": 47.13,
            "inventory_turnover_ratio": null,
            "account_receivable_turnover_ratio": null,
            "reinvestment_rate": null,
            "research_to_sale_ratio": null,
            "price_fair": 0,
            "eps_avg_yearly": 0,
            "eps_latest_yearly": 0,
            "eps_growth_yearly": 0
        },
        "20134": {
            "year_quarter": 20134,
            "year": 2013,
            "quarter": 4,
            "eps": null,
            "eps_growth_year": null,
            "eps_4q": null,
            "eps_4q_growth_year": null,
            "roe": null,
            "roe_4q": 0,
            "gross_profit": 10408,
            "gross_margin": null,
            "gross_margin_4q_avg": 0,
            "net_income": -79293,
            "revenue": 241557,
            "common_shares": 1613090,
            "book_valuer_per_share": 8.64,
            "book_valuer_per_share_4q_avg": 6.75,
            "equity": 1394222,
            "current_ratio": 75.1,
            "debt_ratio": 50.58,
            "inventory_turnover_ratio": null,
            "account_receivable_turnover_ratio": null,
            "reinvestment_rate": null,
            "research_to_sale_ratio": null,
            "price_fair": 0,
            "eps_avg_yearly": 0,
            "eps_latest_yearly": 0,
            "eps_growth_yearly": 0
        },
        "20141": {
            "year_quarter": 20141,
            "year": 2014,
            "quarter": 1,
            "eps": null,
            "eps_growth_year": null,
            "eps_4q": null,
            "eps_4q_growth_year": null,
            "roe": null,
            "roe_4q": 0,
            "gross_profit": 20948,
            "gross_margin": null,
            "gross_margin_4q_avg": 0,
            "net_income": -72694,
            "revenue": 225615,
            "common_shares": 1615420,
            "book_valuer_per_share": 9.12,
            "book_valuer_per_share_4q_avg": 9.03,
            "equity": 1473339,
            "current_ratio": 93.85,
            "debt_ratio": 51.12,
            "inventory_turnover_ratio": null,
            "account_receivable_turnover_ratio": null,
            "reinvestment_rate": null,
            "research_to_sale_ratio": null,
            "price_fair": 0,
            "eps_avg_yearly": 0,
            "eps_latest_yearly": 0,
            "eps_growth_yearly": 0
        },
        "20142": {
            "year_quarter": 20142,
            "year": 2014,
            "quarter": 2,
            "eps": 0,
            "eps_growth_year": null,
            "eps_4q": 0,
            "eps_4q_growth_year": null,
            "roe": 0,
            "roe_4q": 0,
            "gross_profit": 0,
            "gross_margin": null,
            "gross_margin_4q_avg": 0,
            "net_income": 0,
            "revenue": 0,
            "common_shares": 1704840,
            "book_valuer_per_share": 8.69,
            "book_valuer_per_share_4q_avg": 8.88,
            "equity": 1481449,
            "current_ratio": 115.83,
            "debt_ratio": 51.81,
            "inventory_turnover_ratio": 0,
            "account_receivable_turnover_ratio": 0,
            "reinvestment_rate": null,
            "research_to_sale_ratio": null,
            "price_fair": 0,
            "eps_avg_yearly": 0,
            "eps_latest_yearly": 0,
            "eps_growth_yearly": 0
        },
        "20143": {
            "year_quarter": 20143,
            "year": 2014,
            "quarter": 3,
            "eps": -0.79,
            "eps_growth_year": null,
            "eps_4q": -0.79,
            "eps_4q_growth_year": null,
            "roe": -9.49,
            "roe_4q": -9.49,
            "gross_profit": -28878,
            "gross_margin": -13.44,
            "gross_margin_4q_avg": -3.36,
            "net_income": -135407,
            "revenue": 214822,
            "common_shares": 1720170,
            "book_valuer_per_share": 7.97,
            "book_valuer_per_share_4q_avg": 8.61,
            "equity": 1371473,
            "current_ratio": 115.99,
            "debt_ratio": 56,
            "inventory_turnover_ratio": 0.46,
            "account_receivable_turnover_ratio": 0.91,
            "reinvestment_rate": null,
            "research_to_sale_ratio": 30.65,
            "price_fair": 0,
            "eps_avg_yearly": 0,
            "eps_latest_yearly": 0,
            "eps_growth_yearly": 0
        },
        "20144": {
            "year_quarter": 20144,
            "year": 2014,
            "quarter": 4,
            "eps": -0.53,
            "eps_growth_year": null,
            "eps_4q": -1.32,
            "eps_4q_growth_year": null,
            "roe": -6.9,
            "roe_4q": -16.39,
            "gross_profit": 7685,
            "gross_margin": 2.35,
            "gross_margin_4q_avg": -2.77,
            "net_income": -91939,
            "revenue": 326918,
            "common_shares": 1723740,
            "book_valuer_per_share": 7.5,
            "book_valuer_per_share_4q_avg": 8.32,
            "equity": 1293399,
            "current_ratio": 113.4,
            "debt_ratio": 58.71,
            "inventory_turnover_ratio": 0.59,
            "account_receivable_turnover_ratio": 1.38,
            "reinvestment_rate": null,
            "research_to_sale_ratio": 19.5,
            "price_fair": 0,
            "eps_avg_yearly": 0,
            "eps_latest_yearly": 0,
            "eps_growth_yearly": 0
        },
        "20151": {
            "year_quarter": 20151,
            "year": 2015,
            "quarter": 1,
            "eps": -0.69,
            "eps_growth_year": null,
            "eps_4q": -2,
            "eps_4q_growth_year": null,
            "roe": -9.49,
            "roe_4q": -25.880000000000003,
            "gross_profit": -11817,
            "gross_margin": -4.1,
            "gross_margin_4q_avg": -3.8,
            "net_income": -117616,
            "revenue": 287977,
            "common_shares": 1724870,
            "book_valuer_per_share": 6.87,
            "book_valuer_per_share_4q_avg": 7.76,
            "equity": 1184655,
            "current_ratio": 103.59,
            "debt_ratio": 61.33,
            "inventory_turnover_ratio": 0.54,
            "account_receivable_turnover_ratio": 1.27,
            "reinvestment_rate": null,
            "research_to_sale_ratio": 22.32,
            "price_fair": 0,
            "eps_avg_yearly": 0,
            "eps_latest_yearly": 0,
            "eps_growth_yearly": 0
        },
        "20152": {
            "year_quarter": 20152,
            "year": 2015,
            "quarter": 2,
            "eps": -0.55,
            "eps_growth_year": null,
            "eps_4q": -2.37,
            "eps_4q_growth_year": null,
            "roe": -7.46,
            "roe_4q": -33.34,
            "gross_profit": -9817,
            "gross_margin": -3.39,
            "gross_margin_4q_avg": -4.65,
            "net_income": -97985,
            "revenue": 289464,
            "common_shares": 1865270,
            "book_valuer_per_share": 7.74,
            "book_valuer_per_share_4q_avg": 7.52,
            "equity": 1442957,
            "current_ratio": 111.04,
            "debt_ratio": 53.73,
            "inventory_turnover_ratio": 0.54,
            "account_receivable_turnover_ratio": 1.3,
            "reinvestment_rate": null,
            "research_to_sale_ratio": 20.48,
            "price_fair": 0,
            "eps_avg_yearly": 0,
            "eps_latest_yearly": 0,
            "eps_growth_yearly": 0
        },
        "20153": {
            "year_quarter": 20153,
            "year": 2015,
            "quarter": 3,
            "eps": -0.61,
            "eps_growth_year": null,
            "eps_4q": -2.02,
            "eps_4q_growth_year": null,
            "roe": -7.29,
            "roe_4q": -31.14,
            "gross_profit": -11935,
            "gross_margin": -4.11,
            "gross_margin_4q_avg": -2.31,
            "net_income": -116313,
            "revenue": 290296,
            "common_shares": 2095668,
            "book_valuer_per_share": 8.33,
            "book_valuer_per_share_4q_avg": 7.61,
            "equity": 1746467,
            "current_ratio": 137.82,
            "debt_ratio": 49.88,
            "inventory_turnover_ratio": 0.52,
            "account_receivable_turnover_ratio": 1.15,
            "reinvestment_rate": null,
            "research_to_sale_ratio": 24.06,
            "price_fair": 0,
            "eps_avg_yearly": 0,
            "eps_latest_yearly": 0,
            "eps_growth_yearly": 0
        },
        "20154": {
            "year_quarter": 20154,
            "year": 2015,
            "quarter": 4,
            "eps": -0.77,
            "eps_growth_year": null,
            "eps_4q": -2.35,
            "eps_4q_growth_year": null,
            "roe": -9.7,
            "roe_4q": -33.94,
            "gross_profit": -48830,
            "gross_margin": -19.31,
            "gross_margin_4q_avg": -7.73,
            "net_income": -161879,
            "revenue": 252872,
            "common_shares": 2097998,
            "book_valuer_per_share": 7.59,
            "book_valuer_per_share_4q_avg": 7.63,
            "equity": 1591845,
            "current_ratio": 123.47,
            "debt_ratio": 50.95,
            "inventory_turnover_ratio": 0.49,
            "account_receivable_turnover_ratio": 1.04,
            "reinvestment_rate": null,
            "research_to_sale_ratio": 24.63,
            "price_fair": 0,
            "eps_avg_yearly": 0,
            "eps_latest_yearly": 0,
            "eps_growth_yearly": 0
        },
        "20161": {
            "year_quarter": 20161,
            "year": 2016,
            "quarter": 1,
            "eps": -0.56,
            "eps_growth_year": null,
            "eps_4q": -2.35,
            "eps_4q_growth_year": null,
            "roe": -7.64,
            "roe_4q": -32.089999999999996,
            "gross_profit": -19762,
            "gross_margin": -6.72,
            "gross_margin_4q_avg": -8.38,
            "net_income": -117359,
            "revenue": 293879,
            "common_shares": 2097673,
            "book_valuer_per_share": 7.05,
            "book_valuer_per_share_4q_avg": 7.68,
            "equity": 1478551,
            "current_ratio": 110.76,
            "debt_ratio": 52.41,
            "inventory_turnover_ratio": 0.5,
            "account_receivable_turnover_ratio": 1.43,
            "reinvestment_rate": null,
            "research_to_sale_ratio": 21.25,
            "price_fair": 0,
            "eps_avg_yearly": 0,
            "eps_latest_yearly": 0,
            "eps_growth_yearly": 0
        },
        "20162": {
            "year_quarter": 20162,
            "year": 2016,
            "quarter": 2,
            "eps": -0.26,
            "eps_growth_year": null,
            "eps_4q": -1.86,
            "eps_4q_growth_year": null,
            "roe": -3.38,
            "roe_4q": -28.009999999999998,
            "gross_profit": 40981,
            "gross_margin": 11.79,
            "gross_margin_4q_avg": -4.59,
            "net_income": -61085,
            "revenue": 347506,
            "common_shares": 2459963,
            "book_valuer_per_share": 8.69,
            "book_valuer_per_share_4q_avg": 7.92,
            "equity": 2136440,
            "current_ratio": 137.16,
            "debt_ratio": 35.88,
            "inventory_turnover_ratio": 0.5,
            "account_receivable_turnover_ratio": 1.45,
            "reinvestment_rate": null,
            "research_to_sale_ratio": 17.71,
            "price_fair": 0,
            "eps_avg_yearly": 0,
            "eps_latest_yearly": 0,
            "eps_growth_yearly": 0
        },
        "20163": {
            "year_quarter": 20163,
            "year": 2016,
            "quarter": 3,
            "eps": -0.2,
            "eps_growth_year": null,
            "eps_4q": -1.58,
            "eps_4q_growth_year": null,
            "roe": -2.31,
            "roe_4q": -23.029999999999998,
            "gross_profit": 48152,
            "gross_margin": 11.78,
            "gross_margin_4q_avg": -0.61,
            "net_income": -48883,
            "revenue": 408892,
            "common_shares": 2459963,
            "book_valuer_per_share": 8.49,
            "book_valuer_per_share_4q_avg": 7.96,
            "equity": 2089296,
            "current_ratio": 177.68,
            "debt_ratio": 38.76,
            "inventory_turnover_ratio": 0.56,
            "account_receivable_turnover_ratio": 1.4,
            "reinvestment_rate": null,
            "research_to_sale_ratio": 14.76,
            "price_fair": 0,
            "eps_avg_yearly": 0,
            "eps_latest_yearly": 0,
            "eps_growth_yearly": 0
        },
        "20164": {
            "year_quarter": 20164,
            "year": 2016,
            "quarter": 4,
            "eps": 0.08,
            "eps_growth_year": null,
            "eps_4q": -0.84,
            "eps_4q_growth_year": null,
            "roe": 0.93,
            "roe_4q": -12.399999999999999,
            "gross_profit": 117526,
            "gross_margin": 24.39,
            "gross_margin_4q_avg": 10.31,
            "net_income": 19630,
            "revenue": 481873,
            "common_shares": 2465268,
            "book_valuer_per_share": 8.6,
            "book_valuer_per_share_4q_avg": 8.21,
            "equity": 2119242,
            "current_ratio": 206.6,
            "debt_ratio": 38.33,
            "inventory_turnover_ratio": 0.54,
            "account_receivable_turnover_ratio": 1.59,
            "reinvestment_rate": null,
            "research_to_sale_ratio": 12.1,
            "price_fair": 0,
            "eps_avg_yearly": 0,
            "eps_latest_yearly": 0,
            "eps_growth_yearly": 0
        },
        "20171": {
            "year_quarter": 20171,
            "year": 2017,
            "quarter": 1,
            "eps": 0.05,
            "eps_growth_year": null,
            "eps_4q": -0.31,
            "eps_4q_growth_year": null,
            "roe": 0.62,
            "roe_4q": -4.14,
            "gross_profit": 118587,
            "gross_margin": 25.46,
            "gross_margin_4q_avg": 18.36,
            "net_income": 13130,
            "revenue": 465804,
            "common_shares": 2464963,
            "book_valuer_per_share": 8.66,
            "book_valuer_per_share_4q_avg": 8.61,
            "equity": 2135643,
            "current_ratio": 382.6,
            "debt_ratio": 37.66,
            "inventory_turnover_ratio": 0.54,
            "account_receivable_turnover_ratio": 1.38,
            "reinvestment_rate": null,
            "research_to_sale_ratio": 12.24,
            "price_fair": 0.6,
            "eps_avg_yearly": 0.2,
            "eps_latest_yearly": 0.2,
            "eps_growth_yearly": -150
        },
        "20172": {
            "year_quarter": 20172,
            "year": 2017,
            "quarter": 2,
            "eps": 0.19,
            "eps_growth_year": null,
            "eps_4q": 0.12,
            "eps_4q_growth_year": null,
            "roe": 2.11,
            "roe_4q": 1.35,
            "gross_profit": 162324,
            "gross_margin": 36.55,
            "gross_margin_4q_avg": 24.55,
            "net_income": 45699,
            "revenue": 444158,
            "common_shares": 2464963,
            "book_valuer_per_share": 8.9,
            "book_valuer_per_share_4q_avg": 8.66,
            "equity": 2193529,
            "current_ratio": 400.78,
            "debt_ratio": 46.5,
            "inventory_turnover_ratio": 0.46,
            "account_receivable_turnover_ratio": 1.13,
            "reinvestment_rate": null,
            "research_to_sale_ratio": 13.55,
            "price_fair": 16.8,
            "eps_avg_yearly": 0.48,
            "eps_latest_yearly": 0.76,
            "eps_growth_yearly": 485
        },
        "20173": {
            "year_quarter": 20173,
            "year": 2017,
            "quarter": 3,
            "eps": 0.07,
            "eps_growth_year": null,
            "eps_4q": 0.39,
            "eps_4q_growth_year": null,
            "roe": 0.76,
            "roe_4q": 4.42,
            "gross_profit": 111883,
            "gross_margin": 28.77,
            "gross_margin_4q_avg": 28.79,
            "net_income": 16707,
            "revenue": 388854,
            "common_shares": 2465578,
            "book_valuer_per_share": 8.98,
            "book_valuer_per_share_4q_avg": 8.79,
            "equity": 2213601,
            "current_ratio": 410.15,
            "debt_ratio": 39.4,
            "inventory_turnover_ratio": 0.43,
            "account_receivable_turnover_ratio": 0.97,
            "reinvestment_rate": null,
            "research_to_sale_ratio": 13.76,
            "price_fair": 14.47,
            "eps_avg_yearly": 0.41,
            "eps_latest_yearly": 0.28,
            "eps_growth_yearly": 239.12
        },
        "20174": {
            "year_quarter": 20174,
            "year": 2017,
            "quarter": 4,
            "eps": -0.22,
            "eps_growth_year": -371.27,
            "eps_4q": 0.09,
            "eps_4q_growth_year": null,
            "roe": -2.43,
            "roe_4q": 1.0599999999999996,
            "gross_profit": 47546,
            "gross_margin": 14.89,
            "gross_margin_4q_avg": 26.42,
            "net_income": -53263,
            "revenue": 319303,
            "common_shares": 2465878,
            "book_valuer_per_share": 8.77,
            "book_valuer_per_share_4q_avg": 8.83,
            "equity": 2163020,
            "current_ratio": 221.53,
            "debt_ratio": 45.21,
            "inventory_turnover_ratio": 0.38,
            "account_receivable_turnover_ratio": 0.95,
            "reinvestment_rate": null,
            "research_to_sale_ratio": 14.11,
            "price_fair": 14.47,
            "eps_avg_yearly": 0.41,
            "eps_latest_yearly": 0.28,
            "eps_growth_yearly": 239.12
        },
        "20181": {
            "year_quarter": 20181,
            "year": 2018,
            "quarter": 1,
            "eps": -0.4,
            "eps_growth_year": -900,
            "eps_4q": -0.36,
            "eps_4q_growth_year": null,
            "roe": -4.64,
            "roe_4q": -4.200000000000001,
            "gross_profit": -19700,
            "gross_margin": -7.03,
            "gross_margin_4q_avg": 18.3,
            "net_income": -98160,
            "revenue": 280140,
            "common_shares": 2465488,
            "book_valuer_per_share": 8.38,
            "book_valuer_per_share_4q_avg": 8.76,
            "equity": 2066356,
            "current_ratio": 313.58,
            "debt_ratio": 40.64,
            "inventory_turnover_ratio": 0.37,
            "account_receivable_turnover_ratio": 0.97,
            "reinvestment_rate": null,
            "research_to_sale_ratio": 12.89,
            "price_fair": 14.47,
            "eps_avg_yearly": 0.41,
            "eps_latest_yearly": 0.28,
            "eps_growth_yearly": 239.12
        },
        "20182": {
            "year_quarter": 20182,
            "year": 2018,
            "quarter": 2,
            "eps": -0.21,
            "eps_growth_year": -210.53,
            "eps_4q": -0.75,
            "eps_4q_growth_year": -728.32,
            "roe": -2.54,
            "roe_4q": -8.85,
            "gross_profit": 3580,
            "gross_margin": 1.14,
            "gross_margin_4q_avg": 9.44,
            "net_income": -52312,
            "revenue": 313361,
            "common_shares": 2480822,
            "book_valuer_per_share": 8.3,
            "book_valuer_per_share_4q_avg": 8.61,
            "equity": 2058432,
            "current_ratio": 236.98,
            "debt_ratio": 43.29,
            "inventory_turnover_ratio": 0.37,
            "account_receivable_turnover_ratio": 1.07,
            "reinvestment_rate": null,
            "research_to_sale_ratio": 11.58,
            "price_fair": 14.47,
            "eps_avg_yearly": 0.41,
            "eps_latest_yearly": 0.28,
            "eps_growth_yearly": 239.12
        },
        "20183": {
            "year_quarter": 20183,
            "year": 2018,
            "quarter": 3,
            "eps": -0.39,
            "eps_growth_year": -657.14,
            "eps_4q": -1.21,
            "eps_4q_growth_year": -413.8,
            "roe": -4.81,
            "roe_4q": -14.419999999999998,
            "gross_profit": -44763,
            "gross_margin": -17.17,
            "gross_margin_4q_avg": -2.04,
            "net_income": -96697,
            "revenue": 260686,
            "common_shares": 2480477,
            "book_valuer_per_share": 7.92,
            "book_valuer_per_share_4q_avg": 8.34,
            "equity": 1964893,
            "current_ratio": 206.1,
            "debt_ratio": 45.95,
            "inventory_turnover_ratio": 0.34,
            "account_receivable_turnover_ratio": 0.98,
            "reinvestment_rate": null,
            "research_to_sale_ratio": 9.3,
            "price_fair": 14.47,
            "eps_avg_yearly": 0.41,
            "eps_latest_yearly": 0.28,
            "eps_growth_yearly": 239.12
        },
        "20184": {
            "year_quarter": 20184,
            "year": 2018,
            "quarter": 4,
            "eps": -0.45,
            "eps_growth_year": null,
            "eps_4q": -1.45,
            "eps_4q_growth_year": -1704.77,
            "roe": -5.88,
            "roe_4q": -17.87,
            "gross_profit": -9606,
            "gross_margin": -3.83,
            "gross_margin_4q_avg": -6.72,
            "net_income": -112378,
            "revenue": 250504,
            "common_shares": 2480477,
            "book_valuer_per_share": 7.48,
            "book_valuer_per_share_4q_avg": 8.02,
            "equity": 1855770,
            "current_ratio": 190.46,
            "debt_ratio": 47.42,
            "inventory_turnover_ratio": 0.27,
            "account_receivable_turnover_ratio": 1.23,
            "reinvestment_rate": null,
            "research_to_sale_ratio": 18.44,
            "price_fair": 14.47,
            "eps_avg_yearly": 0.41,
            "eps_latest_yearly": 0.28,
            "eps_growth_yearly": 239.12
        },
        "20191": {
            "year_quarter": 20191,
            "year": 2019,
            "quarter": 1,
            "eps": -0.05,
            "eps_growth_year": null,
            "eps_4q": -1.11,
            "eps_4q_growth_year": null,
            "roe": -0.73,
            "roe_4q": -13.959999999999997,
            "gross_profit": 65897,
            "gross_margin": 22.16,
            "gross_margin_4q_avg": 0.57,
            "net_income": -13537,
            "revenue": 297377,
            "common_shares": 2480477,
            "book_valuer_per_share": 7.43,
            "book_valuer_per_share_4q_avg": 7.78,
            "equity": 1842335,
            "current_ratio": 195.59,
            "debt_ratio": 52.17,
            "inventory_turnover_ratio": 0.24,
            "account_receivable_turnover_ratio": 1.53,
            "reinvestment_rate": null,
            "research_to_sale_ratio": 13.75,
            "price_fair": 14.47,
            "eps_avg_yearly": 0.41,
            "eps_latest_yearly": 0.28,
            "eps_growth_yearly": 239.12
        },
        "20192": {
            "year_quarter": 20192,
            "year": 2019,
            "quarter": 2,
            "eps": -0.14,
            "eps_growth_year": null,
            "eps_4q": -1,
            "eps_4q_growth_year": null,
            "roe": -1.86,
            "roe_4q": -13.279999999999998,
            "gross_profit": 55554,
            "gross_margin": 18.26,
            "gross_margin_4q_avg": 4.86,
            "net_income": -34761,
            "revenue": 304228,
            "common_shares": 2480327,
            "book_valuer_per_share": 7.49,
            "book_valuer_per_share_4q_avg": 7.58,
            "equity": 1893125,
            "current_ratio": 110.29,
            "debt_ratio": 51.7,
            "inventory_turnover_ratio": 0.27,
            "account_receivable_turnover_ratio": 1.29,
            "reinvestment_rate": null,
            "research_to_sale_ratio": 15.28,
            "price_fair": 14.47,
            "eps_avg_yearly": 0.41,
            "eps_latest_yearly": 0.28,
            "eps_growth_yearly": 239.12
        },
        "20193": {
            "year_quarter": 20193,
            "year": 2019,
            "quarter": 3,
            "eps": 0.01,
            "eps_growth_year": null,
            "eps_4q": -0.59,
            "eps_4q_growth_year": null,
            "roe": 0.1,
            "roe_4q": -8.370000000000001,
            "gross_profit": 93979,
            "gross_margin": 27.52,
            "gross_margin_4q_avg": 16.03,
            "net_income": 1968,
            "revenue": 341464,
            "common_shares": 2679982,
            "book_valuer_per_share": 8.1,
            "book_valuer_per_share_4q_avg": 7.63,
            "equity": 2170482,
            "current_ratio": 130.34,
            "debt_ratio": 46.58,
            "inventory_turnover_ratio": 0.29,
            "account_receivable_turnover_ratio": 1.51,
            "reinvestment_rate": null,
            "research_to_sale_ratio": 15.5,
            "price_fair": 14.47,
            "eps_avg_yearly": 0.41,
            "eps_latest_yearly": 0.28,
            "eps_growth_yearly": 239.12
        },
        "20194": {
            "year_quarter": 20194,
            "year": 2019,
            "quarter": 4,
            "eps": 0.15,
            "eps_growth_year": null,
            "eps_4q": -0.02,
            "eps_4q_growth_year": null,
            "roe": 1.89,
            "roe_4q": -0.6000000000000001,
            "gross_profit": 135564,
            "gross_margin": 36.09,
            "gross_margin_4q_avg": 26.01,
            "net_income": 41396,
            "revenue": 375625,
            "common_shares": 2679982,
            "book_valuer_per_share": 8.26,
            "book_valuer_per_share_4q_avg": 7.82,
            "equity": 2213850,
            "current_ratio": 132.11,
            "debt_ratio": 45.11,
            "inventory_turnover_ratio": 0.28,
            "account_receivable_turnover_ratio": 1.66,
            "reinvestment_rate": null,
            "research_to_sale_ratio": 12.62,
            "price_fair": 16.1,
            "eps_avg_yearly": 0.46,
            "eps_latest_yearly": 0.6,
            "eps_growth_yearly": 1579.34
        },
        "20201": {
            "year_quarter": 20201,
            "year": 2020,
            "quarter": 1,
            "eps": 0.34,
            "eps_growth_year": null,
            "eps_4q": 0.37,
            "eps_4q_growth_year": null,
            "roe": 4.04,
            "roe_4q": 4.169999999999999,
            "gross_profit": 127985,
            "gross_margin": 29.83,
            "gross_margin_4q_avg": 27.93,
            "net_income": 91426,
            "revenue": 428989,
            "common_shares": 2683940,
            "book_valuer_per_share": 8.63,
            "book_valuer_per_share_4q_avg": 8.12,
            "equity": 2317268,
            "current_ratio": 135.69,
            "debt_ratio": 45.93,
            "inventory_turnover_ratio": 0.34,
            "account_receivable_turnover_ratio": 1.51,
            "reinvestment_rate": null,
            "research_to_sale_ratio": 9.87,
            "price_fair": 22.4,
            "eps_avg_yearly": 0.64,
            "eps_latest_yearly": 1.36,
            "eps_growth_yearly": 1364.81
        },
        "20202": {
            "year_quarter": 20202,
            "year": 2020,
            "quarter": 2,
            "eps": 0.08,
            "eps_growth_year": null,
            "eps_4q": 0.54,
            "eps_4q_growth_year": null,
            "roe": 0.86,
            "roe_4q": 6.89,
            "gross_profit": 108415,
            "gross_margin": 26.97,
            "gross_margin_4q_avg": 30.1,
            "net_income": 22973,
            "revenue": 401919,
            "common_shares": 2936010,
            "book_valuer_per_share": 10.26,
            "book_valuer_per_share_4q_avg": 8.81,
            "equity": 3012778,
            "current_ratio": 344.37,
            "debt_ratio": 39.22,
            "inventory_turnover_ratio": 0.31,
            "account_receivable_turnover_ratio": 1.16,
            "reinvestment_rate": null,
            "research_to_sale_ratio": 12.13,
            "price_fair": 20.53,
            "eps_avg_yearly": 0.59,
            "eps_latest_yearly": 0.32,
            "eps_growth_yearly": 1086.36
        },
        "20203": {
            "year_quarter": 20203,
            "year": 2020,
            "quarter": 3,
            "eps": 0.15,
            "eps_growth_year": 1400,
            "eps_4q": 0.67,
            "eps_4q_growth_year": null,
            "roe": 1.45,
            "roe_4q": 8.24,
            "gross_profit": 131431,
            "gross_margin": 30.61,
            "gross_margin_4q_avg": 30.88,
            "net_income": 45040,
            "revenue": 429318,
            "common_shares": 2982995,
            "book_valuer_per_share": 10.66,
            "book_valuer_per_share_4q_avg": 9.45,
            "equity": 3180697,
            "current_ratio": 439.23,
            "debt_ratio": 32.7,
            "inventory_turnover_ratio": 0.29,
            "account_receivable_turnover_ratio": 1.17,
            "reinvestment_rate": null,
            "research_to_sale_ratio": 9.61,
            "price_fair": 20.6,
            "eps_avg_yearly": 0.59,
            "eps_latest_yearly": 0.6,
            "eps_growth_yearly": 981.16
        },
        "20204": {
            "year_quarter": 20204,
            "year": 2020,
            "quarter": 4,
            "eps": 0.3,
            "eps_growth_year": 97.15,
            "eps_4q": 0.84,
            "eps_4q_growth_year": null,
            "roe": 2.81,
            "roe_4q": 9.16,
            "gross_profit": 190811,
            "gross_margin": 33.65,
            "gross_margin_4q_avg": 30.27,
            "net_income": 91502,
            "revenue": 567014,
            "common_shares": 3004786,
            "book_valuer_per_share": 11.08,
            "book_valuer_per_share_4q_avg": 10.16,
            "equity": 3330240,
            "current_ratio": 447.56,
            "debt_ratio": 31.15,
            "inventory_turnover_ratio": 0.35,
            "account_receivable_turnover_ratio": 1.2,
            "reinvestment_rate": null,
            "research_to_sale_ratio": 8.25,
            "price_fair": 23.28,
            "eps_avg_yearly": 0.67,
            "eps_latest_yearly": 1.2,
            "eps_growth_yearly": 908.52
        },
        "20211": {
            "year_quarter": 20211,
            "year": 2021,
            "quarter": 1,
            "eps": 0.27,
            "eps_growth_year": -20.59,
            "eps_4q": 0.8,
            "eps_4q_growth_year": 113.73,
            "roe": 2.37,
            "roe_4q": 7.49,
            "gross_profit": 154710,
            "gross_margin": 30.58,
            "gross_margin_4q_avg": 30.45,
            "net_income": 80000,
            "revenue": 505947,
            "common_shares": 3006861,
            "book_valuer_per_share": 11.36,
            "book_valuer_per_share_4q_avg": 10.84,
            "equity": 3416967,
            "current_ratio": 552.4,
            "debt_ratio": 29,
            "inventory_turnover_ratio": 0.32,
            "account_receivable_turnover_ratio": 0.8,
            "reinvestment_rate": null,
            "research_to_sale_ratio": 7.26,
            "price_fair": 27.13,
            "eps_avg_yearly": 0.78,
            "eps_latest_yearly": 1.08,
            "eps_growth_yearly": 922.27
        },
        "20212": {
            "year_quarter": 20212,
            "year": 2021,
            "quarter": 2,
            "eps": 0.05,
            "eps_growth_year": -37.5,
            "eps_4q": 0.77,
            "eps_4q_growth_year": 44.01,
            "roe": 0.47,
            "roe_4q": 7.1000000000000005,
            "gross_profit": 111132,
            "gross_margin": 21.22,
            "gross_margin_4q_avg": 29.02,
            "net_income": 16194,
            "revenue": 523599,
            "common_shares": 3007641,
            "book_valuer_per_share": 11.42,
            "book_valuer_per_share_4q_avg": 11.13,
            "equity": 3434574,
            "current_ratio": 591.26,
            "debt_ratio": 28.41,
            "inventory_turnover_ratio": 0.38,
            "account_receivable_turnover_ratio": 0.8,
            "reinvestment_rate": null,
            "research_to_sale_ratio": 8.65,
            "price_fair": 24.68,
            "eps_avg_yearly": 0.71,
            "eps_latest_yearly": 0.2,
            "eps_growth_yearly": 741.53
        },
        "20213": {
            "year_quarter": 20213,
            "year": 2021,
            "quarter": 3,
            "eps": -0.18,
            "eps_growth_year": -220,
            "eps_4q": 0.41,
            "eps_4q_growth_year": -38.65,
            "roe": -1.68,
            "roe_4q": 3.97,
            "gross_profit": 15209,
            "gross_margin": 4.01,
            "gross_margin_4q_avg": 22.37,
            "net_income": -56840,
            "revenue": 379045,
            "common_shares": 3168026,
            "book_valuer_per_share": 10.54,
            "book_valuer_per_share_4q_avg": 11.1,
            "equity": 3338735,
            "current_ratio": 612.86,
            "debt_ratio": 28.5,
            "inventory_turnover_ratio": 0.3,
            "account_receivable_turnover_ratio": 0.71,
            "reinvestment_rate": null,
            "research_to_sale_ratio": 13.25,
            "price_fair": 26.8,
            "eps_avg_yearly": 0.77,
            "eps_latest_yearly": 0.2,
            "eps_growth_yearly": 883.55
        },
        "20214": {
            "year_quarter": 20214,
            "year": 2021,
            "quarter": 4,
            "eps": -0.09,
            "eps_growth_year": -130.45,
            "eps_4q": 0.03,
            "eps_4q_growth_year": -96.24,
            "roe": -0.88,
            "roe_4q": 0.28000000000000025,
            "gross_profit": 26815,
            "gross_margin": 8,
            "gross_margin_4q_avg": 15.95,
            "net_income": -29398,
            "revenue": 335194,
            "common_shares": 3170206,
            "book_valuer_per_share": 10.45,
            "book_valuer_per_share_4q_avg": 10.94,
            "equity": 3312829,
            "current_ratio": 976.02,
            "debt_ratio": 27.01,
            "inventory_turnover_ratio": 0.23,
            "account_receivable_turnover_ratio": 0.71,
            "reinvestment_rate": null,
            "research_to_sale_ratio": 10.45,
            "price_fair": 26.8,
            "eps_avg_yearly": 0.77,
            "eps_latest_yearly": 0.2,
            "eps_growth_yearly": 883.55
        },
        "20221": {
            "year_quarter": 20221,
            "year": 2022,
            "quarter": 1,
            "eps": -0.17,
            "eps_growth_year": -162.96,
            "eps_4q": -0.39,
            "eps_4q_growth_year": -149.13,
            "roe": -1.64,
            "roe_4q": -3.7300000000000004,
            "gross_profit": 3688,
            "gross_margin": 1.2,
            "gross_margin_4q_avg": 8.61,
            "net_income": -54033,
            "revenue": 307339,
            "common_shares": 3170206,
            "book_valuer_per_share": 10.28,
            "book_valuer_per_share_4q_avg": 10.67,
            "equity": 3258655,
            "current_ratio": 789.25,
            "debt_ratio": 28.96,
            "inventory_turnover_ratio": 0.23,
            "account_receivable_turnover_ratio": 0.69,
            "reinvestment_rate": null,
            "research_to_sale_ratio": 11.29,
            "price_fair": 26.8,
            "eps_avg_yearly": 0.77,
            "eps_latest_yearly": 0.2,
            "eps_growth_yearly": 883.55
        },
        "20222": {
            "year_quarter": 20222,
            "year": 2022,
            "quarter": 2,
            "eps": 0,
            "eps_growth_year": -100,
            "eps_4q": -0.45,
            "eps_4q_growth_year": -157.8,
            "roe": -0.05,
            "roe_4q": -4.25,
            "gross_profit": 52515,
            "gross_margin": 14.75,
            "gross_margin_4q_avg": 6.99,
            "net_income": -1528,
            "revenue": 356145,
            "common_shares": 3170206,
            "book_valuer_per_share": 10.27,
            "book_valuer_per_share_4q_avg": 10.39,
            "equity": 3257180,
            "current_ratio": 256.13,
            "debt_ratio": 35.44,
            "inventory_turnover_ratio": 0.23,
            "account_receivable_turnover_ratio": 0.83,
            "reinvestment_rate": null,
            "research_to_sale_ratio": 9.12,
            "price_fair": 26.8,
            "eps_avg_yearly": 0.77,
            "eps_latest_yearly": 0.2,
            "eps_growth_yearly": 883.55
        },
        "20223": {
            "year_quarter": 20223,
            "year": 2022,
            "quarter": 3,
            "eps": 0.42,
            "eps_growth_year": null,
            "eps_4q": 0.15,
            "eps_4q_growth_year": -63.57,
            "roe": 3.99,
            "roe_4q": 1.4200000000000008,
            "gross_profit": 44443,
            "gross_margin": 12.77,
            "gross_margin_4q_avg": 9.18,
            "net_income": 132660,
            "revenue": 348095,
            "common_shares": 3170306,
            "book_valuer_per_share": 10.69,
            "book_valuer_per_share_4q_avg": 10.42,
            "equity": 3390093,
            "current_ratio": 403.85,
            "debt_ratio": 23.18,
            "inventory_turnover_ratio": 0.26,
            "account_receivable_turnover_ratio": 0.92,
            "reinvestment_rate": -356.32,
            "research_to_sale_ratio": 8.25,
            "price_fair": 26.8,
            "eps_avg_yearly": 0.77,
            "eps_latest_yearly": 0.2,
            "eps_growth_yearly": 883.55
        },
        "20224": {
            "year_quarter": 20224,
            "year": 2022,
            "quarter": 4,
            "eps": -0.13,
            "eps_growth_year": null,
            "eps_4q": 0.11,
            "eps_4q_growth_year": 265.25,
            "roe": -1.21,
            "roe_4q": 1.0900000000000005,
            "gross_profit": 30344,
            "gross_margin": 11.94,
            "gross_margin_4q_avg": 10.17,
            "net_income": -40789,
            "revenue": 254170,
            "common_shares": 3172166,
            "book_valuer_per_share": 10.57,
            "book_valuer_per_share_4q_avg": 10.45,
            "equity": 3366955,
            "current_ratio": 398.08,
            "debt_ratio": 23.63,
            "inventory_turnover_ratio": 0.21,
            "account_receivable_turnover_ratio": 0.85,
            "reinvestment_rate": -276.32,
            "research_to_sale_ratio": 9.14,
            "price_fair": 26.8,
            "eps_avg_yearly": 0.77,
            "eps_latest_yearly": 0.2,
            "eps_growth_yearly": 883.55
        },
        "20231": {
            "year_quarter": 20231,
            "year": 2023,
            "quarter": 1,
            "eps": -0.01,
            "eps_growth_year": null,
            "eps_4q": 0.28,
            "eps_4q_growth_year": null,
            "roe": -0.11,
            "roe_4q": 2.62,
            "gross_profit": 53177,
            "gross_margin": 23.97,
            "gross_margin_4q_avg": 15.86,
            "net_income": -3559,
            "revenue": 221892,
            "common_shares": 3172316,
            "book_valuer_per_share": 10.56,
            "book_valuer_per_share_4q_avg": 10.52,
            "equity": 3363643,
            "current_ratio": 444.04,
            "debt_ratio": 21.92,
            "inventory_turnover_ratio": 0.16,
            "account_receivable_turnover_ratio": 0.82,
            "reinvestment_rate": -269.25,
            "research_to_sale_ratio": 14.13,
            "price_fair": 26.8,
            "eps_avg_yearly": 0.77,
            "eps_latest_yearly": 0.2,
            "eps_growth_yearly": 883.55
        }
    },
    "months": {
        "2012-12": {
            "month": "2012-12",
            "price": "26.89",
            "revenue": 47259
        },
        "2013-01": {
            "month": "2013-01",
            "price": "26.19",
            "revenue": 87372
        },
        "2013-02": {
            "month": "2013-02",
            "price": "29.82",
            "revenue": 87875
        },
        "2013-03": {
            "month": "2013-03",
            "price": "29.21",
            "revenue": 86909
        },
        "2013-04": {
            "month": "2013-04",
            "price": "26.30",
            "revenue": 75579
        },
        "2013-05": {
            "month": "2013-05",
            "price": "26.29",
            "revenue": 97056
        },
        "2013-06": {
            "month": "2013-06",
            "price": "27.18",
            "revenue": 81794
        },
        "2013-07": {
            "month": "2013-07",
            "price": "30.48",
            "revenue": 93708
        },
        "2013-08": {
            "month": "2013-08",
            "price": "30.07",
            "revenue": 71589
        },
        "2013-09": {
            "month": "2013-09",
            "price": "27.81",
            "revenue": 77193
        },
        "2013-10": {
            "month": "2013-10",
            "price": "27.09",
            "revenue": 67962
        },
        "2013-11": {
            "month": "2013-11",
            "price": "24.02",
            "revenue": 80894
        },
        "2013-12": {
            "month": "2013-12",
            "price": "23.68",
            "revenue": 92702
        },
        "2014-01": {
            "month": "2014-01",
            "price": "24.36",
            "revenue": 67954
        },
        "2014-02": {
            "month": "2014-02",
            "price": "24.23",
            "revenue": 58800
        },
        "2014-03": {
            "month": "2014-03",
            "price": "25.61",
            "revenue": 98861
        },
        "2014-04": {
            "month": "2014-04",
            "price": "24.92",
            "revenue": 78527
        },
        "2014-05": {
            "month": "2014-05",
            "price": "27.00",
            "revenue": 94690
        },
        "2014-06": {
            "month": "2014-06",
            "price": "42.14",
            "revenue": 78230
        },
        "2014-07": {
            "month": "2014-07",
            "price": "48.29",
            "revenue": 73764
        },
        "2014-08": {
            "month": "2014-08",
            "price": "39.06",
            "revenue": 76310
        },
        "2014-09": {
            "month": "2014-09",
            "price": "38.96",
            "revenue": 64747
        },
        "2014-10": {
            "month": "2014-10",
            "price": "36.01",
            "revenue": 106186
        },
        "2014-11": {
            "month": "2014-11",
            "price": "37.42",
            "revenue": 111846
        },
        "2014-12": {
            "month": "2014-12",
            "price": "34.54",
            "revenue": 108886
        },
        "2015-01": {
            "month": "2015-01",
            "price": "31.47",
            "revenue": 86104
        },
        "2015-02": {
            "month": "2015-02",
            "price": "30.98",
            "revenue": 94545
        },
        "2015-03": {
            "month": "2015-03",
            "price": "33.09",
            "revenue": 107328
        },
        "2015-04": {
            "month": "2015-04",
            "price": "29.77",
            "revenue": 99940
        },
        "2015-05": {
            "month": "2015-05",
            "price": "29.68",
            "revenue": 92173
        },
        "2015-06": {
            "month": "2015-06",
            "price": "28.02",
            "revenue": 97350
        },
        "2015-07": {
            "month": "2015-07",
            "price": "26.06",
            "revenue": 82428
        },
        "2015-08": {
            "month": "2015-08",
            "price": "24.47",
            "revenue": 104921
        },
        "2015-09": {
            "month": "2015-09",
            "price": "28.61",
            "revenue": 102947
        },
        "2015-10": {
            "month": "2015-10",
            "price": "34.68",
            "revenue": 95980
        },
        "2015-11": {
            "month": "2015-11",
            "price": "32.56",
            "revenue": 91079
        },
        "2015-12": {
            "month": "2015-12",
            "price": "29.53",
            "revenue": 65813
        },
        "2016-01": {
            "month": "2016-01",
            "price": "23.72",
            "revenue": 84492
        },
        "2016-02": {
            "month": "2016-02",
            "price": "23.51",
            "revenue": 101267
        },
        "2016-03": {
            "month": "2016-03",
            "price": "23.95",
            "revenue": 108120
        },
        "2016-04": {
            "month": "2016-04",
            "price": "22.48",
            "revenue": 108618
        },
        "2016-05": {
            "month": "2016-05",
            "price": "23.25",
            "revenue": 115138
        },
        "2016-06": {
            "month": "2016-06",
            "price": "24.75",
            "revenue": 123750
        },
        "2016-07": {
            "month": "2016-07",
            "price": "27.56",
            "revenue": 121928
        },
        "2016-08": {
            "month": "2016-08",
            "price": "26.05",
            "revenue": 135728
        },
        "2016-09": {
            "month": "2016-09",
            "price": "27.04",
            "revenue": 151236
        },
        "2016-10": {
            "month": "2016-10",
            "price": "26.43",
            "revenue": 160201
        },
        "2016-11": {
            "month": "2016-11",
            "price": "26.32",
            "revenue": 154753
        },
        "2016-12": {
            "month": "2016-12",
            "price": "26.63",
            "revenue": 166919
        },
        "2017-01": {
            "month": "2017-01",
            "price": "26.54",
            "revenue": 147959
        },
        "2017-02": {
            "month": "2017-02",
            "price": "26.26",
            "revenue": 150176
        },
        "2017-03": {
            "month": "2017-03",
            "price": "26.38",
            "revenue": 167669
        },
        "2017-04": {
            "month": "2017-04",
            "price": "24.62",
            "revenue": 153295
        },
        "2017-05": {
            "month": "2017-05",
            "price": "23.70",
            "revenue": 134535
        },
        "2017-06": {
            "month": "2017-06",
            "price": "24.27",
            "revenue": 156328
        },
        "2017-07": {
            "month": "2017-07",
            "price": "23.94",
            "revenue": 112610
        },
        "2017-08": {
            "month": "2017-08",
            "price": "24.04",
            "revenue": 113020
        },
        "2017-09": {
            "month": "2017-09",
            "price": "26.42",
            "revenue": 163224
        },
        "2017-10": {
            "month": "2017-10",
            "price": "26.79",
            "revenue": 105949
        },
        "2017-11": {
            "month": "2017-11",
            "price": "28.62",
            "revenue": 103463
        },
        "2017-12": {
            "month": "2017-12",
            "price": "28.20",
            "revenue": 109891
        },
        "2018-01": {
            "month": "2018-01",
            "price": "28.60",
            "revenue": 97934
        },
        "2018-02": {
            "month": "2018-02",
            "price": "27.25",
            "revenue": 81649
        },
        "2018-03": {
            "month": "2018-03",
            "price": "26.57",
            "revenue": 100557
        },
        "2018-04": {
            "month": "2018-04",
            "price": "27.64",
            "revenue": 108580
        },
        "2018-05": {
            "month": "2018-05",
            "price": "26.65",
            "revenue": 86130
        },
        "2018-06": {
            "month": "2018-06",
            "price": "25.57",
            "revenue": 118651
        },
        "2018-07": {
            "month": "2018-07",
            "price": "23.99",
            "revenue": 96095
        },
        "2018-08": {
            "month": "2018-08",
            "price": "22.61",
            "revenue": 89394
        },
        "2018-09": {
            "month": "2018-09",
            "price": "20.09",
            "revenue": 75197
        },
        "2018-10": {
            "month": "2018-10",
            "price": "17.44",
            "revenue": 91879
        },
        "2018-11": {
            "month": "2018-11",
            "price": "15.77",
            "revenue": 82169
        },
        "2018-12": {
            "month": "2018-12",
            "price": "16.59",
            "revenue": 76456
        },
        "2019-01": {
            "month": "2019-01",
            "price": "16.18",
            "revenue": 92396
        },
        "2019-02": {
            "month": "2019-02",
            "price": "16.34",
            "revenue": 77299
        },
        "2019-03": {
            "month": "2019-03",
            "price": "17.94",
            "revenue": 127682
        },
        "2019-04": {
            "month": "2019-04",
            "price": "21.99",
            "revenue": 102920
        },
        "2019-05": {
            "month": "2019-05",
            "price": "19.78",
            "revenue": 96931
        },
        "2019-06": {
            "month": "2019-06",
            "price": "18.80",
            "revenue": 104377
        },
        "2019-07": {
            "month": "2019-07",
            "price": "18.92",
            "revenue": 112669
        },
        "2019-08": {
            "month": "2019-08",
            "price": "17.70",
            "revenue": 125573
        },
        "2019-09": {
            "month": "2019-09",
            "price": "20.32",
            "revenue": 103222
        },
        "2019-10": {
            "month": "2019-10",
            "price": "20.29",
            "revenue": 133827
        },
        "2019-11": {
            "month": "2019-11",
            "price": "21.24",
            "revenue": 103253
        },
        "2019-12": {
            "month": "2019-12",
            "price": "21.10",
            "revenue": 138545
        },
        "2020-01": {
            "month": "2020-01",
            "price": "20.77",
            "revenue": 132273
        },
        "2020-02": {
            "month": "2020-02",
            "price": "22.09",
            "revenue": 149360
        },
        "2020-03": {
            "month": "2020-03",
            "price": "22.37",
            "revenue": 147356
        },
        "2020-04": {
            "month": "2020-04",
            "price": "23.28",
            "revenue": 135398
        },
        "2020-05": {
            "month": "2020-05",
            "price": "26.06",
            "revenue": 156473
        },
        "2020-06": {
            "month": "2020-06",
            "price": "36.03",
            "revenue": 110048
        },
        "2020-07": {
            "month": "2020-07",
            "price": "36.04",
            "revenue": 120582
        },
        "2020-08": {
            "month": "2020-08",
            "price": "33.71",
            "revenue": 149844
        },
        "2020-09": {
            "month": "2020-09",
            "price": "34.41",
            "revenue": 158892
        },
        "2020-10": {
            "month": "2020-10",
            "price": "32.44",
            "revenue": 124150
        },
        "2020-11": {
            "month": "2020-11",
            "price": "32.63",
            "revenue": 241197
        },
        "2020-12": {
            "month": "2020-12",
            "price": "33.85",
            "revenue": 201667
        },
        "2021-01": {
            "month": "2021-01",
            "price": "30.59",
            "revenue": 200393
        },
        "2021-02": {
            "month": "2021-02",
            "price": "30.05",
            "revenue": 153013
        },
        "2021-03": {
            "month": "2021-03",
            "price": "30.02",
            "revenue": 152541
        },
        "2021-04": {
            "month": "2021-04",
            "price": "30.81",
            "revenue": 147188
        },
        "2021-05": {
            "month": "2021-05",
            "price": "29.55",
            "revenue": 175153
        },
        "2021-06": {
            "month": "2021-06",
            "price": "27.69",
            "revenue": 201258
        },
        "2021-07": {
            "month": "2021-07",
            "price": "26.35",
            "revenue": 122118
        },
        "2021-08": {
            "month": "2021-08",
            "price": "23.78",
            "revenue": 122247
        },
        "2021-09": {
            "month": "2021-09",
            "price": "21.42",
            "revenue": 134680
        },
        "2021-10": {
            "month": "2021-10",
            "price": "19.94",
            "revenue": 130019
        },
        "2021-11": {
            "month": "2021-11",
            "price": "19.55",
            "revenue": 107789
        },
        "2021-12": {
            "month": "2021-12",
            "price": "18.99",
            "revenue": 97386
        },
        "2022-01": {
            "month": "2022-01",
            "price": "18.56",
            "revenue": 90694
        },
        "2022-02": {
            "month": "2022-02",
            "price": "17.66",
            "revenue": 71346
        },
        "2022-03": {
            "month": "2022-03",
            "price": "17.13",
            "revenue": 145299
        },
        "2022-04": {
            "month": "2022-04",
            "price": "19.40",
            "revenue": 131376
        },
        "2022-05": {
            "month": "2022-05",
            "price": "16.84",
            "revenue": 114481
        },
        "2022-06": {
            "month": "2022-06",
            "price": "17.39",
            "revenue": 110288
        },
        "2022-07": {
            "month": "2022-07",
            "price": "16.35",
            "revenue": 100851
        },
        "2022-08": {
            "month": "2022-08",
            "price": "17.15",
            "revenue": 137582
        },
        "2022-09": {
            "month": "2022-09",
            "price": "18.82",
            "revenue": 109662
        },
        "2022-10": {
            "month": "2022-10",
            "price": "16.73",
            "revenue": 120243
        },
        "2022-11": {
            "month": "2022-11",
            "price": "17.37",
            "revenue": 51545
        },
        "2022-12": {
            "month": "2022-12",
            "price": "23.18",
            "revenue": 82382
        },
        "2023-01": {
            "month": "2023-01",
            "price": "22.16",
            "revenue": 77223
        },
        "2023-02": {
            "month": "2023-02",
            "price": "21.13",
            "revenue": 62303
        },
        "2023-03": {
            "month": "2023-03",
            "price": "19.57",
            "revenue": 82366
        },
        "2023-04": {
            "month": "2023-04",
            "price": "18.92",
            "revenue": 68965
        }
    }
}
