{
    "summary": {
        "stock_name": "瑞基",
        "stock_id": "4171",
        "category": "農業科技",
        "main_business": "動物用藥製造業、生物技術服務業<br>醫療器材製造業、一般儀器製造業",
        "website_url": "http://www.genereach.com",
        "ceo": "鍾德豫",
        "pe_ratio": -14,
        "report_year_from": 2011,
        "report_year_to": 2023,
        "age": 13,
        "eps_negative_percentage": 55,
        "eps_growth_avg": {
            "last_all": 20.51,
            "last_2y": -32.48,
            "last_4y": 20.51,
            "last_8y": 20.51,
            "last_12y": null,
            "last_16y": null,
            "last_20y": null,
            "at_2006_last_3y": null,
            "at_2007_last_3y": null,
            "at_2008_last_3y": null,
            "at_2009_last_3y": null,
            "at_2010_last_3y": null,
            "at_2011_last_3y": null,
            "at_2012_last_3y": null,
            "at_2013_last_3y": null,
            "at_2014_last_3y": null,
            "at_2015_last_3y": null,
            "at_2016_last_3y": null,
            "at_2017_last_3y": null,
            "at_2018_last_3y": null,
            "at_2019_last_3y": 100,
            "at_2020_last_3y": 100,
            "at_2021_last_3y": 81.44,
            "at_2022_last_3y": 50.64,
            "at_2023_last_3y": 0.64,
            "at_2024_last_3y": 0.64,
            "at_2006_last_all": null,
            "at_2007_last_all": null,
            "at_2008_last_all": null,
            "at_2009_last_all": null,
            "at_2010_last_all": null,
            "at_2011_last_all": null,
            "at_2012_last_all": null,
            "at_2013_last_all": null,
            "at_2014_last_all": null,
            "at_2015_last_all": null,
            "at_2016_last_all": null,
            "at_2017_last_all": null,
            "at_2018_last_all": null,
            "at_2019_last_all": 100,
            "at_2020_last_all": 100,
            "at_2021_last_all": 81.44,
            "at_2022_last_all": 50.64,
            "at_2023_last_all": 20.51,
            "at_2024_last_all": 20.51
        },
        "latest_eps": -2.8,
        "latest_price": 39.45,
        "latest_roe": -15.58,
        "latest_gross_margin": 40.84,
        "latest_equity": 923914,
        "latest_revenue": 48187,
        "latest_gross_profit": 19682,
        "latest_net_income": -25874,
        "latest_debt_ratio": 23.54,
        "latest_current_ratio": 425.75,
        "latest_account_receivable_turnover_ratio": 1.15,
        "latest_inventory_turnover_ratio": 0.2,
        "latest_reinvestment_rate": 12.71,
        "latest_research_to_sale_ratio": 33.36
    },
    "eps_dividends": {
        "2001": {
            "cash": 0,
            "stock": 0,
            "eps": 0
        },
        "2002": {
            "cash": 0,
            "stock": 0,
            "eps": 0
        },
        "2003": {
            "cash": 0,
            "stock": 0,
            "eps": 0
        },
        "2004": {
            "cash": 0,
            "stock": 0,
            "eps": 0
        },
        "2005": {
            "cash": 0,
            "stock": 0,
            "eps": 0
        },
        "2006": {
            "cash": 0,
            "stock": 0,
            "eps": 0
        },
        "2007": {
            "cash": 0,
            "stock": 0,
            "eps": 0
        },
        "2008": {
            "cash": 0,
            "stock": 0,
            "eps": 0
        },
        "2009": {
            "cash": 0,
            "stock": 0,
            "eps": 0
        },
        "2010": {
            "cash": 0,
            "stock": 0,
            "eps": 0
        },
        "2011": {
            "cash": 0,
            "stock": 0,
            "eps": 0
        },
        "2012": {
            "cash": 0,
            "stock": 0,
            "eps": 0
        },
        "2013": {
            "cash": 0,
            "stock": 0,
            "eps": -0.41
        },
        "2014": {
            "cash": 0,
            "stock": 0,
            "eps": -0.96
        },
        "2015": {
            "cash": 0,
            "stock": 0,
            "eps": -0.72
        },
        "2016": {
            "cash": 0,
            "stock": 0,
            "eps": -1.12
        },
        "2017": {
            "cash": 0,
            "stock": 0,
            "eps": -1.39
        },
        "2018": {
            "cash": 0,
            "stock": 0,
            "eps": 0.83
        },
        "2019": {
            "cash": 0,
            "stock": 0,
            "eps": 2.02
        },
        "2020": {
            "cash": 0,
            "stock": 0,
            "eps": 6.34
        },
        "2021": {
            "cash": 3.54,
            "stock": 0.29,
            "eps": 9.15
        },
        "2022": {
            "cash": 5,
            "stock": 1,
            "eps": 5.33
        },
        "2023": {
            "cash": 1.5,
            "stock": 2.5,
            "eps": -2.04
        }
    },
    "dividends": {
        "2021-11-18": {
            "cash": 3.54,
            "stock": 0.29
        },
        "2022-10-31": {
            "cash": 5,
            "stock": 1
        },
        "2023-09-04": {
            "cash": 1.5,
            "stock": 2.5
        }
    },
    "prices": {
        "200101": "無",
        "200102": "無",
        "200103": "無",
        "200104": "無",
        "200105": "無",
        "200106": "無",
        "200107": "無",
        "200108": "無",
        "200109": "無",
        "200110": "無",
        "200111": "無",
        "200112": "無",
        "200201": "無",
        "200202": "無",
        "200203": "無",
        "200204": "無",
        "200205": "無",
        "200206": "無",
        "200207": "無",
        "200208": "無",
        "200209": "無",
        "200210": "無",
        "200211": "無",
        "200212": "無",
        "200301": "無",
        "200302": "無",
        "200303": "無",
        "200304": "無",
        "200305": "無",
        "200306": "無",
        "200307": "無",
        "200308": "無",
        "200309": "無",
        "200310": "無",
        "200311": "無",
        "200312": "無",
        "200401": "無",
        "200402": "無",
        "200403": "無",
        "200404": "無",
        "200405": "無",
        "200406": "無",
        "200407": "無",
        "200408": "無",
        "200409": "無",
        "200410": "無",
        "200411": "無",
        "200412": "無",
        "200501": "無",
        "200502": "無",
        "200503": "無",
        "200504": "無",
        "200505": "無",
        "200506": "無",
        "200507": "無",
        "200508": "無",
        "200509": "無",
        "200510": "無",
        "200511": "無",
        "200512": "無",
        "200601": "無",
        "200602": "無",
        "200603": "無",
        "200604": "無",
        "200605": "無",
        "200606": "無",
        "200607": "無",
        "200608": "無",
        "200609": "無",
        "200610": "無",
        "200611": "無",
        "200612": "無",
        "200701": "無",
        "200702": "無",
        "200703": "無",
        "200704": "無",
        "200705": "無",
        "200706": "無",
        "200707": "無",
        "200708": "無",
        "200709": "無",
        "200710": "無",
        "200711": "無",
        "200712": "無",
        "200801": "無",
        "200802": "無",
        "200803": "無",
        "200804": "無",
        "200805": "無",
        "200806": "無",
        "200807": "無",
        "200808": "無",
        "200809": "無",
        "200810": "無",
        "200811": "無",
        "200812": "無",
        "200901": "無",
        "200902": "無",
        "200903": "無",
        "200904": "無",
        "200905": "無",
        "200906": "無",
        "200907": "無",
        "200908": "無",
        "200909": "無",
        "200910": "無",
        "200911": "無",
        "200912": "無",
        "201001": "無",
        "201002": "無",
        "201003": "無",
        "201004": "無",
        "201005": "無",
        "201006": "無",
        "201007": "無",
        "201008": "無",
        "201009": "無",
        "201010": "無",
        "201011": "無",
        "201012": "無",
        "201101": "無",
        "201102": "無",
        "201103": "無",
        "201104": "無",
        "201105": "無",
        "201106": "無",
        "201107": "無",
        "201108": "無",
        "201109": "無",
        "201110": "無",
        "201111": "無",
        "201112": "無",
        "201201": "無",
        "201202": "無",
        "201203": "無",
        "201204": "無",
        "201205": "無",
        "201206": "無",
        "201207": "無",
        "201208": "無",
        "201209": "無",
        "201210": "無",
        "201211": "44.25",
        "201212": "42.08",
        "201301": "43.28",
        "201302": "42.30",
        "201303": "40.98",
        "201304": "42.45",
        "201305": "43.61",
        "201306": "48.73",
        "201307": "47.26",
        "201308": "47.38",
        "201309": "46.96",
        "201310": "44.19",
        "201311": "40.90",
        "201312": "40.47",
        "201401": "43.01",
        "201402": "41.87",
        "201403": "44.35",
        "201404": "48.64",
        "201405": "48.31",
        "201406": "46.96",
        "201407": "48.44",
        "201408": "37.98",
        "201409": "50.65",
        "201410": "61.62",
        "201411": "51.40",
        "201412": "54.48",
        "201501": "51.02",
        "201502": "49.63",
        "201503": "48.24",
        "201504": "47.99",
        "201505": "41.46",
        "201506": "38.86",
        "201507": "38.60",
        "201508": "28.69",
        "201509": "29.87",
        "201510": "41.51",
        "201511": "38.52",
        "201512": "34.08",
        "201601": "29.84",
        "201602": "30.88",
        "201603": "36.49",
        "201604": "34.01",
        "201605": "31.67",
        "201606": "30.93",
        "201607": "29.93",
        "201608": "28.25",
        "201609": "26.46",
        "201610": "24.32",
        "201611": "20.67",
        "201612": "20.48",
        "201701": "19.86",
        "201702": "21.45",
        "201703": "23.45",
        "201704": "21.37",
        "201705": "20.45",
        "201706": "21.36",
        "201707": "21.80",
        "201708": "20.45",
        "201709": "20.25",
        "201710": "20.83",
        "201711": "20.18",
        "201712": "19.52",
        "201801": "19.40",
        "201802": "18.36",
        "201803": "18.82",
        "201804": "18.41",
        "201805": "18.07",
        "201806": "19.58",
        "201807": "19.36",
        "201808": "20.96",
        "201809": "24.99",
        "201810": "30.32",
        "201811": "30.68",
        "201812": "37.83",
        "201901": "41.31",
        "201902": "42.16",
        "201903": "41.14",
        "201904": "39.34",
        "201905": "39.92",
        "201906": "39.47",
        "201907": "40.21",
        "201908": "40.42",
        "201909": "41.03",
        "201910": "41.81",
        "201911": "49.35",
        "201912": "64.10",
        "202001": "62.15",
        "202002": "64.85",
        "202003": "75.82",
        "202004": "127.44",
        "202005": "259.40",
        "202006": "376.50",
        "202007": "315.83",
        "202008": "212.64",
        "202009": "198.09",
        "202010": "157.84",
        "202011": "147.86",
        "202012": "146.41",
        "202101": "130.35",
        "202102": "130.54",
        "202103": "123.61",
        "202104": "118.05",
        "202105": "141.93",
        "202106": "140.40",
        "202107": "129.82",
        "202108": "116.05",
        "202109": "112.42",
        "202110": "83.52",
        "202111": "83.11",
        "202112": "88.11",
        "202201": "104.17",
        "202202": "97.28",
        "202203": "89.30",
        "202204": "142.72",
        "202205": "126.71",
        "202206": "99.19",
        "202207": "83.14",
        "202208": "79.62",
        "202209": "70.90",
        "202210": "50.90",
        "202211": "52.29",
        "202212": "56.85",
        "202301": "62.90",
        "202302": "61.69",
        "202303": "59.71",
        "202304": "59.52",
        "202305": "54.33",
        "202306": "52.22",
        "202307": "50.10",
        "202308": "37.08",
        "202309": "36.67",
        "202310": "32.30",
        "202311": "34.29",
        "202312": "40.54"
    },
    "quarters": {
        "20011": {
            "year_quarter": 20011,
            "year": 2001,
            "quarter": 1,
            "eps": null,
            "eps_growth_year": null,
            "eps_4q": null,
            "eps_4q_growth_year": null,
            "roe": null,
            "roe_4q": 0,
            "gross_profit": null,
            "gross_margin": null,
            "gross_margin_4q_avg": 0,
            "net_income": null,
            "net_income_4q": null,
            "revenue": null,
            "revenue_4q": null,
            "common_shares": null,
            "book_valuer_per_share": null,
            "book_valuer_per_share_4q_avg": 0,
            "equity": null,
            "current_ratio": null,
            "debt_ratio": null,
            "inventory_turnover_ratio": null,
            "account_receivable_turnover_ratio": null,
            "reinvestment_rate": null,
            "research_to_sale_ratio": null,
            "price_fair": 0,
            "eps_avg_yearly": 0,
            "eps_latest_yearly": 0,
            "eps_growth_yearly": 0
        },
        "20012": {
            "year_quarter": 20012,
            "year": 2001,
            "quarter": 2,
            "eps": null,
            "eps_growth_year": null,
            "eps_4q": null,
            "eps_4q_growth_year": null,
            "roe": null,
            "roe_4q": 0,
            "gross_profit": null,
            "gross_margin": null,
            "gross_margin_4q_avg": 0,
            "net_income": null,
            "net_income_4q": null,
            "revenue": null,
            "revenue_4q": null,
            "common_shares": null,
            "book_valuer_per_share": null,
            "book_valuer_per_share_4q_avg": 0,
            "equity": null,
            "current_ratio": null,
            "debt_ratio": null,
            "inventory_turnover_ratio": null,
            "account_receivable_turnover_ratio": null,
            "reinvestment_rate": null,
            "research_to_sale_ratio": null,
            "price_fair": 0,
            "eps_avg_yearly": 0,
            "eps_latest_yearly": 0,
            "eps_growth_yearly": 0
        },
        "20013": {
            "year_quarter": 20013,
            "year": 2001,
            "quarter": 3,
            "eps": null,
            "eps_growth_year": null,
            "eps_4q": null,
            "eps_4q_growth_year": null,
            "roe": null,
            "roe_4q": 0,
            "gross_profit": null,
            "gross_margin": null,
            "gross_margin_4q_avg": 0,
            "net_income": null,
            "net_income_4q": null,
            "revenue": null,
            "revenue_4q": null,
            "common_shares": null,
            "book_valuer_per_share": null,
            "book_valuer_per_share_4q_avg": 0,
            "equity": null,
            "current_ratio": null,
            "debt_ratio": null,
            "inventory_turnover_ratio": null,
            "account_receivable_turnover_ratio": null,
            "reinvestment_rate": null,
            "research_to_sale_ratio": null,
            "price_fair": 0,
            "eps_avg_yearly": 0,
            "eps_latest_yearly": 0,
            "eps_growth_yearly": 0
        },
        "20014": {
            "year_quarter": 20014,
            "year": 2001,
            "quarter": 4,
            "eps": null,
            "eps_growth_year": null,
            "eps_4q": null,
            "eps_4q_growth_year": null,
            "roe": null,
            "roe_4q": 0,
            "gross_profit": null,
            "gross_margin": null,
            "gross_margin_4q_avg": 0,
            "net_income": null,
            "net_income_4q": null,
            "revenue": null,
            "revenue_4q": null,
            "common_shares": null,
            "book_valuer_per_share": null,
            "book_valuer_per_share_4q_avg": 0,
            "equity": null,
            "current_ratio": null,
            "debt_ratio": null,
            "inventory_turnover_ratio": null,
            "account_receivable_turnover_ratio": null,
            "reinvestment_rate": null,
            "research_to_sale_ratio": null,
            "price_fair": 0,
            "eps_avg_yearly": 0,
            "eps_latest_yearly": 0,
            "eps_growth_yearly": 0
        },
        "20021": {
            "year_quarter": 20021,
            "year": 2002,
            "quarter": 1,
            "eps": null,
            "eps_growth_year": null,
            "eps_4q": null,
            "eps_4q_growth_year": null,
            "roe": null,
            "roe_4q": 0,
            "gross_profit": null,
            "gross_margin": null,
            "gross_margin_4q_avg": 0,
            "net_income": null,
            "net_income_4q": null,
            "revenue": null,
            "revenue_4q": null,
            "common_shares": null,
            "book_valuer_per_share": null,
            "book_valuer_per_share_4q_avg": 0,
            "equity": null,
            "current_ratio": null,
            "debt_ratio": null,
            "inventory_turnover_ratio": null,
            "account_receivable_turnover_ratio": null,
            "reinvestment_rate": null,
            "research_to_sale_ratio": null,
            "price_fair": 0,
            "eps_avg_yearly": 0,
            "eps_latest_yearly": 0,
            "eps_growth_yearly": 0
        },
        "20022": {
            "year_quarter": 20022,
            "year": 2002,
            "quarter": 2,
            "eps": null,
            "eps_growth_year": null,
            "eps_4q": null,
            "eps_4q_growth_year": null,
            "roe": null,
            "roe_4q": 0,
            "gross_profit": null,
            "gross_margin": null,
            "gross_margin_4q_avg": 0,
            "net_income": null,
            "net_income_4q": null,
            "revenue": null,
            "revenue_4q": null,
            "common_shares": null,
            "book_valuer_per_share": null,
            "book_valuer_per_share_4q_avg": 0,
            "equity": null,
            "current_ratio": null,
            "debt_ratio": null,
            "inventory_turnover_ratio": null,
            "account_receivable_turnover_ratio": null,
            "reinvestment_rate": null,
            "research_to_sale_ratio": null,
            "price_fair": 0,
            "eps_avg_yearly": 0,
            "eps_latest_yearly": 0,
            "eps_growth_yearly": 0
        },
        "20023": {
            "year_quarter": 20023,
            "year": 2002,
            "quarter": 3,
            "eps": null,
            "eps_growth_year": null,
            "eps_4q": null,
            "eps_4q_growth_year": null,
            "roe": null,
            "roe_4q": 0,
            "gross_profit": null,
            "gross_margin": null,
            "gross_margin_4q_avg": 0,
            "net_income": null,
            "net_income_4q": null,
            "revenue": null,
            "revenue_4q": null,
            "common_shares": null,
            "book_valuer_per_share": null,
            "book_valuer_per_share_4q_avg": 0,
            "equity": null,
            "current_ratio": null,
            "debt_ratio": null,
            "inventory_turnover_ratio": null,
            "account_receivable_turnover_ratio": null,
            "reinvestment_rate": null,
            "research_to_sale_ratio": null,
            "price_fair": 0,
            "eps_avg_yearly": 0,
            "eps_latest_yearly": 0,
            "eps_growth_yearly": 0
        },
        "20024": {
            "year_quarter": 20024,
            "year": 2002,
            "quarter": 4,
            "eps": null,
            "eps_growth_year": null,
            "eps_4q": null,
            "eps_4q_growth_year": null,
            "roe": null,
            "roe_4q": 0,
            "gross_profit": null,
            "gross_margin": null,
            "gross_margin_4q_avg": 0,
            "net_income": null,
            "net_income_4q": null,
            "revenue": null,
            "revenue_4q": null,
            "common_shares": null,
            "book_valuer_per_share": null,
            "book_valuer_per_share_4q_avg": 0,
            "equity": null,
            "current_ratio": null,
            "debt_ratio": null,
            "inventory_turnover_ratio": null,
            "account_receivable_turnover_ratio": null,
            "reinvestment_rate": null,
            "research_to_sale_ratio": null,
            "price_fair": 0,
            "eps_avg_yearly": 0,
            "eps_latest_yearly": 0,
            "eps_growth_yearly": 0
        },
        "20031": {
            "year_quarter": 20031,
            "year": 2003,
            "quarter": 1,
            "eps": null,
            "eps_growth_year": null,
            "eps_4q": null,
            "eps_4q_growth_year": null,
            "roe": null,
            "roe_4q": 0,
            "gross_profit": null,
            "gross_margin": null,
            "gross_margin_4q_avg": 0,
            "net_income": null,
            "net_income_4q": null,
            "revenue": null,
            "revenue_4q": null,
            "common_shares": null,
            "book_valuer_per_share": null,
            "book_valuer_per_share_4q_avg": 0,
            "equity": null,
            "current_ratio": null,
            "debt_ratio": null,
            "inventory_turnover_ratio": null,
            "account_receivable_turnover_ratio": null,
            "reinvestment_rate": null,
            "research_to_sale_ratio": null,
            "price_fair": 0,
            "eps_avg_yearly": 0,
            "eps_latest_yearly": 0,
            "eps_growth_yearly": 0
        },
        "20032": {
            "year_quarter": 20032,
            "year": 2003,
            "quarter": 2,
            "eps": null,
            "eps_growth_year": null,
            "eps_4q": null,
            "eps_4q_growth_year": null,
            "roe": null,
            "roe_4q": 0,
            "gross_profit": null,
            "gross_margin": null,
            "gross_margin_4q_avg": 0,
            "net_income": null,
            "net_income_4q": null,
            "revenue": null,
            "revenue_4q": null,
            "common_shares": null,
            "book_valuer_per_share": null,
            "book_valuer_per_share_4q_avg": 0,
            "equity": null,
            "current_ratio": null,
            "debt_ratio": null,
            "inventory_turnover_ratio": null,
            "account_receivable_turnover_ratio": null,
            "reinvestment_rate": null,
            "research_to_sale_ratio": null,
            "price_fair": 0,
            "eps_avg_yearly": 0,
            "eps_latest_yearly": 0,
            "eps_growth_yearly": 0
        },
        "20033": {
            "year_quarter": 20033,
            "year": 2003,
            "quarter": 3,
            "eps": null,
            "eps_growth_year": null,
            "eps_4q": null,
            "eps_4q_growth_year": null,
            "roe": null,
            "roe_4q": 0,
            "gross_profit": null,
            "gross_margin": null,
            "gross_margin_4q_avg": 0,
            "net_income": null,
            "net_income_4q": null,
            "revenue": null,
            "revenue_4q": null,
            "common_shares": null,
            "book_valuer_per_share": null,
            "book_valuer_per_share_4q_avg": 0,
            "equity": null,
            "current_ratio": null,
            "debt_ratio": null,
            "inventory_turnover_ratio": null,
            "account_receivable_turnover_ratio": null,
            "reinvestment_rate": null,
            "research_to_sale_ratio": null,
            "price_fair": 0,
            "eps_avg_yearly": 0,
            "eps_latest_yearly": 0,
            "eps_growth_yearly": 0
        },
        "20034": {
            "year_quarter": 20034,
            "year": 2003,
            "quarter": 4,
            "eps": null,
            "eps_growth_year": null,
            "eps_4q": null,
            "eps_4q_growth_year": null,
            "roe": null,
            "roe_4q": 0,
            "gross_profit": null,
            "gross_margin": null,
            "gross_margin_4q_avg": 0,
            "net_income": null,
            "net_income_4q": null,
            "revenue": null,
            "revenue_4q": null,
            "common_shares": null,
            "book_valuer_per_share": null,
            "book_valuer_per_share_4q_avg": 0,
            "equity": null,
            "current_ratio": null,
            "debt_ratio": null,
            "inventory_turnover_ratio": null,
            "account_receivable_turnover_ratio": null,
            "reinvestment_rate": null,
            "research_to_sale_ratio": null,
            "price_fair": 0,
            "eps_avg_yearly": 0,
            "eps_latest_yearly": 0,
            "eps_growth_yearly": 0
        },
        "20041": {
            "year_quarter": 20041,
            "year": 2004,
            "quarter": 1,
            "eps": null,
            "eps_growth_year": null,
            "eps_4q": null,
            "eps_4q_growth_year": null,
            "roe": null,
            "roe_4q": 0,
            "gross_profit": null,
            "gross_margin": null,
            "gross_margin_4q_avg": 0,
            "net_income": null,
            "net_income_4q": null,
            "revenue": null,
            "revenue_4q": null,
            "common_shares": null,
            "book_valuer_per_share": null,
            "book_valuer_per_share_4q_avg": 0,
            "equity": null,
            "current_ratio": null,
            "debt_ratio": null,
            "inventory_turnover_ratio": null,
            "account_receivable_turnover_ratio": null,
            "reinvestment_rate": null,
            "research_to_sale_ratio": null,
            "price_fair": 0,
            "eps_avg_yearly": 0,
            "eps_latest_yearly": 0,
            "eps_growth_yearly": 0
        },
        "20042": {
            "year_quarter": 20042,
            "year": 2004,
            "quarter": 2,
            "eps": null,
            "eps_growth_year": null,
            "eps_4q": null,
            "eps_4q_growth_year": null,
            "roe": null,
            "roe_4q": 0,
            "gross_profit": null,
            "gross_margin": null,
            "gross_margin_4q_avg": 0,
            "net_income": null,
            "net_income_4q": null,
            "revenue": null,
            "revenue_4q": null,
            "common_shares": null,
            "book_valuer_per_share": null,
            "book_valuer_per_share_4q_avg": 0,
            "equity": null,
            "current_ratio": null,
            "debt_ratio": null,
            "inventory_turnover_ratio": null,
            "account_receivable_turnover_ratio": null,
            "reinvestment_rate": null,
            "research_to_sale_ratio": null,
            "price_fair": 0,
            "eps_avg_yearly": 0,
            "eps_latest_yearly": 0,
            "eps_growth_yearly": 0
        },
        "20043": {
            "year_quarter": 20043,
            "year": 2004,
            "quarter": 3,
            "eps": null,
            "eps_growth_year": null,
            "eps_4q": null,
            "eps_4q_growth_year": null,
            "roe": null,
            "roe_4q": 0,
            "gross_profit": null,
            "gross_margin": null,
            "gross_margin_4q_avg": 0,
            "net_income": null,
            "net_income_4q": null,
            "revenue": null,
            "revenue_4q": null,
            "common_shares": null,
            "book_valuer_per_share": null,
            "book_valuer_per_share_4q_avg": 0,
            "equity": null,
            "current_ratio": null,
            "debt_ratio": null,
            "inventory_turnover_ratio": null,
            "account_receivable_turnover_ratio": null,
            "reinvestment_rate": null,
            "research_to_sale_ratio": null,
            "price_fair": 0,
            "eps_avg_yearly": 0,
            "eps_latest_yearly": 0,
            "eps_growth_yearly": 0
        },
        "20044": {
            "year_quarter": 20044,
            "year": 2004,
            "quarter": 4,
            "eps": null,
            "eps_growth_year": null,
            "eps_4q": null,
            "eps_4q_growth_year": null,
            "roe": null,
            "roe_4q": 0,
            "gross_profit": null,
            "gross_margin": null,
            "gross_margin_4q_avg": 0,
            "net_income": null,
            "net_income_4q": null,
            "revenue": null,
            "revenue_4q": null,
            "common_shares": null,
            "book_valuer_per_share": null,
            "book_valuer_per_share_4q_avg": 0,
            "equity": null,
            "current_ratio": null,
            "debt_ratio": null,
            "inventory_turnover_ratio": null,
            "account_receivable_turnover_ratio": null,
            "reinvestment_rate": null,
            "research_to_sale_ratio": null,
            "price_fair": 0,
            "eps_avg_yearly": 0,
            "eps_latest_yearly": 0,
            "eps_growth_yearly": 0
        },
        "20051": {
            "year_quarter": 20051,
            "year": 2005,
            "quarter": 1,
            "eps": null,
            "eps_growth_year": null,
            "eps_4q": null,
            "eps_4q_growth_year": null,
            "roe": null,
            "roe_4q": 0,
            "gross_profit": null,
            "gross_margin": null,
            "gross_margin_4q_avg": 0,
            "net_income": null,
            "net_income_4q": null,
            "revenue": null,
            "revenue_4q": null,
            "common_shares": null,
            "book_valuer_per_share": null,
            "book_valuer_per_share_4q_avg": 0,
            "equity": null,
            "current_ratio": null,
            "debt_ratio": null,
            "inventory_turnover_ratio": null,
            "account_receivable_turnover_ratio": null,
            "reinvestment_rate": null,
            "research_to_sale_ratio": null,
            "price_fair": 0,
            "eps_avg_yearly": 0,
            "eps_latest_yearly": 0,
            "eps_growth_yearly": 0
        },
        "20052": {
            "year_quarter": 20052,
            "year": 2005,
            "quarter": 2,
            "eps": null,
            "eps_growth_year": null,
            "eps_4q": null,
            "eps_4q_growth_year": null,
            "roe": null,
            "roe_4q": 0,
            "gross_profit": null,
            "gross_margin": null,
            "gross_margin_4q_avg": 0,
            "net_income": null,
            "net_income_4q": null,
            "revenue": null,
            "revenue_4q": null,
            "common_shares": null,
            "book_valuer_per_share": null,
            "book_valuer_per_share_4q_avg": 0,
            "equity": null,
            "current_ratio": null,
            "debt_ratio": null,
            "inventory_turnover_ratio": null,
            "account_receivable_turnover_ratio": null,
            "reinvestment_rate": null,
            "research_to_sale_ratio": null,
            "price_fair": 0,
            "eps_avg_yearly": 0,
            "eps_latest_yearly": 0,
            "eps_growth_yearly": 0
        },
        "20053": {
            "year_quarter": 20053,
            "year": 2005,
            "quarter": 3,
            "eps": null,
            "eps_growth_year": null,
            "eps_4q": null,
            "eps_4q_growth_year": null,
            "roe": null,
            "roe_4q": 0,
            "gross_profit": null,
            "gross_margin": null,
            "gross_margin_4q_avg": 0,
            "net_income": null,
            "net_income_4q": null,
            "revenue": null,
            "revenue_4q": null,
            "common_shares": null,
            "book_valuer_per_share": null,
            "book_valuer_per_share_4q_avg": 0,
            "equity": null,
            "current_ratio": null,
            "debt_ratio": null,
            "inventory_turnover_ratio": null,
            "account_receivable_turnover_ratio": null,
            "reinvestment_rate": null,
            "research_to_sale_ratio": null,
            "price_fair": 0,
            "eps_avg_yearly": 0,
            "eps_latest_yearly": 0,
            "eps_growth_yearly": 0
        },
        "20054": {
            "year_quarter": 20054,
            "year": 2005,
            "quarter": 4,
            "eps": null,
            "eps_growth_year": null,
            "eps_4q": null,
            "eps_4q_growth_year": null,
            "roe": null,
            "roe_4q": 0,
            "gross_profit": null,
            "gross_margin": null,
            "gross_margin_4q_avg": 0,
            "net_income": null,
            "net_income_4q": null,
            "revenue": null,
            "revenue_4q": null,
            "common_shares": null,
            "book_valuer_per_share": null,
            "book_valuer_per_share_4q_avg": 0,
            "equity": null,
            "current_ratio": null,
            "debt_ratio": null,
            "inventory_turnover_ratio": null,
            "account_receivable_turnover_ratio": null,
            "reinvestment_rate": null,
            "research_to_sale_ratio": null,
            "price_fair": 0,
            "eps_avg_yearly": 0,
            "eps_latest_yearly": 0,
            "eps_growth_yearly": 0
        },
        "20061": {
            "year_quarter": 20061,
            "year": 2006,
            "quarter": 1,
            "eps": null,
            "eps_growth_year": null,
            "eps_4q": null,
            "eps_4q_growth_year": null,
            "roe": null,
            "roe_4q": 0,
            "gross_profit": null,
            "gross_margin": null,
            "gross_margin_4q_avg": 0,
            "net_income": null,
            "net_income_4q": null,
            "revenue": null,
            "revenue_4q": null,
            "common_shares": null,
            "book_valuer_per_share": null,
            "book_valuer_per_share_4q_avg": 0,
            "equity": null,
            "current_ratio": null,
            "debt_ratio": null,
            "inventory_turnover_ratio": null,
            "account_receivable_turnover_ratio": null,
            "reinvestment_rate": null,
            "research_to_sale_ratio": null,
            "price_fair": 0,
            "eps_avg_yearly": 0,
            "eps_latest_yearly": 0,
            "eps_growth_yearly": 0
        },
        "20062": {
            "year_quarter": 20062,
            "year": 2006,
            "quarter": 2,
            "eps": null,
            "eps_growth_year": null,
            "eps_4q": null,
            "eps_4q_growth_year": null,
            "roe": null,
            "roe_4q": 0,
            "gross_profit": null,
            "gross_margin": null,
            "gross_margin_4q_avg": 0,
            "net_income": null,
            "net_income_4q": null,
            "revenue": null,
            "revenue_4q": null,
            "common_shares": null,
            "book_valuer_per_share": null,
            "book_valuer_per_share_4q_avg": 0,
            "equity": null,
            "current_ratio": null,
            "debt_ratio": null,
            "inventory_turnover_ratio": null,
            "account_receivable_turnover_ratio": null,
            "reinvestment_rate": null,
            "research_to_sale_ratio": null,
            "price_fair": 0,
            "eps_avg_yearly": 0,
            "eps_latest_yearly": 0,
            "eps_growth_yearly": 0
        },
        "20063": {
            "year_quarter": 20063,
            "year": 2006,
            "quarter": 3,
            "eps": null,
            "eps_growth_year": null,
            "eps_4q": null,
            "eps_4q_growth_year": null,
            "roe": null,
            "roe_4q": 0,
            "gross_profit": null,
            "gross_margin": null,
            "gross_margin_4q_avg": 0,
            "net_income": null,
            "net_income_4q": null,
            "revenue": null,
            "revenue_4q": null,
            "common_shares": null,
            "book_valuer_per_share": null,
            "book_valuer_per_share_4q_avg": 0,
            "equity": null,
            "current_ratio": null,
            "debt_ratio": null,
            "inventory_turnover_ratio": null,
            "account_receivable_turnover_ratio": null,
            "reinvestment_rate": null,
            "research_to_sale_ratio": null,
            "price_fair": 0,
            "eps_avg_yearly": 0,
            "eps_latest_yearly": 0,
            "eps_growth_yearly": 0
        },
        "20064": {
            "year_quarter": 20064,
            "year": 2006,
            "quarter": 4,
            "eps": null,
            "eps_growth_year": null,
            "eps_4q": null,
            "eps_4q_growth_year": null,
            "roe": null,
            "roe_4q": 0,
            "gross_profit": null,
            "gross_margin": null,
            "gross_margin_4q_avg": 0,
            "net_income": null,
            "net_income_4q": null,
            "revenue": null,
            "revenue_4q": null,
            "common_shares": null,
            "book_valuer_per_share": null,
            "book_valuer_per_share_4q_avg": 0,
            "equity": null,
            "current_ratio": null,
            "debt_ratio": null,
            "inventory_turnover_ratio": null,
            "account_receivable_turnover_ratio": null,
            "reinvestment_rate": null,
            "research_to_sale_ratio": null,
            "price_fair": 0,
            "eps_avg_yearly": 0,
            "eps_latest_yearly": 0,
            "eps_growth_yearly": 0
        },
        "20071": {
            "year_quarter": 20071,
            "year": 2007,
            "quarter": 1,
            "eps": null,
            "eps_growth_year": null,
            "eps_4q": null,
            "eps_4q_growth_year": null,
            "roe": null,
            "roe_4q": 0,
            "gross_profit": null,
            "gross_margin": null,
            "gross_margin_4q_avg": 0,
            "net_income": null,
            "net_income_4q": null,
            "revenue": null,
            "revenue_4q": null,
            "common_shares": null,
            "book_valuer_per_share": null,
            "book_valuer_per_share_4q_avg": 0,
            "equity": null,
            "current_ratio": null,
            "debt_ratio": null,
            "inventory_turnover_ratio": null,
            "account_receivable_turnover_ratio": null,
            "reinvestment_rate": null,
            "research_to_sale_ratio": null,
            "price_fair": 0,
            "eps_avg_yearly": 0,
            "eps_latest_yearly": 0,
            "eps_growth_yearly": 0
        },
        "20072": {
            "year_quarter": 20072,
            "year": 2007,
            "quarter": 2,
            "eps": null,
            "eps_growth_year": null,
            "eps_4q": null,
            "eps_4q_growth_year": null,
            "roe": null,
            "roe_4q": 0,
            "gross_profit": null,
            "gross_margin": null,
            "gross_margin_4q_avg": 0,
            "net_income": null,
            "net_income_4q": null,
            "revenue": null,
            "revenue_4q": null,
            "common_shares": null,
            "book_valuer_per_share": null,
            "book_valuer_per_share_4q_avg": 0,
            "equity": null,
            "current_ratio": null,
            "debt_ratio": null,
            "inventory_turnover_ratio": null,
            "account_receivable_turnover_ratio": null,
            "reinvestment_rate": null,
            "research_to_sale_ratio": null,
            "price_fair": 0,
            "eps_avg_yearly": 0,
            "eps_latest_yearly": 0,
            "eps_growth_yearly": 0
        },
        "20073": {
            "year_quarter": 20073,
            "year": 2007,
            "quarter": 3,
            "eps": null,
            "eps_growth_year": null,
            "eps_4q": null,
            "eps_4q_growth_year": null,
            "roe": null,
            "roe_4q": 0,
            "gross_profit": null,
            "gross_margin": null,
            "gross_margin_4q_avg": 0,
            "net_income": null,
            "net_income_4q": null,
            "revenue": null,
            "revenue_4q": null,
            "common_shares": null,
            "book_valuer_per_share": null,
            "book_valuer_per_share_4q_avg": 0,
            "equity": null,
            "current_ratio": null,
            "debt_ratio": null,
            "inventory_turnover_ratio": null,
            "account_receivable_turnover_ratio": null,
            "reinvestment_rate": null,
            "research_to_sale_ratio": null,
            "price_fair": 0,
            "eps_avg_yearly": 0,
            "eps_latest_yearly": 0,
            "eps_growth_yearly": 0
        },
        "20074": {
            "year_quarter": 20074,
            "year": 2007,
            "quarter": 4,
            "eps": null,
            "eps_growth_year": null,
            "eps_4q": null,
            "eps_4q_growth_year": null,
            "roe": null,
            "roe_4q": 0,
            "gross_profit": null,
            "gross_margin": null,
            "gross_margin_4q_avg": 0,
            "net_income": null,
            "net_income_4q": null,
            "revenue": null,
            "revenue_4q": null,
            "common_shares": null,
            "book_valuer_per_share": null,
            "book_valuer_per_share_4q_avg": 0,
            "equity": null,
            "current_ratio": null,
            "debt_ratio": null,
            "inventory_turnover_ratio": null,
            "account_receivable_turnover_ratio": null,
            "reinvestment_rate": null,
            "research_to_sale_ratio": null,
            "price_fair": 0,
            "eps_avg_yearly": 0,
            "eps_latest_yearly": 0,
            "eps_growth_yearly": 0
        },
        "20081": {
            "year_quarter": 20081,
            "year": 2008,
            "quarter": 1,
            "eps": null,
            "eps_growth_year": null,
            "eps_4q": null,
            "eps_4q_growth_year": null,
            "roe": null,
            "roe_4q": 0,
            "gross_profit": null,
            "gross_margin": null,
            "gross_margin_4q_avg": 0,
            "net_income": null,
            "net_income_4q": null,
            "revenue": null,
            "revenue_4q": null,
            "common_shares": null,
            "book_valuer_per_share": null,
            "book_valuer_per_share_4q_avg": 0,
            "equity": null,
            "current_ratio": null,
            "debt_ratio": null,
            "inventory_turnover_ratio": null,
            "account_receivable_turnover_ratio": null,
            "reinvestment_rate": null,
            "research_to_sale_ratio": null,
            "price_fair": 0,
            "eps_avg_yearly": 0,
            "eps_latest_yearly": 0,
            "eps_growth_yearly": 0
        },
        "20082": {
            "year_quarter": 20082,
            "year": 2008,
            "quarter": 2,
            "eps": null,
            "eps_growth_year": null,
            "eps_4q": null,
            "eps_4q_growth_year": null,
            "roe": null,
            "roe_4q": 0,
            "gross_profit": null,
            "gross_margin": null,
            "gross_margin_4q_avg": 0,
            "net_income": null,
            "net_income_4q": null,
            "revenue": null,
            "revenue_4q": null,
            "common_shares": null,
            "book_valuer_per_share": null,
            "book_valuer_per_share_4q_avg": 0,
            "equity": null,
            "current_ratio": null,
            "debt_ratio": null,
            "inventory_turnover_ratio": null,
            "account_receivable_turnover_ratio": null,
            "reinvestment_rate": null,
            "research_to_sale_ratio": null,
            "price_fair": 0,
            "eps_avg_yearly": 0,
            "eps_latest_yearly": 0,
            "eps_growth_yearly": 0
        },
        "20083": {
            "year_quarter": 20083,
            "year": 2008,
            "quarter": 3,
            "eps": null,
            "eps_growth_year": null,
            "eps_4q": null,
            "eps_4q_growth_year": null,
            "roe": null,
            "roe_4q": 0,
            "gross_profit": null,
            "gross_margin": null,
            "gross_margin_4q_avg": 0,
            "net_income": null,
            "net_income_4q": null,
            "revenue": null,
            "revenue_4q": null,
            "common_shares": null,
            "book_valuer_per_share": null,
            "book_valuer_per_share_4q_avg": 0,
            "equity": null,
            "current_ratio": null,
            "debt_ratio": null,
            "inventory_turnover_ratio": null,
            "account_receivable_turnover_ratio": null,
            "reinvestment_rate": null,
            "research_to_sale_ratio": null,
            "price_fair": 0,
            "eps_avg_yearly": 0,
            "eps_latest_yearly": 0,
            "eps_growth_yearly": 0
        },
        "20084": {
            "year_quarter": 20084,
            "year": 2008,
            "quarter": 4,
            "eps": null,
            "eps_growth_year": null,
            "eps_4q": null,
            "eps_4q_growth_year": null,
            "roe": null,
            "roe_4q": 0,
            "gross_profit": null,
            "gross_margin": null,
            "gross_margin_4q_avg": 0,
            "net_income": null,
            "net_income_4q": null,
            "revenue": null,
            "revenue_4q": null,
            "common_shares": null,
            "book_valuer_per_share": null,
            "book_valuer_per_share_4q_avg": 0,
            "equity": null,
            "current_ratio": null,
            "debt_ratio": null,
            "inventory_turnover_ratio": null,
            "account_receivable_turnover_ratio": null,
            "reinvestment_rate": null,
            "research_to_sale_ratio": null,
            "price_fair": 0,
            "eps_avg_yearly": 0,
            "eps_latest_yearly": 0,
            "eps_growth_yearly": 0
        },
        "20091": {
            "year_quarter": 20091,
            "year": 2009,
            "quarter": 1,
            "eps": null,
            "eps_growth_year": null,
            "eps_4q": null,
            "eps_4q_growth_year": null,
            "roe": null,
            "roe_4q": 0,
            "gross_profit": null,
            "gross_margin": null,
            "gross_margin_4q_avg": 0,
            "net_income": null,
            "net_income_4q": null,
            "revenue": null,
            "revenue_4q": null,
            "common_shares": null,
            "book_valuer_per_share": null,
            "book_valuer_per_share_4q_avg": 0,
            "equity": null,
            "current_ratio": null,
            "debt_ratio": null,
            "inventory_turnover_ratio": null,
            "account_receivable_turnover_ratio": null,
            "reinvestment_rate": null,
            "research_to_sale_ratio": null,
            "price_fair": 0,
            "eps_avg_yearly": 0,
            "eps_latest_yearly": 0,
            "eps_growth_yearly": 0
        },
        "20092": {
            "year_quarter": 20092,
            "year": 2009,
            "quarter": 2,
            "eps": null,
            "eps_growth_year": null,
            "eps_4q": null,
            "eps_4q_growth_year": null,
            "roe": null,
            "roe_4q": 0,
            "gross_profit": null,
            "gross_margin": null,
            "gross_margin_4q_avg": 0,
            "net_income": null,
            "net_income_4q": null,
            "revenue": null,
            "revenue_4q": null,
            "common_shares": null,
            "book_valuer_per_share": null,
            "book_valuer_per_share_4q_avg": 0,
            "equity": null,
            "current_ratio": null,
            "debt_ratio": null,
            "inventory_turnover_ratio": null,
            "account_receivable_turnover_ratio": null,
            "reinvestment_rate": null,
            "research_to_sale_ratio": null,
            "price_fair": 0,
            "eps_avg_yearly": 0,
            "eps_latest_yearly": 0,
            "eps_growth_yearly": 0
        },
        "20093": {
            "year_quarter": 20093,
            "year": 2009,
            "quarter": 3,
            "eps": null,
            "eps_growth_year": null,
            "eps_4q": null,
            "eps_4q_growth_year": null,
            "roe": null,
            "roe_4q": 0,
            "gross_profit": null,
            "gross_margin": null,
            "gross_margin_4q_avg": 0,
            "net_income": null,
            "net_income_4q": null,
            "revenue": null,
            "revenue_4q": null,
            "common_shares": null,
            "book_valuer_per_share": null,
            "book_valuer_per_share_4q_avg": 0,
            "equity": null,
            "current_ratio": null,
            "debt_ratio": null,
            "inventory_turnover_ratio": null,
            "account_receivable_turnover_ratio": null,
            "reinvestment_rate": null,
            "research_to_sale_ratio": null,
            "price_fair": 0,
            "eps_avg_yearly": 0,
            "eps_latest_yearly": 0,
            "eps_growth_yearly": 0
        },
        "20094": {
            "year_quarter": 20094,
            "year": 2009,
            "quarter": 4,
            "eps": null,
            "eps_growth_year": null,
            "eps_4q": null,
            "eps_4q_growth_year": null,
            "roe": null,
            "roe_4q": 0,
            "gross_profit": null,
            "gross_margin": null,
            "gross_margin_4q_avg": 0,
            "net_income": null,
            "net_income_4q": null,
            "revenue": null,
            "revenue_4q": null,
            "common_shares": null,
            "book_valuer_per_share": null,
            "book_valuer_per_share_4q_avg": 0,
            "equity": null,
            "current_ratio": null,
            "debt_ratio": null,
            "inventory_turnover_ratio": null,
            "account_receivable_turnover_ratio": null,
            "reinvestment_rate": null,
            "research_to_sale_ratio": null,
            "price_fair": 0,
            "eps_avg_yearly": 0,
            "eps_latest_yearly": 0,
            "eps_growth_yearly": 0
        },
        "20101": {
            "year_quarter": 20101,
            "year": 2010,
            "quarter": 1,
            "eps": null,
            "eps_growth_year": null,
            "eps_4q": null,
            "eps_4q_growth_year": null,
            "roe": null,
            "roe_4q": 0,
            "gross_profit": null,
            "gross_margin": null,
            "gross_margin_4q_avg": 0,
            "net_income": null,
            "net_income_4q": null,
            "revenue": null,
            "revenue_4q": null,
            "common_shares": null,
            "book_valuer_per_share": null,
            "book_valuer_per_share_4q_avg": 0,
            "equity": null,
            "current_ratio": null,
            "debt_ratio": null,
            "inventory_turnover_ratio": null,
            "account_receivable_turnover_ratio": null,
            "reinvestment_rate": null,
            "research_to_sale_ratio": null,
            "price_fair": 0,
            "eps_avg_yearly": 0,
            "eps_latest_yearly": 0,
            "eps_growth_yearly": 0
        },
        "20102": {
            "year_quarter": 20102,
            "year": 2010,
            "quarter": 2,
            "eps": null,
            "eps_growth_year": null,
            "eps_4q": null,
            "eps_4q_growth_year": null,
            "roe": null,
            "roe_4q": 0,
            "gross_profit": null,
            "gross_margin": null,
            "gross_margin_4q_avg": 0,
            "net_income": null,
            "net_income_4q": null,
            "revenue": null,
            "revenue_4q": null,
            "common_shares": null,
            "book_valuer_per_share": null,
            "book_valuer_per_share_4q_avg": 0,
            "equity": null,
            "current_ratio": null,
            "debt_ratio": null,
            "inventory_turnover_ratio": null,
            "account_receivable_turnover_ratio": null,
            "reinvestment_rate": null,
            "research_to_sale_ratio": null,
            "price_fair": 0,
            "eps_avg_yearly": 0,
            "eps_latest_yearly": 0,
            "eps_growth_yearly": 0
        },
        "20103": {
            "year_quarter": 20103,
            "year": 2010,
            "quarter": 3,
            "eps": null,
            "eps_growth_year": null,
            "eps_4q": null,
            "eps_4q_growth_year": null,
            "roe": null,
            "roe_4q": 0,
            "gross_profit": null,
            "gross_margin": null,
            "gross_margin_4q_avg": 0,
            "net_income": null,
            "net_income_4q": null,
            "revenue": null,
            "revenue_4q": null,
            "common_shares": null,
            "book_valuer_per_share": null,
            "book_valuer_per_share_4q_avg": 0,
            "equity": null,
            "current_ratio": null,
            "debt_ratio": null,
            "inventory_turnover_ratio": null,
            "account_receivable_turnover_ratio": null,
            "reinvestment_rate": null,
            "research_to_sale_ratio": null,
            "price_fair": 0,
            "eps_avg_yearly": 0,
            "eps_latest_yearly": 0,
            "eps_growth_yearly": 0
        },
        "20104": {
            "year_quarter": 20104,
            "year": 2010,
            "quarter": 4,
            "eps": null,
            "eps_growth_year": null,
            "eps_4q": null,
            "eps_4q_growth_year": null,
            "roe": null,
            "roe_4q": 0,
            "gross_profit": null,
            "gross_margin": null,
            "gross_margin_4q_avg": 0,
            "net_income": null,
            "net_income_4q": null,
            "revenue": null,
            "revenue_4q": null,
            "common_shares": 80000,
            "book_valuer_per_share": 12.06,
            "book_valuer_per_share_4q_avg": 3.02,
            "equity": 96499,
            "current_ratio": 107.74,
            "debt_ratio": 48.65,
            "inventory_turnover_ratio": null,
            "account_receivable_turnover_ratio": null,
            "reinvestment_rate": null,
            "research_to_sale_ratio": null,
            "price_fair": 0,
            "eps_avg_yearly": 0,
            "eps_latest_yearly": 0,
            "eps_growth_yearly": 0
        },
        "20111": {
            "year_quarter": 20111,
            "year": 2011,
            "quarter": 1,
            "eps": null,
            "eps_growth_year": null,
            "eps_4q": null,
            "eps_4q_growth_year": null,
            "roe": null,
            "roe_4q": 0,
            "gross_profit": null,
            "gross_margin": null,
            "gross_margin_4q_avg": 0,
            "net_income": null,
            "net_income_4q": null,
            "revenue": null,
            "revenue_4q": null,
            "common_shares": null,
            "book_valuer_per_share": null,
            "book_valuer_per_share_4q_avg": 3.02,
            "equity": null,
            "current_ratio": null,
            "debt_ratio": null,
            "inventory_turnover_ratio": null,
            "account_receivable_turnover_ratio": null,
            "reinvestment_rate": null,
            "research_to_sale_ratio": null,
            "price_fair": 0,
            "eps_avg_yearly": 0,
            "eps_latest_yearly": 0,
            "eps_growth_yearly": 0
        },
        "20112": {
            "year_quarter": 20112,
            "year": 2011,
            "quarter": 2,
            "eps": null,
            "eps_growth_year": null,
            "eps_4q": null,
            "eps_4q_growth_year": null,
            "roe": null,
            "roe_4q": 0,
            "gross_profit": null,
            "gross_margin": null,
            "gross_margin_4q_avg": 0,
            "net_income": null,
            "net_income_4q": null,
            "revenue": null,
            "revenue_4q": null,
            "common_shares": 0,
            "book_valuer_per_share": null,
            "book_valuer_per_share_4q_avg": 3.02,
            "equity": 0,
            "current_ratio": null,
            "debt_ratio": null,
            "inventory_turnover_ratio": null,
            "account_receivable_turnover_ratio": null,
            "reinvestment_rate": null,
            "research_to_sale_ratio": null,
            "price_fair": 0,
            "eps_avg_yearly": 0,
            "eps_latest_yearly": 0,
            "eps_growth_yearly": 0
        },
        "20113": {
            "year_quarter": 20113,
            "year": 2011,
            "quarter": 3,
            "eps": null,
            "eps_growth_year": null,
            "eps_4q": null,
            "eps_4q_growth_year": null,
            "roe": null,
            "roe_4q": 0,
            "gross_profit": null,
            "gross_margin": null,
            "gross_margin_4q_avg": 0,
            "net_income": null,
            "net_income_4q": null,
            "revenue": null,
            "revenue_4q": null,
            "common_shares": null,
            "book_valuer_per_share": null,
            "book_valuer_per_share_4q_avg": 3.02,
            "equity": null,
            "current_ratio": null,
            "debt_ratio": null,
            "inventory_turnover_ratio": null,
            "account_receivable_turnover_ratio": null,
            "reinvestment_rate": null,
            "research_to_sale_ratio": null,
            "price_fair": 0,
            "eps_avg_yearly": 0,
            "eps_latest_yearly": 0,
            "eps_growth_yearly": 0
        },
        "20114": {
            "year_quarter": 20114,
            "year": 2011,
            "quarter": 4,
            "eps": null,
            "eps_growth_year": null,
            "eps_4q": null,
            "eps_4q_growth_year": null,
            "roe": null,
            "roe_4q": 0,
            "gross_profit": null,
            "gross_margin": null,
            "gross_margin_4q_avg": 0,
            "net_income": null,
            "net_income_4q": null,
            "revenue": null,
            "revenue_4q": null,
            "common_shares": 130000,
            "book_valuer_per_share": 15.6,
            "book_valuer_per_share_4q_avg": 3.9,
            "equity": 217977,
            "current_ratio": 255.63,
            "debt_ratio": 44.74,
            "inventory_turnover_ratio": null,
            "account_receivable_turnover_ratio": null,
            "reinvestment_rate": null,
            "research_to_sale_ratio": null,
            "price_fair": 0,
            "eps_avg_yearly": 0,
            "eps_latest_yearly": 0,
            "eps_growth_yearly": 0
        },
        "20121": {
            "year_quarter": 20121,
            "year": 2012,
            "quarter": 1,
            "eps": null,
            "eps_growth_year": null,
            "eps_4q": null,
            "eps_4q_growth_year": null,
            "roe": null,
            "roe_4q": 0,
            "gross_profit": null,
            "gross_margin": null,
            "gross_margin_4q_avg": 0,
            "net_income": null,
            "net_income_4q": null,
            "revenue": null,
            "revenue_4q": null,
            "common_shares": null,
            "book_valuer_per_share": null,
            "book_valuer_per_share_4q_avg": 3.9,
            "equity": null,
            "current_ratio": null,
            "debt_ratio": null,
            "inventory_turnover_ratio": null,
            "account_receivable_turnover_ratio": null,
            "reinvestment_rate": null,
            "research_to_sale_ratio": null,
            "price_fair": 0,
            "eps_avg_yearly": 0,
            "eps_latest_yearly": 0,
            "eps_growth_yearly": 0
        },
        "20122": {
            "year_quarter": 20122,
            "year": 2012,
            "quarter": 2,
            "eps": null,
            "eps_growth_year": null,
            "eps_4q": null,
            "eps_4q_growth_year": null,
            "roe": null,
            "roe_4q": 0,
            "gross_profit": null,
            "gross_margin": null,
            "gross_margin_4q_avg": 0,
            "net_income": null,
            "net_income_4q": null,
            "revenue": null,
            "revenue_4q": null,
            "common_shares": 303000,
            "book_valuer_per_share": 9.71,
            "book_valuer_per_share_4q_avg": 6.33,
            "equity": 294291,
            "current_ratio": 432.64,
            "debt_ratio": 36.63,
            "inventory_turnover_ratio": null,
            "account_receivable_turnover_ratio": null,
            "reinvestment_rate": null,
            "research_to_sale_ratio": null,
            "price_fair": 0,
            "eps_avg_yearly": 0,
            "eps_latest_yearly": 0,
            "eps_growth_yearly": 0
        },
        "20123": {
            "year_quarter": 20123,
            "year": 2012,
            "quarter": 3,
            "eps": null,
            "eps_growth_year": null,
            "eps_4q": null,
            "eps_4q_growth_year": null,
            "roe": null,
            "roe_4q": 0,
            "gross_profit": null,
            "gross_margin": null,
            "gross_margin_4q_avg": 0,
            "net_income": null,
            "net_income_4q": null,
            "revenue": null,
            "revenue_4q": null,
            "common_shares": null,
            "book_valuer_per_share": null,
            "book_valuer_per_share_4q_avg": 6.33,
            "equity": null,
            "current_ratio": null,
            "debt_ratio": null,
            "inventory_turnover_ratio": null,
            "account_receivable_turnover_ratio": null,
            "reinvestment_rate": null,
            "research_to_sale_ratio": null,
            "price_fair": 0,
            "eps_avg_yearly": 0,
            "eps_latest_yearly": 0,
            "eps_growth_yearly": 0
        },
        "20124": {
            "year_quarter": 20124,
            "year": 2012,
            "quarter": 4,
            "eps": null,
            "eps_growth_year": null,
            "eps_4q": null,
            "eps_4q_growth_year": null,
            "roe": null,
            "roe_4q": 0,
            "gross_profit": null,
            "gross_margin": null,
            "gross_margin_4q_avg": 0,
            "net_income": null,
            "net_income_4q": null,
            "revenue": null,
            "revenue_4q": null,
            "common_shares": 303000,
            "book_valuer_per_share": 9.31,
            "book_valuer_per_share_4q_avg": 4.76,
            "equity": 282059,
            "current_ratio": 252.7,
            "debt_ratio": 45.84,
            "inventory_turnover_ratio": null,
            "account_receivable_turnover_ratio": null,
            "reinvestment_rate": null,
            "research_to_sale_ratio": null,
            "price_fair": 0,
            "eps_avg_yearly": 0,
            "eps_latest_yearly": 0,
            "eps_growth_yearly": 0
        },
        "20131": {
            "year_quarter": 20131,
            "year": 2013,
            "quarter": 1,
            "eps": null,
            "eps_growth_year": null,
            "eps_4q": null,
            "eps_4q_growth_year": null,
            "roe": null,
            "roe_4q": 0,
            "gross_profit": 13162,
            "gross_margin": null,
            "gross_margin_4q_avg": 0,
            "net_income": -16821,
            "net_income_4q": null,
            "revenue": 19410,
            "revenue_4q": null,
            "common_shares": 303000,
            "book_valuer_per_share": 8.76,
            "book_valuer_per_share_4q_avg": 6.95,
            "equity": 265292,
            "current_ratio": 197.9,
            "debt_ratio": 48.62,
            "inventory_turnover_ratio": null,
            "account_receivable_turnover_ratio": null,
            "reinvestment_rate": null,
            "research_to_sale_ratio": null,
            "price_fair": 0,
            "eps_avg_yearly": 0,
            "eps_latest_yearly": 0,
            "eps_growth_yearly": 0
        },
        "20132": {
            "year_quarter": 20132,
            "year": 2013,
            "quarter": 2,
            "eps": -0.41,
            "eps_growth_year": null,
            "eps_4q": null,
            "eps_4q_growth_year": null,
            "roe": -4.85,
            "roe_4q": -4.85,
            "gross_profit": 21372,
            "gross_margin": 70.57,
            "gross_margin_4q_avg": 17.64,
            "net_income": -12559,
            "net_income_4q": null,
            "revenue": 30283,
            "revenue_4q": null,
            "common_shares": 303000,
            "book_valuer_per_share": 8.34,
            "book_valuer_per_share_4q_avg": 6.6,
            "equity": 252724,
            "current_ratio": 222.45,
            "debt_ratio": 50.36,
            "inventory_turnover_ratio": 0.42,
            "account_receivable_turnover_ratio": 3.24,
            "reinvestment_rate": null,
            "research_to_sale_ratio": null,
            "price_fair": 0,
            "eps_avg_yearly": 0,
            "eps_latest_yearly": 0,
            "eps_growth_yearly": 0
        },
        "20133": {
            "year_quarter": 20133,
            "year": 2013,
            "quarter": 3,
            "eps": null,
            "eps_growth_year": null,
            "eps_4q": null,
            "eps_4q_growth_year": null,
            "roe": null,
            "roe_4q": -4.85,
            "gross_profit": 17464,
            "gross_margin": null,
            "gross_margin_4q_avg": 17.64,
            "net_income": -11641,
            "net_income_4q": null,
            "revenue": 23776,
            "revenue_4q": null,
            "common_shares": 303000,
            "book_valuer_per_share": 7.95,
            "book_valuer_per_share_4q_avg": 8.59,
            "equity": 240788,
            "current_ratio": 182.71,
            "debt_ratio": 50.78,
            "inventory_turnover_ratio": null,
            "account_receivable_turnover_ratio": null,
            "reinvestment_rate": null,
            "research_to_sale_ratio": null,
            "price_fair": 0,
            "eps_avg_yearly": 0,
            "eps_latest_yearly": 0,
            "eps_growth_yearly": 0
        },
        "20134": {
            "year_quarter": 20134,
            "year": 2013,
            "quarter": 4,
            "eps": null,
            "eps_growth_year": null,
            "eps_4q": null,
            "eps_4q_growth_year": null,
            "roe": null,
            "roe_4q": -4.85,
            "gross_profit": 14041,
            "gross_margin": null,
            "gross_margin_4q_avg": 17.64,
            "net_income": -16981,
            "net_income_4q": null,
            "revenue": 22377,
            "revenue_4q": null,
            "common_shares": 303000,
            "book_valuer_per_share": 7.39,
            "book_valuer_per_share_4q_avg": 8.11,
            "equity": 224039,
            "current_ratio": 162.94,
            "debt_ratio": 53.2,
            "inventory_turnover_ratio": null,
            "account_receivable_turnover_ratio": null,
            "reinvestment_rate": null,
            "research_to_sale_ratio": null,
            "price_fair": 0,
            "eps_avg_yearly": 0,
            "eps_latest_yearly": 0,
            "eps_growth_yearly": 0
        },
        "20141": {
            "year_quarter": 20141,
            "year": 2014,
            "quarter": 1,
            "eps": -0.44,
            "eps_growth_year": null,
            "eps_4q": -0.86,
            "eps_4q_growth_year": null,
            "roe": -6.19,
            "roe_4q": -11.04,
            "gross_profit": 21786,
            "gross_margin": 73.94,
            "gross_margin_4q_avg": 36.13,
            "net_income": -13461,
            "net_income_4q": null,
            "revenue": 29464,
            "revenue_4q": null,
            "common_shares": 303000,
            "book_valuer_per_share": 6.95,
            "book_valuer_per_share_4q_avg": 7.66,
            "equity": 210725,
            "current_ratio": 151.05,
            "debt_ratio": 54.04,
            "inventory_turnover_ratio": 0.55,
            "account_receivable_turnover_ratio": 2.28,
            "reinvestment_rate": null,
            "research_to_sale_ratio": 37.48,
            "price_fair": 0,
            "eps_avg_yearly": 0,
            "eps_latest_yearly": 0,
            "eps_growth_yearly": 0
        },
        "20142": {
            "year_quarter": 20142,
            "year": 2014,
            "quarter": 2,
            "eps": -0.22,
            "eps_growth_year": null,
            "eps_4q": -0.66,
            "eps_4q_growth_year": null,
            "roe": -3.2,
            "roe_4q": -9.39,
            "gross_profit": 25854,
            "gross_margin": 84.55,
            "gross_margin_4q_avg": 39.62,
            "net_income": -6637,
            "net_income_4q": null,
            "revenue": 30577,
            "revenue_4q": null,
            "common_shares": 303000,
            "book_valuer_per_share": 6.73,
            "book_valuer_per_share_4q_avg": 7.26,
            "equity": 203841,
            "current_ratio": 139.43,
            "debt_ratio": 54.91,
            "inventory_turnover_ratio": 0.33,
            "account_receivable_turnover_ratio": 2.41,
            "reinvestment_rate": null,
            "research_to_sale_ratio": 31.31,
            "price_fair": 0,
            "eps_avg_yearly": 0,
            "eps_latest_yearly": 0,
            "eps_growth_yearly": 0
        },
        "20143": {
            "year_quarter": 20143,
            "year": 2014,
            "quarter": 3,
            "eps": -0.1,
            "eps_growth_year": null,
            "eps_4q": -0.68,
            "eps_4q_growth_year": null,
            "roe": -1.17,
            "roe_4q": -10.56,
            "gross_profit": 36872,
            "gross_margin": 78.99,
            "gross_margin_4q_avg": 59.37,
            "net_income": -3355,
            "net_income_4q": null,
            "revenue": 46680,
            "revenue_4q": null,
            "common_shares": 343400,
            "book_valuer_per_share": 10.77,
            "book_valuer_per_share_4q_avg": 7.96,
            "equity": 369715,
            "current_ratio": 302.51,
            "debt_ratio": 38.58,
            "inventory_turnover_ratio": 0.68,
            "account_receivable_turnover_ratio": 3.7,
            "reinvestment_rate": null,
            "research_to_sale_ratio": 23.69,
            "price_fair": 0,
            "eps_avg_yearly": 0,
            "eps_latest_yearly": 0,
            "eps_growth_yearly": 0
        },
        "20144": {
            "year_quarter": 20144,
            "year": 2014,
            "quarter": 4,
            "eps": -0.2,
            "eps_growth_year": null,
            "eps_4q": -0.89,
            "eps_4q_growth_year": null,
            "roe": -1.9,
            "roe_4q": -12.46,
            "gross_profit": 22720,
            "gross_margin": 84.36,
            "gross_margin_4q_avg": 80.46,
            "net_income": -6980,
            "net_income_4q": null,
            "revenue": 26932,
            "revenue_4q": null,
            "common_shares": 343400,
            "book_valuer_per_share": 10.58,
            "book_valuer_per_share_4q_avg": 8.76,
            "equity": 363348,
            "current_ratio": 354.36,
            "debt_ratio": 34.83,
            "inventory_turnover_ratio": 0.29,
            "account_receivable_turnover_ratio": 2.29,
            "reinvestment_rate": null,
            "research_to_sale_ratio": 39.67,
            "price_fair": 0,
            "eps_avg_yearly": 0,
            "eps_latest_yearly": 0,
            "eps_growth_yearly": 0
        },
        "20151": {
            "year_quarter": 20151,
            "year": 2015,
            "quarter": 1,
            "eps": -0.4,
            "eps_growth_year": null,
            "eps_4q": -0.9,
            "eps_4q_growth_year": null,
            "roe": -3.89,
            "roe_4q": -10.16,
            "gross_profit": 28143,
            "gross_margin": 81.32,
            "gross_margin_4q_avg": 82.31,
            "net_income": -13875,
            "net_income_4q": null,
            "revenue": 34608,
            "revenue_4q": null,
            "common_shares": 343400,
            "book_valuer_per_share": 10.17,
            "book_valuer_per_share_4q_avg": 9.56,
            "equity": 349297,
            "current_ratio": 347.25,
            "debt_ratio": 34.72,
            "inventory_turnover_ratio": 0.35,
            "account_receivable_turnover_ratio": 2.61,
            "reinvestment_rate": null,
            "research_to_sale_ratio": 37.78,
            "price_fair": 0,
            "eps_avg_yearly": 0,
            "eps_latest_yearly": 0,
            "eps_growth_yearly": 0
        },
        "20152": {
            "year_quarter": 20152,
            "year": 2015,
            "quarter": 2,
            "eps": -0.2,
            "eps_growth_year": null,
            "eps_4q": -0.91,
            "eps_4q_growth_year": null,
            "roe": -2.01,
            "roe_4q": -8.97,
            "gross_profit": 30771,
            "gross_margin": 76.61,
            "gross_margin_4q_avg": 80.32,
            "net_income": -6962,
            "net_income_4q": null,
            "revenue": 40168,
            "revenue_4q": null,
            "common_shares": 343400,
            "book_valuer_per_share": 9.96,
            "book_valuer_per_share_4q_avg": 10.37,
            "equity": 342103,
            "current_ratio": 333.14,
            "debt_ratio": 34.88,
            "inventory_turnover_ratio": 0.44,
            "account_receivable_turnover_ratio": 2.43,
            "reinvestment_rate": null,
            "research_to_sale_ratio": 24.94,
            "price_fair": 0,
            "eps_avg_yearly": 0,
            "eps_latest_yearly": 0,
            "eps_growth_yearly": 0
        },
        "20153": {
            "year_quarter": 20153,
            "year": 2015,
            "quarter": 3,
            "eps": 0.17,
            "eps_growth_year": null,
            "eps_4q": -0.64,
            "eps_4q_growth_year": null,
            "roe": 1.72,
            "roe_4q": -6.08,
            "gross_profit": 29538,
            "gross_margin": 78.25,
            "gross_margin_4q_avg": 80.14,
            "net_income": 5961,
            "net_income_4q": null,
            "revenue": 37746,
            "revenue_4q": null,
            "common_shares": 343400,
            "book_valuer_per_share": 10.16,
            "book_valuer_per_share_4q_avg": 10.22,
            "equity": 349008,
            "current_ratio": 297.69,
            "debt_ratio": 33.9,
            "inventory_turnover_ratio": 0.37,
            "account_receivable_turnover_ratio": 2.12,
            "reinvestment_rate": null,
            "research_to_sale_ratio": 24.17,
            "price_fair": 0,
            "eps_avg_yearly": 0,
            "eps_latest_yearly": 0,
            "eps_growth_yearly": 0
        },
        "20154": {
            "year_quarter": 20154,
            "year": 2015,
            "quarter": 4,
            "eps": -0.29,
            "eps_growth_year": null,
            "eps_4q": -0.72,
            "eps_4q_growth_year": null,
            "roe": -2.89,
            "roe_4q": -7.07,
            "gross_profit": 28467,
            "gross_margin": 77.72,
            "gross_margin_4q_avg": 78.48,
            "net_income": -9948,
            "net_income_4q": null,
            "revenue": 36626,
            "revenue_4q": null,
            "common_shares": 343400,
            "book_valuer_per_share": 9.86,
            "book_valuer_per_share_4q_avg": 10.04,
            "equity": 338703,
            "current_ratio": 273.1,
            "debt_ratio": 33.7,
            "inventory_turnover_ratio": 0.37,
            "account_receivable_turnover_ratio": 2.01,
            "reinvestment_rate": null,
            "research_to_sale_ratio": 22.28,
            "price_fair": 0,
            "eps_avg_yearly": 0,
            "eps_latest_yearly": 0,
            "eps_growth_yearly": 0
        },
        "20161": {
            "year_quarter": 20161,
            "year": 2016,
            "quarter": 1,
            "eps": -0.19,
            "eps_growth_year": null,
            "eps_4q": -0.51,
            "eps_4q_growth_year": null,
            "roe": -1.99,
            "roe_4q": -5.17,
            "gross_profit": 30351,
            "gross_margin": 75.46,
            "gross_margin_4q_avg": 77.01,
            "net_income": -6682,
            "net_income_4q": null,
            "revenue": 40221,
            "revenue_4q": null,
            "common_shares": 343400,
            "book_valuer_per_share": 9.65,
            "book_valuer_per_share_4q_avg": 9.91,
            "equity": 331300,
            "current_ratio": 244.83,
            "debt_ratio": 34.75,
            "inventory_turnover_ratio": 0.49,
            "account_receivable_turnover_ratio": 2.16,
            "reinvestment_rate": null,
            "research_to_sale_ratio": 21.29,
            "price_fair": 0,
            "eps_avg_yearly": 0,
            "eps_latest_yearly": 0,
            "eps_growth_yearly": 0
        },
        "20162": {
            "year_quarter": 20162,
            "year": 2016,
            "quarter": 2,
            "eps": -0.05,
            "eps_growth_year": null,
            "eps_4q": -0.36,
            "eps_4q_growth_year": null,
            "roe": -0.53,
            "roe_4q": -3.6900000000000004,
            "gross_profit": 30690,
            "gross_margin": 75.83,
            "gross_margin_4q_avg": 76.82,
            "net_income": -1762,
            "net_income_4q": null,
            "revenue": 40470,
            "revenue_4q": null,
            "common_shares": 343400,
            "book_valuer_per_share": 9.59,
            "book_valuer_per_share_4q_avg": 9.82,
            "equity": 329169,
            "current_ratio": 253.97,
            "debt_ratio": 34.03,
            "inventory_turnover_ratio": 0.58,
            "account_receivable_turnover_ratio": 1.91,
            "reinvestment_rate": null,
            "research_to_sale_ratio": 20.37,
            "price_fair": 0,
            "eps_avg_yearly": 0,
            "eps_latest_yearly": 0,
            "eps_growth_yearly": 0
        },
        "20163": {
            "year_quarter": 20163,
            "year": 2016,
            "quarter": 3,
            "eps": -0.28,
            "eps_growth_year": -264.71,
            "eps_4q": -0.81,
            "eps_4q_growth_year": null,
            "roe": -2.89,
            "roe_4q": -8.3,
            "gross_profit": 30329,
            "gross_margin": 81.61,
            "gross_margin_4q_avg": 77.66,
            "net_income": -9461,
            "net_income_4q": null,
            "revenue": 37163,
            "revenue_4q": null,
            "common_shares": 343400,
            "book_valuer_per_share": 9.51,
            "book_valuer_per_share_4q_avg": 9.65,
            "equity": 326489,
            "current_ratio": 1073.52,
            "debt_ratio": 39.1,
            "inventory_turnover_ratio": 0.45,
            "account_receivable_turnover_ratio": 1.63,
            "reinvestment_rate": null,
            "research_to_sale_ratio": 26.21,
            "price_fair": 0,
            "eps_avg_yearly": 0,
            "eps_latest_yearly": 0,
            "eps_growth_yearly": 0
        },
        "20164": {
            "year_quarter": 20164,
            "year": 2016,
            "quarter": 4,
            "eps": -0.6,
            "eps_growth_year": null,
            "eps_4q": -1.13,
            "eps_4q_growth_year": null,
            "roe": -6.57,
            "roe_4q": -11.98,
            "gross_profit": 28463,
            "gross_margin": 87.8,
            "gross_margin_4q_avg": 80.18,
            "net_income": -20754,
            "net_income_4q": null,
            "revenue": 32418,
            "revenue_4q": null,
            "common_shares": 343400,
            "book_valuer_per_share": 8.9,
            "book_valuer_per_share_4q_avg": 9.41,
            "equity": 305747,
            "current_ratio": 380.43,
            "debt_ratio": 44.85,
            "inventory_turnover_ratio": 0.25,
            "account_receivable_turnover_ratio": 1.56,
            "reinvestment_rate": null,
            "research_to_sale_ratio": 25.63,
            "price_fair": 0,
            "eps_avg_yearly": 0,
            "eps_latest_yearly": 0,
            "eps_growth_yearly": 0
        },
        "20171": {
            "year_quarter": 20171,
            "year": 2017,
            "quarter": 1,
            "eps": -0.45,
            "eps_growth_year": null,
            "eps_4q": -1.39,
            "eps_4q_growth_year": null,
            "roe": -5.25,
            "roe_4q": -15.24,
            "gross_profit": 30475,
            "gross_margin": 80.15,
            "gross_margin_4q_avg": 81.35,
            "net_income": -15607,
            "net_income_4q": null,
            "revenue": 38023,
            "revenue_4q": null,
            "common_shares": 343400,
            "book_valuer_per_share": 8.4,
            "book_valuer_per_share_4q_avg": 9.1,
            "equity": 288574,
            "current_ratio": 279.39,
            "debt_ratio": 48.35,
            "inventory_turnover_ratio": 0.46,
            "account_receivable_turnover_ratio": 1.65,
            "reinvestment_rate": null,
            "research_to_sale_ratio": 18.11,
            "price_fair": 0,
            "eps_avg_yearly": 0,
            "eps_latest_yearly": 0,
            "eps_growth_yearly": 0
        },
        "20172": {
            "year_quarter": 20172,
            "year": 2017,
            "quarter": 2,
            "eps": 0.09,
            "eps_growth_year": null,
            "eps_4q": -1.25,
            "eps_4q_growth_year": null,
            "roe": 1.01,
            "roe_4q": -13.700000000000001,
            "gross_profit": 34482,
            "gross_margin": 78.92,
            "gross_margin_4q_avg": 82.12,
            "net_income": 2922,
            "net_income_4q": null,
            "revenue": 43691,
            "revenue_4q": null,
            "common_shares": 343400,
            "book_valuer_per_share": 8.5,
            "book_valuer_per_share_4q_avg": 8.83,
            "equity": 291775,
            "current_ratio": 253.13,
            "debt_ratio": 49.69,
            "inventory_turnover_ratio": 0.54,
            "account_receivable_turnover_ratio": 1.42,
            "reinvestment_rate": null,
            "research_to_sale_ratio": 16.95,
            "price_fair": 0,
            "eps_avg_yearly": 0,
            "eps_latest_yearly": 0,
            "eps_growth_yearly": 0
        },
        "20173": {
            "year_quarter": 20173,
            "year": 2017,
            "quarter": 3,
            "eps": -0.17,
            "eps_growth_year": null,
            "eps_4q": -1.15,
            "eps_4q_growth_year": null,
            "roe": -2.09,
            "roe_4q": -12.9,
            "gross_profit": 29009,
            "gross_margin": 82.27,
            "gross_margin_4q_avg": 82.29,
            "net_income": -5987,
            "net_income_4q": null,
            "revenue": 35260,
            "revenue_4q": null,
            "common_shares": 343400,
            "book_valuer_per_share": 8.17,
            "book_valuer_per_share_4q_avg": 8.49,
            "equity": 280544,
            "current_ratio": 82.83,
            "debt_ratio": 52.8,
            "inventory_turnover_ratio": 0.34,
            "account_receivable_turnover_ratio": 1.13,
            "reinvestment_rate": null,
            "research_to_sale_ratio": 20.46,
            "price_fair": 0,
            "eps_avg_yearly": 0,
            "eps_latest_yearly": 0,
            "eps_growth_yearly": 0
        },
        "20174": {
            "year_quarter": 20174,
            "year": 2017,
            "quarter": 4,
            "eps": -0.86,
            "eps_growth_year": null,
            "eps_4q": -1.4,
            "eps_4q_growth_year": null,
            "roe": -11.09,
            "roe_4q": -17.42,
            "gross_profit": 29157,
            "gross_margin": 75.86,
            "gross_margin_4q_avg": 79.3,
            "net_income": -29453,
            "net_income_4q": null,
            "revenue": 38437,
            "revenue_4q": null,
            "common_shares": 343400,
            "book_valuer_per_share": 7.3,
            "book_valuer_per_share_4q_avg": 8.09,
            "equity": 250631,
            "current_ratio": 83.29,
            "debt_ratio": 58.42,
            "inventory_turnover_ratio": 0.56,
            "account_receivable_turnover_ratio": 1.5,
            "reinvestment_rate": null,
            "research_to_sale_ratio": 31.14,
            "price_fair": 0,
            "eps_avg_yearly": 0,
            "eps_latest_yearly": 0,
            "eps_growth_yearly": 0
        },
        "20181": {
            "year_quarter": 20181,
            "year": 2018,
            "quarter": 1,
            "eps": 0.18,
            "eps_growth_year": null,
            "eps_4q": -0.77,
            "eps_4q_growth_year": null,
            "roe": 2.45,
            "roe_4q": -9.72,
            "gross_profit": 40012,
            "gross_margin": 95.44,
            "gross_margin_4q_avg": 83.12,
            "net_income": 6239,
            "net_income_4q": null,
            "revenue": 41923,
            "revenue_4q": null,
            "common_shares": 343400,
            "book_valuer_per_share": 7.52,
            "book_valuer_per_share_4q_avg": 7.87,
            "equity": 258095,
            "current_ratio": 84.81,
            "debt_ratio": 59.06,
            "inventory_turnover_ratio": 0.11,
            "account_receivable_turnover_ratio": 1.68,
            "reinvestment_rate": null,
            "research_to_sale_ratio": 16.64,
            "price_fair": 0,
            "eps_avg_yearly": 0,
            "eps_latest_yearly": 0,
            "eps_growth_yearly": 0
        },
        "20182": {
            "year_quarter": 20182,
            "year": 2018,
            "quarter": 2,
            "eps": 0.48,
            "eps_growth_year": 433.33,
            "eps_4q": -0.37,
            "eps_4q_growth_year": null,
            "roe": 6.23,
            "roe_4q": -4.5,
            "gross_profit": 36399,
            "gross_margin": 77.52,
            "gross_margin_4q_avg": 82.77,
            "net_income": 16600,
            "net_income_4q": null,
            "revenue": 46955,
            "revenue_4q": null,
            "common_shares": 343400,
            "book_valuer_per_share": 8.01,
            "book_valuer_per_share_4q_avg": 7.75,
            "equity": 274967,
            "current_ratio": 90.71,
            "debt_ratio": 58.31,
            "inventory_turnover_ratio": 0.54,
            "account_receivable_turnover_ratio": 1.5,
            "reinvestment_rate": null,
            "research_to_sale_ratio": 17.1,
            "price_fair": 67.2,
            "eps_avg_yearly": 1.92,
            "eps_latest_yearly": 1.92,
            "eps_growth_yearly": 666.67
        },
        "20183": {
            "year_quarter": 20183,
            "year": 2018,
            "quarter": 3,
            "eps": 0.11,
            "eps_growth_year": null,
            "eps_4q": -0.09,
            "eps_4q_growth_year": null,
            "roe": 1.31,
            "roe_4q": -1.0999999999999979,
            "gross_profit": 35463,
            "gross_margin": 82.52,
            "gross_margin_4q_avg": 82.84,
            "net_income": 3622,
            "net_income_4q": null,
            "revenue": 42977,
            "revenue_4q": null,
            "common_shares": 343400,
            "book_valuer_per_share": 8.09,
            "book_valuer_per_share_4q_avg": 7.73,
            "equity": 277972,
            "current_ratio": 109.03,
            "debt_ratio": 58.31,
            "inventory_turnover_ratio": 0.33,
            "account_receivable_turnover_ratio": 1.12,
            "reinvestment_rate": null,
            "research_to_sale_ratio": 15.55,
            "price_fair": 41.3,
            "eps_avg_yearly": 1.18,
            "eps_latest_yearly": 0.44,
            "eps_growth_yearly": 179.17
        },
        "20184": {
            "year_quarter": 20184,
            "year": 2018,
            "quarter": 4,
            "eps": 0.06,
            "eps_growth_year": null,
            "eps_4q": 0.83,
            "eps_4q_growth_year": null,
            "roe": 1.11,
            "roe_4q": 11.100000000000001,
            "gross_profit": 37483,
            "gross_margin": 67.46,
            "gross_margin_4q_avg": 80.74,
            "net_income": 3283,
            "net_income_4q": null,
            "revenue": 55563,
            "revenue_4q": null,
            "common_shares": 346244,
            "book_valuer_per_share": 8.34,
            "book_valuer_per_share_4q_avg": 7.99,
            "equity": 311148,
            "current_ratio": 116.2,
            "debt_ratio": 55.15,
            "inventory_turnover_ratio": 0.47,
            "account_receivable_turnover_ratio": 1.36,
            "reinvestment_rate": null,
            "research_to_sale_ratio": 13.99,
            "price_fair": 30.33,
            "eps_avg_yearly": 0.87,
            "eps_latest_yearly": 0.24,
            "eps_growth_yearly": 58.84
        },
        "20191": {
            "year_quarter": 20191,
            "year": 2019,
            "quarter": 1,
            "eps": 0.57,
            "eps_growth_year": 216.67,
            "eps_4q": 1.17,
            "eps_4q_growth_year": null,
            "roe": 7.54,
            "roe_4q": 16.19,
            "gross_profit": 78840,
            "gross_margin": 91.58,
            "gross_margin_4q_avg": 79.77,
            "net_income": 27008,
            "net_income_4q": null,
            "revenue": 86091,
            "revenue_4q": null,
            "common_shares": 367088,
            "book_valuer_per_share": 10.25,
            "book_valuer_per_share_4q_avg": 8.67,
            "equity": 405692,
            "current_ratio": 175.81,
            "debt_ratio": 40.69,
            "inventory_turnover_ratio": 0.11,
            "account_receivable_turnover_ratio": 1.72,
            "reinvestment_rate": null,
            "research_to_sale_ratio": 11.61,
            "price_fair": 42.7,
            "eps_avg_yearly": 1.22,
            "eps_latest_yearly": 2.28,
            "eps_growth_yearly": 894.13
        },
        "20192": {
            "year_quarter": 20192,
            "year": 2019,
            "quarter": 2,
            "eps": 0.63,
            "eps_growth_year": 31.25,
            "eps_4q": 1.24,
            "eps_4q_growth_year": null,
            "roe": 4.91,
            "roe_4q": 14.87,
            "gross_profit": 69316,
            "gross_margin": 89.88,
            "gross_margin_4q_avg": 82.86,
            "net_income": 22985,
            "net_income_4q": null,
            "revenue": 77122,
            "revenue_4q": null,
            "common_shares": 399119,
            "book_valuer_per_share": 12.57,
            "book_valuer_per_share_4q_avg": 9.81,
            "equity": 530111,
            "current_ratio": 371.61,
            "debt_ratio": 25.64,
            "inventory_turnover_ratio": 0.09,
            "account_receivable_turnover_ratio": 1.21,
            "reinvestment_rate": null,
            "research_to_sale_ratio": 11.07,
            "price_fair": 51.8,
            "eps_avg_yearly": 1.48,
            "eps_latest_yearly": 2.52,
            "eps_growth_yearly": 723.72
        },
        "20193": {
            "year_quarter": 20193,
            "year": 2019,
            "quarter": 3,
            "eps": 0.45,
            "eps_growth_year": 309.09,
            "eps_4q": 1.58,
            "eps_4q_growth_year": null,
            "roe": 3.69,
            "roe_4q": 17.25,
            "gross_profit": 67453,
            "gross_margin": 84.59,
            "gross_margin_4q_avg": 83.38,
            "net_income": 20263,
            "net_income_4q": null,
            "revenue": 79743,
            "revenue_4q": null,
            "common_shares": 405900,
            "book_valuer_per_share": 13.3,
            "book_valuer_per_share_4q_avg": 11.12,
            "equity": 569347,
            "current_ratio": 582.72,
            "debt_ratio": 20.2,
            "inventory_turnover_ratio": 0.12,
            "account_receivable_turnover_ratio": 1.07,
            "reinvestment_rate": null,
            "research_to_sale_ratio": 12.56,
            "price_fair": 53.67,
            "eps_avg_yearly": 1.53,
            "eps_latest_yearly": 1.8,
            "eps_growth_yearly": 584.06
        },
        "20194": {
            "year_quarter": 20194,
            "year": 2019,
            "quarter": 4,
            "eps": 0.37,
            "eps_growth_year": 509.65,
            "eps_4q": 1.9,
            "eps_4q_growth_year": 130.43,
            "roe": 4.02,
            "roe_4q": 20.16,
            "gross_profit": 86433,
            "gross_margin": 70.36,
            "gross_margin_4q_avg": 84.1,
            "net_income": 23391,
            "net_income_4q": null,
            "revenue": 122839,
            "revenue_4q": null,
            "common_shares": 405900,
            "book_valuer_per_share": 13.69,
            "book_valuer_per_share_4q_avg": 12.45,
            "equity": 593049,
            "current_ratio": 456.09,
            "debt_ratio": 22.06,
            "inventory_turnover_ratio": 0.34,
            "account_receivable_turnover_ratio": 1.4,
            "reinvestment_rate": -68.27,
            "research_to_sale_ratio": 10.1,
            "price_fair": 53.4,
            "eps_avg_yearly": 1.53,
            "eps_latest_yearly": 1.48,
            "eps_growth_yearly": 490.46
        },
        "20201": {
            "year_quarter": 20201,
            "year": 2020,
            "quarter": 1,
            "eps": 0.33,
            "eps_growth_year": -42.11,
            "eps_4q": 1.72,
            "eps_4q_growth_year": 47.78,
            "roe": 3.51,
            "roe_4q": 16.13,
            "gross_profit": 96893,
            "gross_margin": 75.12,
            "gross_margin_4q_avg": 79.99,
            "net_income": 21158,
            "net_income_4q": null,
            "revenue": 128986,
            "revenue_4q": null,
            "common_shares": 405900,
            "book_valuer_per_share": 13.99,
            "book_valuer_per_share_4q_avg": 13.39,
            "equity": 612976,
            "current_ratio": 383.95,
            "debt_ratio": 26.34,
            "inventory_turnover_ratio": 0.26,
            "account_receivable_turnover_ratio": 1.23,
            "reinvestment_rate": -19.96,
            "research_to_sale_ratio": 14.7,
            "price_fair": 52.5,
            "eps_avg_yearly": 1.5,
            "eps_latest_yearly": 1.32,
            "eps_growth_yearly": 423.75
        },
        "20202": {
            "year_quarter": 20202,
            "year": 2020,
            "quarter": 2,
            "eps": 2.09,
            "eps_growth_year": 231.75,
            "eps_4q": 3.23,
            "eps_4q_growth_year": 159.83,
            "roe": 13.96,
            "roe_4q": 25.18,
            "gross_profit": 197267,
            "gross_margin": 76.69,
            "gross_margin_4q_avg": 76.69,
            "net_income": 91871,
            "net_income_4q": null,
            "revenue": 257228,
            "revenue_4q": null,
            "common_shares": 405900,
            "book_valuer_per_share": 16.05,
            "book_valuer_per_share_4q_avg": 14.26,
            "equity": 702883,
            "current_ratio": 298.51,
            "debt_ratio": 30.12,
            "inventory_turnover_ratio": 0.4,
            "account_receivable_turnover_ratio": 1.82,
            "reinvestment_rate": 5.23,
            "research_to_sale_ratio": 8.92,
            "price_fair": 79.18,
            "eps_avg_yearly": 2.26,
            "eps_latest_yearly": 8.36,
            "eps_growth_yearly": 613.7
        },
        "20203": {
            "year_quarter": 20203,
            "year": 2020,
            "quarter": 3,
            "eps": 1.68,
            "eps_growth_year": 273.33,
            "eps_4q": 4.47,
            "eps_4q_growth_year": 182.48,
            "roe": 9.38,
            "roe_4q": 30.87,
            "gross_profit": 148129,
            "gross_margin": 79.63,
            "gross_margin_4q_avg": 75.45,
            "net_income": 69268,
            "net_income_4q": null,
            "revenue": 186033,
            "revenue_4q": null,
            "common_shares": 405900,
            "book_valuer_per_share": 17.77,
            "book_valuer_per_share_4q_avg": 15.38,
            "equity": 774343,
            "current_ratio": 310.4,
            "debt_ratio": 29.06,
            "inventory_turnover_ratio": 0.2,
            "account_receivable_turnover_ratio": 1.36,
            "reinvestment_rate": 16.28,
            "research_to_sale_ratio": 7.44,
            "price_fair": 94.78,
            "eps_avg_yearly": 2.71,
            "eps_latest_yearly": 6.72,
            "eps_growth_yearly": 544.48
        },
        "20204": {
            "year_quarter": 20204,
            "year": 2020,
            "quarter": 4,
            "eps": 2.24,
            "eps_growth_year": 503.33,
            "eps_4q": 6.34,
            "eps_4q_growth_year": 233.36,
            "roe": 9.98,
            "roe_4q": 36.83,
            "gross_profit": 193157,
            "gross_margin": 67.83,
            "gross_margin_4q_avg": 74.82,
            "net_income": 81437,
            "net_income_4q": null,
            "revenue": 284787,
            "revenue_4q": null,
            "common_shares": 405900,
            "book_valuer_per_share": 20.03,
            "book_valuer_per_share_4q_avg": 16.96,
            "equity": 857757,
            "current_ratio": 325.79,
            "debt_ratio": 30.85,
            "inventory_turnover_ratio": 0.41,
            "account_receivable_turnover_ratio": 2.09,
            "reinvestment_rate": 16.05,
            "research_to_sale_ratio": 4.58,
            "price_fair": 114.67,
            "eps_avg_yearly": 3.28,
            "eps_latest_yearly": 8.96,
            "eps_growth_yearly": 507.11
        },
        "20211": {
            "year_quarter": 20211,
            "year": 2021,
            "quarter": 1,
            "eps": 2.29,
            "eps_growth_year": 593.94,
            "eps_4q": 8.31,
            "eps_4q_growth_year": 381.98,
            "roe": 10.32,
            "roe_4q": 43.64,
            "gross_profit": 182535,
            "gross_margin": 78.49,
            "gross_margin_4q_avg": 75.66,
            "net_income": 93270,
            "net_income_4q": null,
            "revenue": 232550,
            "revenue_4q": null,
            "common_shares": 405900,
            "book_valuer_per_share": 22.31,
            "book_valuer_per_share_4q_avg": 19.04,
            "equity": 950215,
            "current_ratio": 371.66,
            "debt_ratio": 28.32,
            "inventory_turnover_ratio": 0.2,
            "account_receivable_turnover_ratio": 1.38,
            "reinvestment_rate": 13.74,
            "research_to_sale_ratio": 6.24,
            "price_fair": 131.83,
            "eps_avg_yearly": 3.77,
            "eps_latest_yearly": 9.16,
            "eps_growth_yearly": 465.59
        },
        "20212": {
            "year_quarter": 20212,
            "year": 2021,
            "quarter": 2,
            "eps": 2.7,
            "eps_growth_year": 29.19,
            "eps_4q": 8.92,
            "eps_4q_growth_year": 175.88,
            "roe": 10.78,
            "roe_4q": 40.46,
            "gross_profit": 214690,
            "gross_margin": 77.9,
            "gross_margin_4q_avg": 75.96,
            "net_income": 108244,
            "net_income_4q": null,
            "revenue": 275583,
            "revenue_4q": null,
            "common_shares": 405900,
            "book_valuer_per_share": 24.99,
            "book_valuer_per_share_4q_avg": 21.28,
            "equity": 1057086,
            "current_ratio": 391.47,
            "debt_ratio": 27.33,
            "inventory_turnover_ratio": 0.23,
            "account_receivable_turnover_ratio": 1.2,
            "reinvestment_rate": 16.06,
            "research_to_sale_ratio": 5.13,
            "price_fair": 150.77,
            "eps_avg_yearly": 4.31,
            "eps_latest_yearly": 10.8,
            "eps_growth_yearly": 435.29
        },
        "20213": {
            "year_quarter": 20213,
            "year": 2021,
            "quarter": 3,
            "eps": 2.64,
            "eps_growth_year": 57.14,
            "eps_4q": 9.67,
            "eps_4q_growth_year": 116.32,
            "roe": 10.51,
            "roe_4q": 41.59,
            "gross_profit": 195163,
            "gross_margin": 69.14,
            "gross_margin_4q_avg": 73.34,
            "net_income": 109496,
            "net_income_4q": null,
            "revenue": 282288,
            "revenue_4q": null,
            "common_shares": 405900,
            "book_valuer_per_share": 24.24,
            "book_valuer_per_share_4q_avg": 22.89,
            "equity": 1026157,
            "current_ratio": 324.23,
            "debt_ratio": 40.92,
            "inventory_turnover_ratio": 0.33,
            "account_receivable_turnover_ratio": 0.96,
            "reinvestment_rate": 12.57,
            "research_to_sale_ratio": 4.67,
            "price_fair": 166.4,
            "eps_avg_yearly": 4.75,
            "eps_latest_yearly": 10.56,
            "eps_growth_yearly": 403.56
        },
        "20214": {
            "year_quarter": 20214,
            "year": 2021,
            "quarter": 4,
            "eps": 1.52,
            "eps_growth_year": -32.03,
            "eps_4q": 9.01,
            "eps_4q_growth_year": 42.19,
            "roe": 5.63,
            "roe_4q": 37.24,
            "gross_profit": 154592,
            "gross_margin": 69.74,
            "gross_margin_4q_avg": 73.82,
            "net_income": 59464,
            "net_income_4q": null,
            "revenue": 221656,
            "revenue_4q": null,
            "common_shares": 417873,
            "book_valuer_per_share": 25.12,
            "book_valuer_per_share_4q_avg": 24.17,
            "equity": 1088070,
            "current_ratio": 424.33,
            "debt_ratio": 35.4,
            "inventory_turnover_ratio": 0.26,
            "account_receivable_turnover_ratio": 0.89,
            "reinvestment_rate": 11.42,
            "research_to_sale_ratio": 6.68,
            "price_fair": 169.49,
            "eps_avg_yearly": 4.84,
            "eps_latest_yearly": 6.08,
            "eps_growth_yearly": 365.34
        },
        "20221": {
            "year_quarter": 20221,
            "year": 2022,
            "quarter": 1,
            "eps": 2.39,
            "eps_growth_year": 4.37,
            "eps_4q": 9.17,
            "eps_4q_growth_year": 10.47,
            "roe": 8.62,
            "roe_4q": 35.54,
            "gross_profit": 177844,
            "gross_margin": 75.46,
            "gross_margin_4q_avg": 73.06,
            "net_income": 98267,
            "net_income_4q": null,
            "revenue": 235681,
            "revenue_4q": null,
            "common_shares": 417873,
            "book_valuer_per_share": 27.58,
            "book_valuer_per_share_4q_avg": 25.48,
            "equity": 1190642,
            "current_ratio": 457.4,
            "debt_ratio": 34.45,
            "inventory_turnover_ratio": 0.21,
            "account_receivable_turnover_ratio": 1.3,
            "reinvestment_rate": 9.37,
            "research_to_sale_ratio": 4.92,
            "price_fair": 179.81,
            "eps_avg_yearly": 5.14,
            "eps_latest_yearly": 9.56,
            "eps_growth_yearly": 356.82
        },
        "20222": {
            "year_quarter": 20222,
            "year": 2022,
            "quarter": 2,
            "eps": 3.28,
            "eps_growth_year": 21.48,
            "eps_4q": 9.83,
            "eps_4q_growth_year": 10.22,
            "roe": 10.56,
            "roe_4q": 35.32,
            "gross_profit": 229575,
            "gross_margin": 71.02,
            "gross_margin_4q_avg": 71.34,
            "net_income": 132767,
            "net_income_4q": null,
            "revenue": 323250,
            "revenue_4q": null,
            "common_shares": 417873,
            "book_valuer_per_share": 30.87,
            "book_valuer_per_share_4q_avg": 26.95,
            "equity": 1322934,
            "current_ratio": 520.79,
            "debt_ratio": 31.59,
            "inventory_turnover_ratio": 0.33,
            "account_receivable_turnover_ratio": 1.43,
            "reinvestment_rate": 9.99,
            "research_to_sale_ratio": 6.13,
            "price_fair": 204.31,
            "eps_avg_yearly": 5.84,
            "eps_latest_yearly": 13.12,
            "eps_growth_yearly": 324.46
        },
        "20223": {
            "year_quarter": 20223,
            "year": 2022,
            "quarter": 3,
            "eps": 0.8,
            "eps_growth_year": -69.7,
            "eps_4q": 7.34,
            "eps_4q_growth_year": -24.03,
            "roe": 3,
            "roe_4q": 27.81,
            "gross_profit": 78818,
            "gross_margin": 74.48,
            "gross_margin_4q_avg": 72.68,
            "net_income": 37175,
            "net_income_4q": null,
            "revenue": 105820,
            "revenue_4q": null,
            "common_shares": 459660,
            "book_valuer_per_share": 24.36,
            "book_valuer_per_share_4q_avg": 26.98,
            "equity": 1153490,
            "current_ratio": 228.25,
            "debt_ratio": 38.84,
            "inventory_turnover_ratio": 0.1,
            "account_receivable_turnover_ratio": 0.59,
            "reinvestment_rate": 9.86,
            "research_to_sale_ratio": 12.69,
            "price_fair": 210.35,
            "eps_avg_yearly": 6.01,
            "eps_latest_yearly": 3.2,
            "eps_growth_yearly": 324.83
        },
        "20224": {
            "year_quarter": 20224,
            "year": 2022,
            "quarter": 4,
            "eps": -1.14,
            "eps_growth_year": -175.06,
            "eps_4q": 4.82,
            "eps_4q_growth_year": -46.57,
            "roe": -4.5,
            "roe_4q": 17.68,
            "gross_profit": 3833,
            "gross_margin": 4.5,
            "gross_margin_4q_avg": 56.37,
            "net_income": -50722,
            "net_income_4q": null,
            "revenue": 85266,
            "revenue_4q": null,
            "common_shares": 459660,
            "book_valuer_per_share": 23.23,
            "book_valuer_per_share_4q_avg": 26.51,
            "equity": 1102675,
            "current_ratio": 277.88,
            "debt_ratio": 32.01,
            "inventory_turnover_ratio": 0.31,
            "account_receivable_turnover_ratio": 1.27,
            "reinvestment_rate": 10.18,
            "research_to_sale_ratio": 16.37,
            "price_fair": 223.81,
            "eps_avg_yearly": 6.39,
            "eps_latest_yearly": 3.2,
            "eps_growth_yearly": 358.61
        },
        "20231": {
            "year_quarter": 20231,
            "year": 2023,
            "quarter": 1,
            "eps": -0.81,
            "eps_growth_year": -133.89,
            "eps_4q": 1.83,
            "eps_4q_growth_year": -80.03,
            "roe": -3.51,
            "roe_4q": 5.550000000000001,
            "gross_profit": 20170,
            "gross_margin": 29.58,
            "gross_margin_4q_avg": 44.9,
            "net_income": -38063,
            "net_income_4q": null,
            "revenue": 68185,
            "revenue_4q": null,
            "common_shares": 459660,
            "book_valuer_per_share": 22.42,
            "book_valuer_per_share_4q_avg": 25.22,
            "equity": 1064877,
            "current_ratio": 300.43,
            "debt_ratio": 30.45,
            "inventory_turnover_ratio": 0.22,
            "account_receivable_turnover_ratio": 1.21,
            "reinvestment_rate": 11.08,
            "research_to_sale_ratio": 17.18,
            "price_fair": 234.1,
            "eps_avg_yearly": 6.69,
            "eps_latest_yearly": 3.2,
            "eps_growth_yearly": 141.36
        },
        "20232": {
            "year_quarter": 20232,
            "year": 2023,
            "quarter": 2,
            "eps": -0.8,
            "eps_growth_year": -124.39,
            "eps_4q": -1.72,
            "eps_4q_growth_year": -117.52,
            "roe": -4.69,
            "roe_4q": -9.7,
            "gross_profit": 3123,
            "gross_margin": 5.76,
            "gross_margin_4q_avg": 28.58,
            "net_income": -47159,
            "net_income_4q": null,
            "revenue": 54263,
            "revenue_4q": null,
            "common_shares": 459660,
            "book_valuer_per_share": 19.89,
            "book_valuer_per_share_4q_avg": 22.48,
            "equity": 946487,
            "current_ratio": 227.6,
            "debt_ratio": 35.83,
            "inventory_turnover_ratio": 0.29,
            "account_receivable_turnover_ratio": 1.06,
            "reinvestment_rate": 11.4,
            "research_to_sale_ratio": 29.9,
            "price_fair": 245.32,
            "eps_avg_yearly": 7.01,
            "eps_latest_yearly": 3.2,
            "eps_growth_yearly": 149
        },
        "20233": {
            "year_quarter": 20233,
            "year": 2023,
            "quarter": 3,
            "eps": -0.43,
            "eps_growth_year": -153.75,
            "eps_4q": -2.8,
            "eps_4q_growth_year": -138.07,
            "roe": -2.77,
            "roe_4q": -15.47,
            "gross_profit": 19682,
            "gross_margin": 40.84,
            "gross_margin_4q_avg": 20.17,
            "net_income": -25874,
            "net_income_4q": null,
            "revenue": 48187,
            "revenue_4q": null,
            "common_shares": 574575,
            "book_valuer_per_share": 15.52,
            "book_valuer_per_share_4q_avg": 20.27,
            "equity": 923914,
            "current_ratio": 425.75,
            "debt_ratio": 23.54,
            "inventory_turnover_ratio": 0.2,
            "account_receivable_turnover_ratio": 1.15,
            "reinvestment_rate": 12.71,
            "research_to_sale_ratio": 33.36,
            "price_fair": 260.52,
            "eps_avg_yearly": 7.44,
            "eps_latest_yearly": 3.2,
            "eps_growth_yearly": 170.94
        }
    },
    "months": {
        "2012-11": {
            "month": "2012-11",
            "price": "44.25",
            "revenue": 5995
        },
        "2012-12": {
            "month": "2012-12",
            "price": "42.08",
            "revenue": 8007
        },
        "2013-01": {
            "month": "2013-01",
            "price": "43.28",
            "revenue": 8730
        },
        "2013-02": {
            "month": "2013-02",
            "price": "42.30",
            "revenue": 4442
        },
        "2013-03": {
            "month": "2013-03",
            "price": "40.98",
            "revenue": 6198
        },
        "2013-04": {
            "month": "2013-04",
            "price": "42.45",
            "revenue": 10925
        },
        "2013-05": {
            "month": "2013-05",
            "price": "43.61",
            "revenue": 7956
        },
        "2013-06": {
            "month": "2013-06",
            "price": "48.73",
            "revenue": 11700
        },
        "2013-07": {
            "month": "2013-07",
            "price": "47.26",
            "revenue": 10365
        },
        "2013-08": {
            "month": "2013-08",
            "price": "47.38",
            "revenue": 6540
        },
        "2013-09": {
            "month": "2013-09",
            "price": "46.96",
            "revenue": 6644
        },
        "2013-10": {
            "month": "2013-10",
            "price": "44.19",
            "revenue": 6582
        },
        "2013-11": {
            "month": "2013-11",
            "price": "40.90",
            "revenue": 6340
        },
        "2013-12": {
            "month": "2013-12",
            "price": "40.47",
            "revenue": 9513
        },
        "2014-01": {
            "month": "2014-01",
            "price": "43.01",
            "revenue": 11356
        },
        "2014-02": {
            "month": "2014-02",
            "price": "41.87",
            "revenue": 9424
        },
        "2014-03": {
            "month": "2014-03",
            "price": "44.35",
            "revenue": 8684
        },
        "2014-04": {
            "month": "2014-04",
            "price": "48.64",
            "revenue": 12515
        },
        "2014-05": {
            "month": "2014-05",
            "price": "48.31",
            "revenue": 9113
        },
        "2014-06": {
            "month": "2014-06",
            "price": "46.96",
            "revenue": 8950
        },
        "2014-07": {
            "month": "2014-07",
            "price": "48.44",
            "revenue": 14337
        },
        "2014-08": {
            "month": "2014-08",
            "price": "37.98",
            "revenue": 20098
        },
        "2014-09": {
            "month": "2014-09",
            "price": "50.65",
            "revenue": 12245
        },
        "2014-10": {
            "month": "2014-10",
            "price": "61.62",
            "revenue": 8997
        },
        "2014-11": {
            "month": "2014-11",
            "price": "51.40",
            "revenue": 9927
        },
        "2014-12": {
            "month": "2014-12",
            "price": "54.48",
            "revenue": 8007
        },
        "2015-01": {
            "month": "2015-01",
            "price": "51.02",
            "revenue": 10218
        },
        "2015-02": {
            "month": "2015-02",
            "price": "49.63",
            "revenue": 7530
        },
        "2015-03": {
            "month": "2015-03",
            "price": "48.24",
            "revenue": 16860
        },
        "2015-04": {
            "month": "2015-04",
            "price": "47.99",
            "revenue": 13269
        },
        "2015-05": {
            "month": "2015-05",
            "price": "41.46",
            "revenue": 14622
        },
        "2015-06": {
            "month": "2015-06",
            "price": "38.86",
            "revenue": 12277
        },
        "2015-07": {
            "month": "2015-07",
            "price": "38.60",
            "revenue": 14546
        },
        "2015-08": {
            "month": "2015-08",
            "price": "28.69",
            "revenue": 11330
        },
        "2015-09": {
            "month": "2015-09",
            "price": "29.87",
            "revenue": 11871
        },
        "2015-10": {
            "month": "2015-10",
            "price": "41.51",
            "revenue": 14834
        },
        "2015-11": {
            "month": "2015-11",
            "price": "38.52",
            "revenue": 11048
        },
        "2015-12": {
            "month": "2015-12",
            "price": "34.08",
            "revenue": 10745
        },
        "2016-01": {
            "month": "2016-01",
            "price": "29.84",
            "revenue": 16622
        },
        "2016-02": {
            "month": "2016-02",
            "price": "30.88",
            "revenue": 9322
        },
        "2016-03": {
            "month": "2016-03",
            "price": "36.49",
            "revenue": 14276
        },
        "2016-04": {
            "month": "2016-04",
            "price": "34.01",
            "revenue": 13710
        },
        "2016-05": {
            "month": "2016-05",
            "price": "31.67",
            "revenue": 15108
        },
        "2016-06": {
            "month": "2016-06",
            "price": "30.93",
            "revenue": 11652
        },
        "2016-07": {
            "month": "2016-07",
            "price": "29.93",
            "revenue": 12829
        },
        "2016-08": {
            "month": "2016-08",
            "price": "28.25",
            "revenue": 12644
        },
        "2016-09": {
            "month": "2016-09",
            "price": "26.46",
            "revenue": 11690
        },
        "2016-10": {
            "month": "2016-10",
            "price": "24.32",
            "revenue": 9970
        },
        "2016-11": {
            "month": "2016-11",
            "price": "20.67",
            "revenue": 12910
        },
        "2016-12": {
            "month": "2016-12",
            "price": "20.48",
            "revenue": 9537
        },
        "2017-01": {
            "month": "2017-01",
            "price": "19.86",
            "revenue": 9805
        },
        "2017-02": {
            "month": "2017-02",
            "price": "21.45",
            "revenue": 12692
        },
        "2017-03": {
            "month": "2017-03",
            "price": "23.45",
            "revenue": 15527
        },
        "2017-04": {
            "month": "2017-04",
            "price": "21.37",
            "revenue": 15620
        },
        "2017-05": {
            "month": "2017-05",
            "price": "20.45",
            "revenue": 15696
        },
        "2017-06": {
            "month": "2017-06",
            "price": "21.36",
            "revenue": 12374
        },
        "2017-07": {
            "month": "2017-07",
            "price": "21.80",
            "revenue": 13193
        },
        "2017-08": {
            "month": "2017-08",
            "price": "20.45",
            "revenue": 12650
        },
        "2017-09": {
            "month": "2017-09",
            "price": "20.25",
            "revenue": 9418
        },
        "2017-10": {
            "month": "2017-10",
            "price": "20.83",
            "revenue": 12825
        },
        "2017-11": {
            "month": "2017-11",
            "price": "20.18",
            "revenue": 11798
        },
        "2017-12": {
            "month": "2017-12",
            "price": "19.52",
            "revenue": 13814
        },
        "2018-01": {
            "month": "2018-01",
            "price": "19.40",
            "revenue": 14426
        },
        "2018-02": {
            "month": "2018-02",
            "price": "18.36",
            "revenue": 11698
        },
        "2018-03": {
            "month": "2018-03",
            "price": "18.82",
            "revenue": 15799
        },
        "2018-04": {
            "month": "2018-04",
            "price": "18.41",
            "revenue": 14304
        },
        "2018-05": {
            "month": "2018-05",
            "price": "18.07",
            "revenue": 19635
        },
        "2018-06": {
            "month": "2018-06",
            "price": "19.58",
            "revenue": 13016
        },
        "2018-07": {
            "month": "2018-07",
            "price": "19.36",
            "revenue": 11196
        },
        "2018-08": {
            "month": "2018-08",
            "price": "20.96",
            "revenue": 15017
        },
        "2018-09": {
            "month": "2018-09",
            "price": "24.99",
            "revenue": 16764
        },
        "2018-10": {
            "month": "2018-10",
            "price": "30.32",
            "revenue": 13710
        },
        "2018-11": {
            "month": "2018-11",
            "price": "30.68",
            "revenue": 19374
        },
        "2018-12": {
            "month": "2018-12",
            "price": "37.83",
            "revenue": 22479
        },
        "2019-01": {
            "month": "2019-01",
            "price": "41.31",
            "revenue": 35236
        },
        "2019-02": {
            "month": "2019-02",
            "price": "42.16",
            "revenue": 26422
        },
        "2019-03": {
            "month": "2019-03",
            "price": "41.14",
            "revenue": 24433
        },
        "2019-04": {
            "month": "2019-04",
            "price": "39.34",
            "revenue": 27716
        },
        "2019-05": {
            "month": "2019-05",
            "price": "39.92",
            "revenue": 20132
        },
        "2019-06": {
            "month": "2019-06",
            "price": "39.47",
            "revenue": 29274
        },
        "2019-07": {
            "month": "2019-07",
            "price": "40.21",
            "revenue": 20462
        },
        "2019-08": {
            "month": "2019-08",
            "price": "40.42",
            "revenue": 31985
        },
        "2019-09": {
            "month": "2019-09",
            "price": "41.03",
            "revenue": 27296
        },
        "2019-10": {
            "month": "2019-10",
            "price": "41.81",
            "revenue": 37851
        },
        "2019-11": {
            "month": "2019-11",
            "price": "49.35",
            "revenue": 40022
        },
        "2019-12": {
            "month": "2019-12",
            "price": "64.10",
            "revenue": 44966
        },
        "2020-02": {
            "month": "2020-02",
            "price": "64.85",
            "revenue": 24350
        },
        "2020-03": {
            "month": "2020-03",
            "price": "75.82",
            "revenue": 52065
        },
        "2020-04": {
            "month": "2020-04",
            "price": "127.44",
            "revenue": 80889
        },
        "2020-05": {
            "month": "2020-05",
            "price": "259.40",
            "revenue": 105128
        },
        "2020-06": {
            "month": "2020-06",
            "price": "376.50",
            "revenue": 71211
        },
        "2020-07": {
            "month": "2020-07",
            "price": "315.83",
            "revenue": 52013
        },
        "2020-08": {
            "month": "2020-08",
            "price": "212.64",
            "revenue": 72852
        },
        "2020-09": {
            "month": "2020-09",
            "price": "198.09",
            "revenue": 61168
        },
        "2020-10": {
            "month": "2020-10",
            "price": "157.84",
            "revenue": 57041
        },
        "2020-11": {
            "month": "2020-11",
            "price": "147.86",
            "revenue": 124078
        },
        "2020-12": {
            "month": "2020-12",
            "price": "146.41",
            "revenue": 103668
        },
        "2021-01": {
            "month": "2021-01",
            "price": "130.35",
            "revenue": 65663
        },
        "2021-02": {
            "month": "2021-02",
            "price": "130.54",
            "revenue": 74225
        },
        "2021-03": {
            "month": "2021-03",
            "price": "123.61",
            "revenue": 92661
        },
        "2021-04": {
            "month": "2021-04",
            "price": "118.05",
            "revenue": 62985
        },
        "2021-05": {
            "month": "2021-05",
            "price": "141.93",
            "revenue": 102793
        },
        "2021-06": {
            "month": "2021-06",
            "price": "140.40",
            "revenue": 109805
        },
        "2021-07": {
            "month": "2021-07",
            "price": "129.82",
            "revenue": 96076
        },
        "2021-08": {
            "month": "2021-08",
            "price": "116.05",
            "revenue": 106110
        },
        "2021-09": {
            "month": "2021-09",
            "price": "112.42",
            "revenue": 80102
        },
        "2021-10": {
            "month": "2021-10",
            "price": "83.52",
            "revenue": 62344
        },
        "2021-11": {
            "month": "2021-11",
            "price": "83.11",
            "revenue": 59569
        },
        "2021-12": {
            "month": "2021-12",
            "price": "88.11",
            "revenue": 99744
        },
        "2022-01": {
            "month": "2022-01",
            "price": "104.17",
            "revenue": 125908
        },
        "2022-02": {
            "month": "2022-02",
            "price": "97.28",
            "revenue": 34986
        },
        "2022-03": {
            "month": "2022-03",
            "price": "89.30",
            "revenue": 74786
        },
        "2022-04": {
            "month": "2022-04",
            "price": "142.72",
            "revenue": 87653
        },
        "2022-05": {
            "month": "2022-05",
            "price": "126.71",
            "revenue": 203418
        },
        "2022-06": {
            "month": "2022-06",
            "price": "99.19",
            "revenue": 32179
        },
        "2022-07": {
            "month": "2022-07",
            "price": "83.14",
            "revenue": 33773
        },
        "2022-08": {
            "month": "2022-08",
            "price": "79.62",
            "revenue": 35338
        },
        "2022-09": {
            "month": "2022-09",
            "price": "70.90",
            "revenue": 36709
        },
        "2022-10": {
            "month": "2022-10",
            "price": "50.90",
            "revenue": 35757
        },
        "2022-11": {
            "month": "2022-11",
            "price": "52.29",
            "revenue": 25530
        },
        "2022-12": {
            "month": "2022-12",
            "price": "56.85",
            "revenue": 23979
        },
        "2023-01": {
            "month": "2023-01",
            "price": "62.90",
            "revenue": 23145
        },
        "2023-02": {
            "month": "2023-02",
            "price": "61.69",
            "revenue": 13259
        },
        "2023-03": {
            "month": "2023-03",
            "price": "59.71",
            "revenue": 31781
        },
        "2023-04": {
            "month": "2023-04",
            "price": "59.52",
            "revenue": 17140
        },
        "2023-05": {
            "month": "2023-05",
            "price": "54.33",
            "revenue": 17925
        },
        "2023-06": {
            "month": "2023-06",
            "price": "52.22",
            "revenue": 19198
        },
        "2023-07": {
            "month": "2023-07",
            "price": "50.10",
            "revenue": 15551
        },
        "2023-08": {
            "month": "2023-08",
            "price": "37.08",
            "revenue": 18831
        },
        "2023-09": {
            "month": "2023-09",
            "price": "36.67",
            "revenue": 13805
        },
        "2023-10": {
            "month": "2023-10",
            "price": "32.30",
            "revenue": 17165
        },
        "2023-11": {
            "month": "2023-11",
            "price": "34.29",
            "revenue": 19379
        }
    }
}
