{
    "summary": {
        "stock_name": "久裕",
        "stock_id": "4173",
        "category": "生技醫療",
        "main_business": "處方用藥、指示用藥、健康消費品、美容保養品之銷售<br>處方用藥及指示用藥之經銷物流服務",
        "website_url": "http://www.arich.com.tw",
        "ceo": "彪士偉",
        "pe_ratio": 25,
        "report_year_from": 2011,
        "report_year_to": 2023,
        "age": 12,
        "eps_negative_percentage": 0,
        "eps_growth_avg": {
            "last_all": -7.22,
            "last_2y": -11.86,
            "last_4y": 17.17,
            "last_8y": -7.22,
            "last_12y": null,
            "last_16y": null,
            "last_20y": null,
            "at_2006_last_3y": null,
            "at_2007_last_3y": null,
            "at_2008_last_3y": null,
            "at_2009_last_3y": null,
            "at_2010_last_3y": null,
            "at_2011_last_3y": null,
            "at_2012_last_3y": null,
            "at_2013_last_3y": null,
            "at_2014_last_3y": null,
            "at_2015_last_3y": null,
            "at_2016_last_3y": null,
            "at_2017_last_3y": -37.71,
            "at_2018_last_3y": -0.13,
            "at_2019_last_3y": 12.51,
            "at_2020_last_3y": 0.16,
            "at_2021_last_3y": 18.09,
            "at_2022_last_3y": -3.54,
            "at_2023_last_3y": -3.54,
            "at_2006_last_all": null,
            "at_2007_last_all": null,
            "at_2008_last_all": null,
            "at_2009_last_all": null,
            "at_2010_last_all": null,
            "at_2011_last_all": null,
            "at_2012_last_all": null,
            "at_2013_last_all": null,
            "at_2014_last_all": null,
            "at_2015_last_all": -39.71,
            "at_2016_last_all": -23.5,
            "at_2017_last_all": -37.71,
            "at_2018_last_all": -10.17,
            "at_2019_last_all": -4.9,
            "at_2020_last_all": -9.98,
            "at_2021_last_all": -9.81,
            "at_2022_last_all": -7.22,
            "at_2023_last_all": -7.22
        },
        "latest_eps": 0.91,
        "latest_price": 22.75,
        "latest_roe": 3.74,
        "latest_gross_margin": 20.79,
        "latest_equity": 1851938,
        "latest_revenue": 263761,
        "latest_gross_profit": 54825,
        "latest_net_income": 17524,
        "latest_debt_ratio": 62.28,
        "latest_current_ratio": 144.96,
        "latest_account_receivable_turnover_ratio": 0.45,
        "latest_inventory_turnover_ratio": 1.76,
        "latest_reinvestment_rate": 19.44,
        "latest_research_to_sale_ratio": null
    },
    "eps_dividends": {
        "2001": {
            "cash": 0,
            "stock": 0,
            "eps": 0
        },
        "2002": {
            "cash": 0,
            "stock": 0,
            "eps": 0
        },
        "2003": {
            "cash": 0,
            "stock": 0,
            "eps": 0
        },
        "2004": {
            "cash": 0,
            "stock": 0,
            "eps": 0
        },
        "2005": {
            "cash": 0,
            "stock": 0,
            "eps": 0
        },
        "2006": {
            "cash": 0,
            "stock": 0,
            "eps": 0
        },
        "2007": {
            "cash": 0,
            "stock": 0,
            "eps": 0
        },
        "2008": {
            "cash": 0,
            "stock": 0,
            "eps": 0
        },
        "2009": {
            "cash": 0,
            "stock": 0,
            "eps": 0
        },
        "2010": {
            "cash": 0,
            "stock": 0,
            "eps": 0
        },
        "2011": {
            "cash": 0,
            "stock": 0,
            "eps": 0
        },
        "2012": {
            "cash": 0,
            "stock": 0,
            "eps": 0
        },
        "2013": {
            "cash": 1.5,
            "stock": 0,
            "eps": 1.59
        },
        "2014": {
            "cash": 1.16,
            "stock": 0,
            "eps": 0.79
        },
        "2015": {
            "cash": 0.81,
            "stock": 0,
            "eps": 0.56
        },
        "2016": {
            "cash": 0.3,
            "stock": 0,
            "eps": 0.61
        },
        "2017": {
            "cash": 0.54,
            "stock": 0,
            "eps": 0.12
        },
        "2018": {
            "cash": 0.3,
            "stock": 0,
            "eps": 1.12
        },
        "2019": {
            "cash": 1.04,
            "stock": 0,
            "eps": 1.36
        },
        "2020": {
            "cash": 1,
            "stock": 0,
            "eps": 0.81
        },
        "2021": {
            "cash": 0.56,
            "stock": 0,
            "eps": 0.74
        },
        "2022": {
            "cash": 0.5,
            "stock": 0,
            "eps": 0.84
        },
        "2023": {
            "cash": 0.65,
            "stock": 0,
            "eps": 0.23
        }
    },
    "dividends": {
        "2013-06-13": {
            "cash": 1.5,
            "stock": 0
        },
        "2014-06-16": {
            "cash": 1.16,
            "stock": 0
        },
        "2015-09-11": {
            "cash": 0.81,
            "stock": 0
        },
        "2016-08-22": {
            "cash": 0.3,
            "stock": 0
        },
        "2017-08-25": {
            "cash": 0.54,
            "stock": 0
        },
        "2018-09-13": {
            "cash": 0.3,
            "stock": 0
        },
        "2019-09-12": {
            "cash": 1.04,
            "stock": 0
        },
        "2020-08-27": {
            "cash": 1,
            "stock": 0
        },
        "2021-08-25": {
            "cash": 0.56,
            "stock": 0
        },
        "2022-07-28": {
            "cash": 0.5,
            "stock": 0
        },
        "2023-03-16": {
            "cash": 0.65,
            "stock": 0
        }
    },
    "prices": {
        "200101": "無",
        "200102": "無",
        "200103": "無",
        "200104": "無",
        "200105": "無",
        "200106": "無",
        "200107": "無",
        "200108": "無",
        "200109": "無",
        "200110": "無",
        "200111": "無",
        "200112": "無",
        "200201": "無",
        "200202": "無",
        "200203": "無",
        "200204": "無",
        "200205": "無",
        "200206": "無",
        "200207": "無",
        "200208": "無",
        "200209": "無",
        "200210": "無",
        "200211": "無",
        "200212": "無",
        "200301": "無",
        "200302": "無",
        "200303": "無",
        "200304": "無",
        "200305": "無",
        "200306": "無",
        "200307": "無",
        "200308": "無",
        "200309": "無",
        "200310": "無",
        "200311": "無",
        "200312": "無",
        "200401": "無",
        "200402": "無",
        "200403": "無",
        "200404": "無",
        "200405": "無",
        "200406": "無",
        "200407": "無",
        "200408": "無",
        "200409": "無",
        "200410": "無",
        "200411": "無",
        "200412": "無",
        "200501": "無",
        "200502": "無",
        "200503": "無",
        "200504": "無",
        "200505": "無",
        "200506": "無",
        "200507": "無",
        "200508": "無",
        "200509": "無",
        "200510": "無",
        "200511": "無",
        "200512": "無",
        "200601": "無",
        "200602": "無",
        "200603": "無",
        "200604": "無",
        "200605": "無",
        "200606": "無",
        "200607": "無",
        "200608": "無",
        "200609": "無",
        "200610": "無",
        "200611": "無",
        "200612": "無",
        "200701": "無",
        "200702": "無",
        "200703": "無",
        "200704": "無",
        "200705": "無",
        "200706": "無",
        "200707": "無",
        "200708": "無",
        "200709": "無",
        "200710": "無",
        "200711": "無",
        "200712": "無",
        "200801": "無",
        "200802": "無",
        "200803": "無",
        "200804": "無",
        "200805": "無",
        "200806": "無",
        "200807": "無",
        "200808": "無",
        "200809": "無",
        "200810": "無",
        "200811": "無",
        "200812": "無",
        "200901": "無",
        "200902": "無",
        "200903": "無",
        "200904": "無",
        "200905": "無",
        "200906": "無",
        "200907": "無",
        "200908": "無",
        "200909": "無",
        "200910": "無",
        "200911": "無",
        "200912": "無",
        "201001": "無",
        "201002": "無",
        "201003": "無",
        "201004": "無",
        "201005": "無",
        "201006": "無",
        "201007": "無",
        "201008": "無",
        "201009": "無",
        "201010": "無",
        "201011": "無",
        "201012": "無",
        "201101": "無",
        "201102": "無",
        "201103": "無",
        "201104": "無",
        "201105": "無",
        "201106": "無",
        "201107": "無",
        "201108": "無",
        "201109": "無",
        "201110": "無",
        "201111": "無",
        "201112": "無",
        "201201": "無",
        "201202": "無",
        "201203": "無",
        "201204": "無",
        "201205": "無",
        "201206": "無",
        "201207": "31.52",
        "201208": "28.38",
        "201209": "29.70",
        "201210": "29.04",
        "201211": "28.68",
        "201212": "29.25",
        "201301": "40.40",
        "201302": "60.85",
        "201303": "48.82",
        "201304": "56.55",
        "201305": "55.04",
        "201306": "60.54",
        "201307": "63.57",
        "201308": "68.88",
        "201309": "72.12",
        "201310": "67.50",
        "201311": "52.31",
        "201312": "54.65",
        "201401": "51.32",
        "201402": "50.67",
        "201403": "51.05",
        "201404": "47.28",
        "201405": "44.20",
        "201406": "44.47",
        "201407": "42.99",
        "201408": "37.15",
        "201409": "36.71",
        "201410": "32.02",
        "201411": "32.00",
        "201412": "33.83",
        "201501": "34.35",
        "201502": "32.81",
        "201503": "34.62",
        "201504": "32.75",
        "201505": "30.55",
        "201506": "32.47",
        "201507": "35.56",
        "201508": "28.18",
        "201509": "30.36",
        "201510": "28.38",
        "201511": "29.15",
        "201512": "28.21",
        "201601": "24.36",
        "201602": "23.86",
        "201603": "24.62",
        "201604": "23.43",
        "201605": "22.40",
        "201606": "22.32",
        "201607": "20.74",
        "201608": "19.62",
        "201609": "19.93",
        "201610": "19.61",
        "201611": "18.87",
        "201612": "18.42",
        "201701": "18.54",
        "201702": "18.68",
        "201703": "19.58",
        "201704": "21.50",
        "201705": "24.13",
        "201706": "23.73",
        "201707": "20.56",
        "201708": "18.56",
        "201709": "18.44",
        "201710": "20.53",
        "201711": "21.04",
        "201712": "20.45",
        "201801": "19.65",
        "201802": "19.20",
        "201803": "19.74",
        "201804": "18.48",
        "201805": "18.24",
        "201806": "18.56",
        "201807": "18.14",
        "201808": "17.76",
        "201809": "18.14",
        "201810": "17.14",
        "201811": "15.83",
        "201812": "15.87",
        "201901": "16.08",
        "201902": "16.99",
        "201903": "16.74",
        "201904": "17.33",
        "201905": "16.91",
        "201906": "17.31",
        "201907": "17.52",
        "201908": "17.38",
        "201909": "19.33",
        "201910": "22.83",
        "201911": "22.05",
        "201912": "20.36",
        "202001": "19.67",
        "202002": "19.93",
        "202003": "18.44",
        "202004": "19.27",
        "202005": "19.92",
        "202006": "22.50",
        "202007": "23.86",
        "202008": "23.28",
        "202009": "22.25",
        "202010": "23.42",
        "202011": "24.12",
        "202012": "24.77",
        "202101": "22.65",
        "202102": "23.01",
        "202103": "23.45",
        "202104": "22.24",
        "202105": "21.04",
        "202106": "25.73",
        "202107": "22.49",
        "202108": "20.17",
        "202109": "19.42",
        "202110": "17.62",
        "202111": "18.11",
        "202112": "18.14",
        "202201": "17.95",
        "202202": "17.58",
        "202203": "17.38",
        "202204": "19.54",
        "202205": "17.84",
        "202206": "17.84",
        "202207": "17.11",
        "202208": "18.63",
        "202209": "19.12",
        "202210": "17.13",
        "202211": "17.30",
        "202212": "18.85",
        "202301": "18.47",
        "202302": "18.91",
        "202303": "19.22",
        "202304": "19.66",
        "202305": "23.02",
        "202306": "23.45"
    },
    "quarters": {
        "20011": {
            "year_quarter": 20011,
            "year": 2001,
            "quarter": 1,
            "eps": null,
            "eps_growth_year": null,
            "eps_4q": null,
            "eps_4q_growth_year": null,
            "roe": null,
            "roe_4q": 0,
            "gross_profit": null,
            "gross_margin": null,
            "gross_margin_4q_avg": 0,
            "net_income": null,
            "revenue": null,
            "common_shares": null,
            "book_valuer_per_share": null,
            "book_valuer_per_share_4q_avg": 0,
            "equity": null,
            "current_ratio": null,
            "debt_ratio": null,
            "inventory_turnover_ratio": null,
            "account_receivable_turnover_ratio": null,
            "reinvestment_rate": null,
            "research_to_sale_ratio": null,
            "price_fair": 0,
            "eps_avg_yearly": 0,
            "eps_latest_yearly": 0,
            "eps_growth_yearly": 0
        },
        "20012": {
            "year_quarter": 20012,
            "year": 2001,
            "quarter": 2,
            "eps": null,
            "eps_growth_year": null,
            "eps_4q": null,
            "eps_4q_growth_year": null,
            "roe": null,
            "roe_4q": 0,
            "gross_profit": null,
            "gross_margin": null,
            "gross_margin_4q_avg": 0,
            "net_income": null,
            "revenue": null,
            "common_shares": null,
            "book_valuer_per_share": null,
            "book_valuer_per_share_4q_avg": 0,
            "equity": null,
            "current_ratio": null,
            "debt_ratio": null,
            "inventory_turnover_ratio": null,
            "account_receivable_turnover_ratio": null,
            "reinvestment_rate": null,
            "research_to_sale_ratio": null,
            "price_fair": 0,
            "eps_avg_yearly": 0,
            "eps_latest_yearly": 0,
            "eps_growth_yearly": 0
        },
        "20013": {
            "year_quarter": 20013,
            "year": 2001,
            "quarter": 3,
            "eps": null,
            "eps_growth_year": null,
            "eps_4q": null,
            "eps_4q_growth_year": null,
            "roe": null,
            "roe_4q": 0,
            "gross_profit": null,
            "gross_margin": null,
            "gross_margin_4q_avg": 0,
            "net_income": null,
            "revenue": null,
            "common_shares": null,
            "book_valuer_per_share": null,
            "book_valuer_per_share_4q_avg": 0,
            "equity": null,
            "current_ratio": null,
            "debt_ratio": null,
            "inventory_turnover_ratio": null,
            "account_receivable_turnover_ratio": null,
            "reinvestment_rate": null,
            "research_to_sale_ratio": null,
            "price_fair": 0,
            "eps_avg_yearly": 0,
            "eps_latest_yearly": 0,
            "eps_growth_yearly": 0
        },
        "20014": {
            "year_quarter": 20014,
            "year": 2001,
            "quarter": 4,
            "eps": null,
            "eps_growth_year": null,
            "eps_4q": null,
            "eps_4q_growth_year": null,
            "roe": null,
            "roe_4q": 0,
            "gross_profit": null,
            "gross_margin": null,
            "gross_margin_4q_avg": 0,
            "net_income": null,
            "revenue": null,
            "common_shares": null,
            "book_valuer_per_share": null,
            "book_valuer_per_share_4q_avg": 0,
            "equity": null,
            "current_ratio": null,
            "debt_ratio": null,
            "inventory_turnover_ratio": null,
            "account_receivable_turnover_ratio": null,
            "reinvestment_rate": null,
            "research_to_sale_ratio": null,
            "price_fair": 0,
            "eps_avg_yearly": 0,
            "eps_latest_yearly": 0,
            "eps_growth_yearly": 0
        },
        "20021": {
            "year_quarter": 20021,
            "year": 2002,
            "quarter": 1,
            "eps": null,
            "eps_growth_year": null,
            "eps_4q": null,
            "eps_4q_growth_year": null,
            "roe": null,
            "roe_4q": 0,
            "gross_profit": null,
            "gross_margin": null,
            "gross_margin_4q_avg": 0,
            "net_income": null,
            "revenue": null,
            "common_shares": null,
            "book_valuer_per_share": null,
            "book_valuer_per_share_4q_avg": 0,
            "equity": null,
            "current_ratio": null,
            "debt_ratio": null,
            "inventory_turnover_ratio": null,
            "account_receivable_turnover_ratio": null,
            "reinvestment_rate": null,
            "research_to_sale_ratio": null,
            "price_fair": 0,
            "eps_avg_yearly": 0,
            "eps_latest_yearly": 0,
            "eps_growth_yearly": 0
        },
        "20022": {
            "year_quarter": 20022,
            "year": 2002,
            "quarter": 2,
            "eps": null,
            "eps_growth_year": null,
            "eps_4q": null,
            "eps_4q_growth_year": null,
            "roe": null,
            "roe_4q": 0,
            "gross_profit": null,
            "gross_margin": null,
            "gross_margin_4q_avg": 0,
            "net_income": null,
            "revenue": null,
            "common_shares": null,
            "book_valuer_per_share": null,
            "book_valuer_per_share_4q_avg": 0,
            "equity": null,
            "current_ratio": null,
            "debt_ratio": null,
            "inventory_turnover_ratio": null,
            "account_receivable_turnover_ratio": null,
            "reinvestment_rate": null,
            "research_to_sale_ratio": null,
            "price_fair": 0,
            "eps_avg_yearly": 0,
            "eps_latest_yearly": 0,
            "eps_growth_yearly": 0
        },
        "20023": {
            "year_quarter": 20023,
            "year": 2002,
            "quarter": 3,
            "eps": null,
            "eps_growth_year": null,
            "eps_4q": null,
            "eps_4q_growth_year": null,
            "roe": null,
            "roe_4q": 0,
            "gross_profit": null,
            "gross_margin": null,
            "gross_margin_4q_avg": 0,
            "net_income": null,
            "revenue": null,
            "common_shares": null,
            "book_valuer_per_share": null,
            "book_valuer_per_share_4q_avg": 0,
            "equity": null,
            "current_ratio": null,
            "debt_ratio": null,
            "inventory_turnover_ratio": null,
            "account_receivable_turnover_ratio": null,
            "reinvestment_rate": null,
            "research_to_sale_ratio": null,
            "price_fair": 0,
            "eps_avg_yearly": 0,
            "eps_latest_yearly": 0,
            "eps_growth_yearly": 0
        },
        "20024": {
            "year_quarter": 20024,
            "year": 2002,
            "quarter": 4,
            "eps": null,
            "eps_growth_year": null,
            "eps_4q": null,
            "eps_4q_growth_year": null,
            "roe": null,
            "roe_4q": 0,
            "gross_profit": null,
            "gross_margin": null,
            "gross_margin_4q_avg": 0,
            "net_income": null,
            "revenue": null,
            "common_shares": null,
            "book_valuer_per_share": null,
            "book_valuer_per_share_4q_avg": 0,
            "equity": null,
            "current_ratio": null,
            "debt_ratio": null,
            "inventory_turnover_ratio": null,
            "account_receivable_turnover_ratio": null,
            "reinvestment_rate": null,
            "research_to_sale_ratio": null,
            "price_fair": 0,
            "eps_avg_yearly": 0,
            "eps_latest_yearly": 0,
            "eps_growth_yearly": 0
        },
        "20031": {
            "year_quarter": 20031,
            "year": 2003,
            "quarter": 1,
            "eps": null,
            "eps_growth_year": null,
            "eps_4q": null,
            "eps_4q_growth_year": null,
            "roe": null,
            "roe_4q": 0,
            "gross_profit": null,
            "gross_margin": null,
            "gross_margin_4q_avg": 0,
            "net_income": null,
            "revenue": null,
            "common_shares": null,
            "book_valuer_per_share": null,
            "book_valuer_per_share_4q_avg": 0,
            "equity": null,
            "current_ratio": null,
            "debt_ratio": null,
            "inventory_turnover_ratio": null,
            "account_receivable_turnover_ratio": null,
            "reinvestment_rate": null,
            "research_to_sale_ratio": null,
            "price_fair": 0,
            "eps_avg_yearly": 0,
            "eps_latest_yearly": 0,
            "eps_growth_yearly": 0
        },
        "20032": {
            "year_quarter": 20032,
            "year": 2003,
            "quarter": 2,
            "eps": null,
            "eps_growth_year": null,
            "eps_4q": null,
            "eps_4q_growth_year": null,
            "roe": null,
            "roe_4q": 0,
            "gross_profit": null,
            "gross_margin": null,
            "gross_margin_4q_avg": 0,
            "net_income": null,
            "revenue": null,
            "common_shares": null,
            "book_valuer_per_share": null,
            "book_valuer_per_share_4q_avg": 0,
            "equity": null,
            "current_ratio": null,
            "debt_ratio": null,
            "inventory_turnover_ratio": null,
            "account_receivable_turnover_ratio": null,
            "reinvestment_rate": null,
            "research_to_sale_ratio": null,
            "price_fair": 0,
            "eps_avg_yearly": 0,
            "eps_latest_yearly": 0,
            "eps_growth_yearly": 0
        },
        "20033": {
            "year_quarter": 20033,
            "year": 2003,
            "quarter": 3,
            "eps": null,
            "eps_growth_year": null,
            "eps_4q": null,
            "eps_4q_growth_year": null,
            "roe": null,
            "roe_4q": 0,
            "gross_profit": null,
            "gross_margin": null,
            "gross_margin_4q_avg": 0,
            "net_income": null,
            "revenue": null,
            "common_shares": null,
            "book_valuer_per_share": null,
            "book_valuer_per_share_4q_avg": 0,
            "equity": null,
            "current_ratio": null,
            "debt_ratio": null,
            "inventory_turnover_ratio": null,
            "account_receivable_turnover_ratio": null,
            "reinvestment_rate": null,
            "research_to_sale_ratio": null,
            "price_fair": 0,
            "eps_avg_yearly": 0,
            "eps_latest_yearly": 0,
            "eps_growth_yearly": 0
        },
        "20034": {
            "year_quarter": 20034,
            "year": 2003,
            "quarter": 4,
            "eps": null,
            "eps_growth_year": null,
            "eps_4q": null,
            "eps_4q_growth_year": null,
            "roe": null,
            "roe_4q": 0,
            "gross_profit": null,
            "gross_margin": null,
            "gross_margin_4q_avg": 0,
            "net_income": null,
            "revenue": null,
            "common_shares": null,
            "book_valuer_per_share": null,
            "book_valuer_per_share_4q_avg": 0,
            "equity": null,
            "current_ratio": null,
            "debt_ratio": null,
            "inventory_turnover_ratio": null,
            "account_receivable_turnover_ratio": null,
            "reinvestment_rate": null,
            "research_to_sale_ratio": null,
            "price_fair": 0,
            "eps_avg_yearly": 0,
            "eps_latest_yearly": 0,
            "eps_growth_yearly": 0
        },
        "20041": {
            "year_quarter": 20041,
            "year": 2004,
            "quarter": 1,
            "eps": null,
            "eps_growth_year": null,
            "eps_4q": null,
            "eps_4q_growth_year": null,
            "roe": null,
            "roe_4q": 0,
            "gross_profit": null,
            "gross_margin": null,
            "gross_margin_4q_avg": 0,
            "net_income": null,
            "revenue": null,
            "common_shares": null,
            "book_valuer_per_share": null,
            "book_valuer_per_share_4q_avg": 0,
            "equity": null,
            "current_ratio": null,
            "debt_ratio": null,
            "inventory_turnover_ratio": null,
            "account_receivable_turnover_ratio": null,
            "reinvestment_rate": null,
            "research_to_sale_ratio": null,
            "price_fair": 0,
            "eps_avg_yearly": 0,
            "eps_latest_yearly": 0,
            "eps_growth_yearly": 0
        },
        "20042": {
            "year_quarter": 20042,
            "year": 2004,
            "quarter": 2,
            "eps": null,
            "eps_growth_year": null,
            "eps_4q": null,
            "eps_4q_growth_year": null,
            "roe": null,
            "roe_4q": 0,
            "gross_profit": null,
            "gross_margin": null,
            "gross_margin_4q_avg": 0,
            "net_income": null,
            "revenue": null,
            "common_shares": null,
            "book_valuer_per_share": null,
            "book_valuer_per_share_4q_avg": 0,
            "equity": null,
            "current_ratio": null,
            "debt_ratio": null,
            "inventory_turnover_ratio": null,
            "account_receivable_turnover_ratio": null,
            "reinvestment_rate": null,
            "research_to_sale_ratio": null,
            "price_fair": 0,
            "eps_avg_yearly": 0,
            "eps_latest_yearly": 0,
            "eps_growth_yearly": 0
        },
        "20043": {
            "year_quarter": 20043,
            "year": 2004,
            "quarter": 3,
            "eps": null,
            "eps_growth_year": null,
            "eps_4q": null,
            "eps_4q_growth_year": null,
            "roe": null,
            "roe_4q": 0,
            "gross_profit": null,
            "gross_margin": null,
            "gross_margin_4q_avg": 0,
            "net_income": null,
            "revenue": null,
            "common_shares": null,
            "book_valuer_per_share": null,
            "book_valuer_per_share_4q_avg": 0,
            "equity": null,
            "current_ratio": null,
            "debt_ratio": null,
            "inventory_turnover_ratio": null,
            "account_receivable_turnover_ratio": null,
            "reinvestment_rate": null,
            "research_to_sale_ratio": null,
            "price_fair": 0,
            "eps_avg_yearly": 0,
            "eps_latest_yearly": 0,
            "eps_growth_yearly": 0
        },
        "20044": {
            "year_quarter": 20044,
            "year": 2004,
            "quarter": 4,
            "eps": null,
            "eps_growth_year": null,
            "eps_4q": null,
            "eps_4q_growth_year": null,
            "roe": null,
            "roe_4q": 0,
            "gross_profit": null,
            "gross_margin": null,
            "gross_margin_4q_avg": 0,
            "net_income": null,
            "revenue": null,
            "common_shares": null,
            "book_valuer_per_share": null,
            "book_valuer_per_share_4q_avg": 0,
            "equity": null,
            "current_ratio": null,
            "debt_ratio": null,
            "inventory_turnover_ratio": null,
            "account_receivable_turnover_ratio": null,
            "reinvestment_rate": null,
            "research_to_sale_ratio": null,
            "price_fair": 0,
            "eps_avg_yearly": 0,
            "eps_latest_yearly": 0,
            "eps_growth_yearly": 0
        },
        "20051": {
            "year_quarter": 20051,
            "year": 2005,
            "quarter": 1,
            "eps": null,
            "eps_growth_year": null,
            "eps_4q": null,
            "eps_4q_growth_year": null,
            "roe": null,
            "roe_4q": 0,
            "gross_profit": null,
            "gross_margin": null,
            "gross_margin_4q_avg": 0,
            "net_income": null,
            "revenue": null,
            "common_shares": null,
            "book_valuer_per_share": null,
            "book_valuer_per_share_4q_avg": 0,
            "equity": null,
            "current_ratio": null,
            "debt_ratio": null,
            "inventory_turnover_ratio": null,
            "account_receivable_turnover_ratio": null,
            "reinvestment_rate": null,
            "research_to_sale_ratio": null,
            "price_fair": 0,
            "eps_avg_yearly": 0,
            "eps_latest_yearly": 0,
            "eps_growth_yearly": 0
        },
        "20052": {
            "year_quarter": 20052,
            "year": 2005,
            "quarter": 2,
            "eps": null,
            "eps_growth_year": null,
            "eps_4q": null,
            "eps_4q_growth_year": null,
            "roe": null,
            "roe_4q": 0,
            "gross_profit": null,
            "gross_margin": null,
            "gross_margin_4q_avg": 0,
            "net_income": null,
            "revenue": null,
            "common_shares": null,
            "book_valuer_per_share": null,
            "book_valuer_per_share_4q_avg": 0,
            "equity": null,
            "current_ratio": null,
            "debt_ratio": null,
            "inventory_turnover_ratio": null,
            "account_receivable_turnover_ratio": null,
            "reinvestment_rate": null,
            "research_to_sale_ratio": null,
            "price_fair": 0,
            "eps_avg_yearly": 0,
            "eps_latest_yearly": 0,
            "eps_growth_yearly": 0
        },
        "20053": {
            "year_quarter": 20053,
            "year": 2005,
            "quarter": 3,
            "eps": null,
            "eps_growth_year": null,
            "eps_4q": null,
            "eps_4q_growth_year": null,
            "roe": null,
            "roe_4q": 0,
            "gross_profit": null,
            "gross_margin": null,
            "gross_margin_4q_avg": 0,
            "net_income": null,
            "revenue": null,
            "common_shares": null,
            "book_valuer_per_share": null,
            "book_valuer_per_share_4q_avg": 0,
            "equity": null,
            "current_ratio": null,
            "debt_ratio": null,
            "inventory_turnover_ratio": null,
            "account_receivable_turnover_ratio": null,
            "reinvestment_rate": null,
            "research_to_sale_ratio": null,
            "price_fair": 0,
            "eps_avg_yearly": 0,
            "eps_latest_yearly": 0,
            "eps_growth_yearly": 0
        },
        "20054": {
            "year_quarter": 20054,
            "year": 2005,
            "quarter": 4,
            "eps": null,
            "eps_growth_year": null,
            "eps_4q": null,
            "eps_4q_growth_year": null,
            "roe": null,
            "roe_4q": 0,
            "gross_profit": null,
            "gross_margin": null,
            "gross_margin_4q_avg": 0,
            "net_income": null,
            "revenue": null,
            "common_shares": null,
            "book_valuer_per_share": null,
            "book_valuer_per_share_4q_avg": 0,
            "equity": null,
            "current_ratio": null,
            "debt_ratio": null,
            "inventory_turnover_ratio": null,
            "account_receivable_turnover_ratio": null,
            "reinvestment_rate": null,
            "research_to_sale_ratio": null,
            "price_fair": 0,
            "eps_avg_yearly": 0,
            "eps_latest_yearly": 0,
            "eps_growth_yearly": 0
        },
        "20061": {
            "year_quarter": 20061,
            "year": 2006,
            "quarter": 1,
            "eps": null,
            "eps_growth_year": null,
            "eps_4q": null,
            "eps_4q_growth_year": null,
            "roe": null,
            "roe_4q": 0,
            "gross_profit": null,
            "gross_margin": null,
            "gross_margin_4q_avg": 0,
            "net_income": null,
            "revenue": null,
            "common_shares": null,
            "book_valuer_per_share": null,
            "book_valuer_per_share_4q_avg": 0,
            "equity": null,
            "current_ratio": null,
            "debt_ratio": null,
            "inventory_turnover_ratio": null,
            "account_receivable_turnover_ratio": null,
            "reinvestment_rate": null,
            "research_to_sale_ratio": null,
            "price_fair": 0,
            "eps_avg_yearly": 0,
            "eps_latest_yearly": 0,
            "eps_growth_yearly": 0
        },
        "20062": {
            "year_quarter": 20062,
            "year": 2006,
            "quarter": 2,
            "eps": null,
            "eps_growth_year": null,
            "eps_4q": null,
            "eps_4q_growth_year": null,
            "roe": null,
            "roe_4q": 0,
            "gross_profit": null,
            "gross_margin": null,
            "gross_margin_4q_avg": 0,
            "net_income": null,
            "revenue": null,
            "common_shares": null,
            "book_valuer_per_share": null,
            "book_valuer_per_share_4q_avg": 0,
            "equity": null,
            "current_ratio": null,
            "debt_ratio": null,
            "inventory_turnover_ratio": null,
            "account_receivable_turnover_ratio": null,
            "reinvestment_rate": null,
            "research_to_sale_ratio": null,
            "price_fair": 0,
            "eps_avg_yearly": 0,
            "eps_latest_yearly": 0,
            "eps_growth_yearly": 0
        },
        "20063": {
            "year_quarter": 20063,
            "year": 2006,
            "quarter": 3,
            "eps": null,
            "eps_growth_year": null,
            "eps_4q": null,
            "eps_4q_growth_year": null,
            "roe": null,
            "roe_4q": 0,
            "gross_profit": null,
            "gross_margin": null,
            "gross_margin_4q_avg": 0,
            "net_income": null,
            "revenue": null,
            "common_shares": null,
            "book_valuer_per_share": null,
            "book_valuer_per_share_4q_avg": 0,
            "equity": null,
            "current_ratio": null,
            "debt_ratio": null,
            "inventory_turnover_ratio": null,
            "account_receivable_turnover_ratio": null,
            "reinvestment_rate": null,
            "research_to_sale_ratio": null,
            "price_fair": 0,
            "eps_avg_yearly": 0,
            "eps_latest_yearly": 0,
            "eps_growth_yearly": 0
        },
        "20064": {
            "year_quarter": 20064,
            "year": 2006,
            "quarter": 4,
            "eps": null,
            "eps_growth_year": null,
            "eps_4q": null,
            "eps_4q_growth_year": null,
            "roe": null,
            "roe_4q": 0,
            "gross_profit": null,
            "gross_margin": null,
            "gross_margin_4q_avg": 0,
            "net_income": null,
            "revenue": null,
            "common_shares": null,
            "book_valuer_per_share": null,
            "book_valuer_per_share_4q_avg": 0,
            "equity": null,
            "current_ratio": null,
            "debt_ratio": null,
            "inventory_turnover_ratio": null,
            "account_receivable_turnover_ratio": null,
            "reinvestment_rate": null,
            "research_to_sale_ratio": null,
            "price_fair": 0,
            "eps_avg_yearly": 0,
            "eps_latest_yearly": 0,
            "eps_growth_yearly": 0
        },
        "20071": {
            "year_quarter": 20071,
            "year": 2007,
            "quarter": 1,
            "eps": null,
            "eps_growth_year": null,
            "eps_4q": null,
            "eps_4q_growth_year": null,
            "roe": null,
            "roe_4q": 0,
            "gross_profit": null,
            "gross_margin": null,
            "gross_margin_4q_avg": 0,
            "net_income": null,
            "revenue": null,
            "common_shares": null,
            "book_valuer_per_share": null,
            "book_valuer_per_share_4q_avg": 0,
            "equity": null,
            "current_ratio": null,
            "debt_ratio": null,
            "inventory_turnover_ratio": null,
            "account_receivable_turnover_ratio": null,
            "reinvestment_rate": null,
            "research_to_sale_ratio": null,
            "price_fair": 0,
            "eps_avg_yearly": 0,
            "eps_latest_yearly": 0,
            "eps_growth_yearly": 0
        },
        "20072": {
            "year_quarter": 20072,
            "year": 2007,
            "quarter": 2,
            "eps": null,
            "eps_growth_year": null,
            "eps_4q": null,
            "eps_4q_growth_year": null,
            "roe": null,
            "roe_4q": 0,
            "gross_profit": null,
            "gross_margin": null,
            "gross_margin_4q_avg": 0,
            "net_income": null,
            "revenue": null,
            "common_shares": null,
            "book_valuer_per_share": null,
            "book_valuer_per_share_4q_avg": 0,
            "equity": null,
            "current_ratio": null,
            "debt_ratio": null,
            "inventory_turnover_ratio": null,
            "account_receivable_turnover_ratio": null,
            "reinvestment_rate": null,
            "research_to_sale_ratio": null,
            "price_fair": 0,
            "eps_avg_yearly": 0,
            "eps_latest_yearly": 0,
            "eps_growth_yearly": 0
        },
        "20073": {
            "year_quarter": 20073,
            "year": 2007,
            "quarter": 3,
            "eps": null,
            "eps_growth_year": null,
            "eps_4q": null,
            "eps_4q_growth_year": null,
            "roe": null,
            "roe_4q": 0,
            "gross_profit": null,
            "gross_margin": null,
            "gross_margin_4q_avg": 0,
            "net_income": null,
            "revenue": null,
            "common_shares": null,
            "book_valuer_per_share": null,
            "book_valuer_per_share_4q_avg": 0,
            "equity": null,
            "current_ratio": null,
            "debt_ratio": null,
            "inventory_turnover_ratio": null,
            "account_receivable_turnover_ratio": null,
            "reinvestment_rate": null,
            "research_to_sale_ratio": null,
            "price_fair": 0,
            "eps_avg_yearly": 0,
            "eps_latest_yearly": 0,
            "eps_growth_yearly": 0
        },
        "20074": {
            "year_quarter": 20074,
            "year": 2007,
            "quarter": 4,
            "eps": null,
            "eps_growth_year": null,
            "eps_4q": null,
            "eps_4q_growth_year": null,
            "roe": null,
            "roe_4q": 0,
            "gross_profit": null,
            "gross_margin": null,
            "gross_margin_4q_avg": 0,
            "net_income": null,
            "revenue": null,
            "common_shares": 330744,
            "book_valuer_per_share": 13.3,
            "book_valuer_per_share_4q_avg": 3.33,
            "equity": 439987,
            "current_ratio": 111.42,
            "debt_ratio": 85.33,
            "inventory_turnover_ratio": null,
            "account_receivable_turnover_ratio": null,
            "reinvestment_rate": null,
            "research_to_sale_ratio": null,
            "price_fair": 0,
            "eps_avg_yearly": 0,
            "eps_latest_yearly": 0,
            "eps_growth_yearly": 0
        },
        "20081": {
            "year_quarter": 20081,
            "year": 2008,
            "quarter": 1,
            "eps": null,
            "eps_growth_year": null,
            "eps_4q": null,
            "eps_4q_growth_year": null,
            "roe": null,
            "roe_4q": 0,
            "gross_profit": null,
            "gross_margin": null,
            "gross_margin_4q_avg": 0,
            "net_income": null,
            "revenue": null,
            "common_shares": null,
            "book_valuer_per_share": null,
            "book_valuer_per_share_4q_avg": 3.33,
            "equity": null,
            "current_ratio": null,
            "debt_ratio": null,
            "inventory_turnover_ratio": null,
            "account_receivable_turnover_ratio": null,
            "reinvestment_rate": null,
            "research_to_sale_ratio": null,
            "price_fair": 0,
            "eps_avg_yearly": 0,
            "eps_latest_yearly": 0,
            "eps_growth_yearly": 0
        },
        "20082": {
            "year_quarter": 20082,
            "year": 2008,
            "quarter": 2,
            "eps": null,
            "eps_growth_year": null,
            "eps_4q": null,
            "eps_4q_growth_year": null,
            "roe": null,
            "roe_4q": 0,
            "gross_profit": null,
            "gross_margin": null,
            "gross_margin_4q_avg": 0,
            "net_income": null,
            "revenue": null,
            "common_shares": null,
            "book_valuer_per_share": null,
            "book_valuer_per_share_4q_avg": 3.33,
            "equity": null,
            "current_ratio": null,
            "debt_ratio": null,
            "inventory_turnover_ratio": null,
            "account_receivable_turnover_ratio": null,
            "reinvestment_rate": null,
            "research_to_sale_ratio": null,
            "price_fair": 0,
            "eps_avg_yearly": 0,
            "eps_latest_yearly": 0,
            "eps_growth_yearly": 0
        },
        "20083": {
            "year_quarter": 20083,
            "year": 2008,
            "quarter": 3,
            "eps": null,
            "eps_growth_year": null,
            "eps_4q": null,
            "eps_4q_growth_year": null,
            "roe": null,
            "roe_4q": 0,
            "gross_profit": null,
            "gross_margin": null,
            "gross_margin_4q_avg": 0,
            "net_income": null,
            "revenue": null,
            "common_shares": null,
            "book_valuer_per_share": null,
            "book_valuer_per_share_4q_avg": 3.33,
            "equity": null,
            "current_ratio": null,
            "debt_ratio": null,
            "inventory_turnover_ratio": null,
            "account_receivable_turnover_ratio": null,
            "reinvestment_rate": null,
            "research_to_sale_ratio": null,
            "price_fair": 0,
            "eps_avg_yearly": 0,
            "eps_latest_yearly": 0,
            "eps_growth_yearly": 0
        },
        "20084": {
            "year_quarter": 20084,
            "year": 2008,
            "quarter": 4,
            "eps": null,
            "eps_growth_year": null,
            "eps_4q": null,
            "eps_4q_growth_year": null,
            "roe": null,
            "roe_4q": 0,
            "gross_profit": null,
            "gross_margin": null,
            "gross_margin_4q_avg": 0,
            "net_income": null,
            "revenue": null,
            "common_shares": 330744,
            "book_valuer_per_share": 13.2,
            "book_valuer_per_share_4q_avg": 3.3,
            "equity": 436420,
            "current_ratio": 109.37,
            "debt_ratio": 88.46,
            "inventory_turnover_ratio": null,
            "account_receivable_turnover_ratio": null,
            "reinvestment_rate": null,
            "research_to_sale_ratio": null,
            "price_fair": 0,
            "eps_avg_yearly": 0,
            "eps_latest_yearly": 0,
            "eps_growth_yearly": 0
        },
        "20091": {
            "year_quarter": 20091,
            "year": 2009,
            "quarter": 1,
            "eps": null,
            "eps_growth_year": null,
            "eps_4q": null,
            "eps_4q_growth_year": null,
            "roe": null,
            "roe_4q": 0,
            "gross_profit": null,
            "gross_margin": null,
            "gross_margin_4q_avg": 0,
            "net_income": null,
            "revenue": null,
            "common_shares": null,
            "book_valuer_per_share": null,
            "book_valuer_per_share_4q_avg": 3.3,
            "equity": null,
            "current_ratio": null,
            "debt_ratio": null,
            "inventory_turnover_ratio": null,
            "account_receivable_turnover_ratio": null,
            "reinvestment_rate": null,
            "research_to_sale_ratio": null,
            "price_fair": 0,
            "eps_avg_yearly": 0,
            "eps_latest_yearly": 0,
            "eps_growth_yearly": 0
        },
        "20092": {
            "year_quarter": 20092,
            "year": 2009,
            "quarter": 2,
            "eps": null,
            "eps_growth_year": null,
            "eps_4q": null,
            "eps_4q_growth_year": null,
            "roe": null,
            "roe_4q": 0,
            "gross_profit": null,
            "gross_margin": null,
            "gross_margin_4q_avg": 0,
            "net_income": null,
            "revenue": null,
            "common_shares": null,
            "book_valuer_per_share": null,
            "book_valuer_per_share_4q_avg": 3.3,
            "equity": null,
            "current_ratio": null,
            "debt_ratio": null,
            "inventory_turnover_ratio": null,
            "account_receivable_turnover_ratio": null,
            "reinvestment_rate": null,
            "research_to_sale_ratio": null,
            "price_fair": 0,
            "eps_avg_yearly": 0,
            "eps_latest_yearly": 0,
            "eps_growth_yearly": 0
        },
        "20093": {
            "year_quarter": 20093,
            "year": 2009,
            "quarter": 3,
            "eps": null,
            "eps_growth_year": null,
            "eps_4q": null,
            "eps_4q_growth_year": null,
            "roe": null,
            "roe_4q": 0,
            "gross_profit": null,
            "gross_margin": null,
            "gross_margin_4q_avg": 0,
            "net_income": null,
            "revenue": null,
            "common_shares": null,
            "book_valuer_per_share": null,
            "book_valuer_per_share_4q_avg": 3.3,
            "equity": null,
            "current_ratio": null,
            "debt_ratio": null,
            "inventory_turnover_ratio": null,
            "account_receivable_turnover_ratio": null,
            "reinvestment_rate": null,
            "research_to_sale_ratio": null,
            "price_fair": 0,
            "eps_avg_yearly": 0,
            "eps_latest_yearly": 0,
            "eps_growth_yearly": 0
        },
        "20094": {
            "year_quarter": 20094,
            "year": 2009,
            "quarter": 4,
            "eps": null,
            "eps_growth_year": null,
            "eps_4q": null,
            "eps_4q_growth_year": null,
            "roe": null,
            "roe_4q": 0,
            "gross_profit": null,
            "gross_margin": null,
            "gross_margin_4q_avg": 0,
            "net_income": null,
            "revenue": null,
            "common_shares": 330744,
            "book_valuer_per_share": 13.62,
            "book_valuer_per_share_4q_avg": 3.41,
            "equity": 450626,
            "current_ratio": 111.33,
            "debt_ratio": 86.6,
            "inventory_turnover_ratio": null,
            "account_receivable_turnover_ratio": null,
            "reinvestment_rate": null,
            "research_to_sale_ratio": null,
            "price_fair": 0,
            "eps_avg_yearly": 0,
            "eps_latest_yearly": 0,
            "eps_growth_yearly": 0
        },
        "20101": {
            "year_quarter": 20101,
            "year": 2010,
            "quarter": 1,
            "eps": null,
            "eps_growth_year": null,
            "eps_4q": null,
            "eps_4q_growth_year": null,
            "roe": null,
            "roe_4q": 0,
            "gross_profit": null,
            "gross_margin": null,
            "gross_margin_4q_avg": 0,
            "net_income": null,
            "revenue": null,
            "common_shares": null,
            "book_valuer_per_share": null,
            "book_valuer_per_share_4q_avg": 3.41,
            "equity": null,
            "current_ratio": null,
            "debt_ratio": null,
            "inventory_turnover_ratio": null,
            "account_receivable_turnover_ratio": null,
            "reinvestment_rate": null,
            "research_to_sale_ratio": null,
            "price_fair": 0,
            "eps_avg_yearly": 0,
            "eps_latest_yearly": 0,
            "eps_growth_yearly": 0
        },
        "20102": {
            "year_quarter": 20102,
            "year": 2010,
            "quarter": 2,
            "eps": null,
            "eps_growth_year": null,
            "eps_4q": null,
            "eps_4q_growth_year": null,
            "roe": null,
            "roe_4q": 0,
            "gross_profit": null,
            "gross_margin": null,
            "gross_margin_4q_avg": 0,
            "net_income": null,
            "revenue": null,
            "common_shares": null,
            "book_valuer_per_share": null,
            "book_valuer_per_share_4q_avg": 3.41,
            "equity": null,
            "current_ratio": null,
            "debt_ratio": null,
            "inventory_turnover_ratio": null,
            "account_receivable_turnover_ratio": null,
            "reinvestment_rate": null,
            "research_to_sale_ratio": null,
            "price_fair": 0,
            "eps_avg_yearly": 0,
            "eps_latest_yearly": 0,
            "eps_growth_yearly": 0
        },
        "20103": {
            "year_quarter": 20103,
            "year": 2010,
            "quarter": 3,
            "eps": null,
            "eps_growth_year": null,
            "eps_4q": null,
            "eps_4q_growth_year": null,
            "roe": null,
            "roe_4q": 0,
            "gross_profit": null,
            "gross_margin": null,
            "gross_margin_4q_avg": 0,
            "net_income": null,
            "revenue": null,
            "common_shares": null,
            "book_valuer_per_share": null,
            "book_valuer_per_share_4q_avg": 3.41,
            "equity": null,
            "current_ratio": null,
            "debt_ratio": null,
            "inventory_turnover_ratio": null,
            "account_receivable_turnover_ratio": null,
            "reinvestment_rate": null,
            "research_to_sale_ratio": null,
            "price_fair": 0,
            "eps_avg_yearly": 0,
            "eps_latest_yearly": 0,
            "eps_growth_yearly": 0
        },
        "20104": {
            "year_quarter": 20104,
            "year": 2010,
            "quarter": 4,
            "eps": null,
            "eps_growth_year": null,
            "eps_4q": null,
            "eps_4q_growth_year": null,
            "roe": null,
            "roe_4q": 0,
            "gross_profit": null,
            "gross_margin": null,
            "gross_margin_4q_avg": 0,
            "net_income": null,
            "revenue": null,
            "common_shares": 330744,
            "book_valuer_per_share": 14.12,
            "book_valuer_per_share_4q_avg": 3.53,
            "equity": 466970,
            "current_ratio": 109.91,
            "debt_ratio": 87.96,
            "inventory_turnover_ratio": null,
            "account_receivable_turnover_ratio": null,
            "reinvestment_rate": null,
            "research_to_sale_ratio": null,
            "price_fair": 0,
            "eps_avg_yearly": 0,
            "eps_latest_yearly": 0,
            "eps_growth_yearly": 0
        },
        "20111": {
            "year_quarter": 20111,
            "year": 2011,
            "quarter": 1,
            "eps": null,
            "eps_growth_year": null,
            "eps_4q": null,
            "eps_4q_growth_year": null,
            "roe": null,
            "roe_4q": 0,
            "gross_profit": null,
            "gross_margin": null,
            "gross_margin_4q_avg": 0,
            "net_income": null,
            "revenue": null,
            "common_shares": null,
            "book_valuer_per_share": null,
            "book_valuer_per_share_4q_avg": 3.53,
            "equity": null,
            "current_ratio": null,
            "debt_ratio": null,
            "inventory_turnover_ratio": null,
            "account_receivable_turnover_ratio": null,
            "reinvestment_rate": null,
            "research_to_sale_ratio": null,
            "price_fair": 0,
            "eps_avg_yearly": 0,
            "eps_latest_yearly": 0,
            "eps_growth_yearly": 0
        },
        "20112": {
            "year_quarter": 20112,
            "year": 2011,
            "quarter": 2,
            "eps": null,
            "eps_growth_year": null,
            "eps_4q": null,
            "eps_4q_growth_year": null,
            "roe": null,
            "roe_4q": 0,
            "gross_profit": null,
            "gross_margin": null,
            "gross_margin_4q_avg": 0,
            "net_income": null,
            "revenue": null,
            "common_shares": 330744,
            "book_valuer_per_share": null,
            "book_valuer_per_share_4q_avg": 3.53,
            "equity": 456644,
            "current_ratio": null,
            "debt_ratio": null,
            "inventory_turnover_ratio": null,
            "account_receivable_turnover_ratio": null,
            "reinvestment_rate": null,
            "research_to_sale_ratio": null,
            "price_fair": 0,
            "eps_avg_yearly": 0,
            "eps_latest_yearly": 0,
            "eps_growth_yearly": 0
        },
        "20113": {
            "year_quarter": 20113,
            "year": 2011,
            "quarter": 3,
            "eps": null,
            "eps_growth_year": null,
            "eps_4q": null,
            "eps_4q_growth_year": null,
            "roe": null,
            "roe_4q": 0,
            "gross_profit": null,
            "gross_margin": null,
            "gross_margin_4q_avg": 0,
            "net_income": null,
            "revenue": null,
            "common_shares": null,
            "book_valuer_per_share": null,
            "book_valuer_per_share_4q_avg": 3.53,
            "equity": null,
            "current_ratio": null,
            "debt_ratio": null,
            "inventory_turnover_ratio": null,
            "account_receivable_turnover_ratio": null,
            "reinvestment_rate": null,
            "research_to_sale_ratio": null,
            "price_fair": 0,
            "eps_avg_yearly": 0,
            "eps_latest_yearly": 0,
            "eps_growth_yearly": 0
        },
        "20114": {
            "year_quarter": 20114,
            "year": 2011,
            "quarter": 4,
            "eps": null,
            "eps_growth_year": null,
            "eps_4q": null,
            "eps_4q_growth_year": null,
            "roe": null,
            "roe_4q": 0,
            "gross_profit": null,
            "gross_margin": null,
            "gross_margin_4q_avg": 0,
            "net_income": null,
            "revenue": null,
            "common_shares": 330744,
            "book_valuer_per_share": 14.26,
            "book_valuer_per_share_4q_avg": 3.57,
            "equity": 471771,
            "current_ratio": 107.07,
            "debt_ratio": 89.91,
            "inventory_turnover_ratio": null,
            "account_receivable_turnover_ratio": null,
            "reinvestment_rate": null,
            "research_to_sale_ratio": null,
            "price_fair": 0,
            "eps_avg_yearly": 0,
            "eps_latest_yearly": 0,
            "eps_growth_yearly": 0
        },
        "20121": {
            "year_quarter": 20121,
            "year": 2012,
            "quarter": 1,
            "eps": null,
            "eps_growth_year": null,
            "eps_4q": null,
            "eps_4q_growth_year": null,
            "roe": null,
            "roe_4q": 0,
            "gross_profit": 67172,
            "gross_margin": null,
            "gross_margin_4q_avg": 0,
            "net_income": 9421,
            "revenue": 381876,
            "common_shares": 330744,
            "book_valuer_per_share": null,
            "book_valuer_per_share_4q_avg": 3.57,
            "equity": 460541,
            "current_ratio": null,
            "debt_ratio": null,
            "inventory_turnover_ratio": null,
            "account_receivable_turnover_ratio": null,
            "reinvestment_rate": null,
            "research_to_sale_ratio": null,
            "price_fair": 0,
            "eps_avg_yearly": 0,
            "eps_latest_yearly": 0,
            "eps_growth_yearly": 0
        },
        "20122": {
            "year_quarter": 20122,
            "year": 2012,
            "quarter": 2,
            "eps": null,
            "eps_growth_year": null,
            "eps_4q": null,
            "eps_4q_growth_year": null,
            "roe": null,
            "roe_4q": 0,
            "gross_profit": 76237,
            "gross_margin": null,
            "gross_margin_4q_avg": 0,
            "net_income": 13304,
            "revenue": 403351,
            "common_shares": 330744,
            "book_valuer_per_share": 0,
            "book_valuer_per_share_4q_avg": 3.57,
            "equity": 461824,
            "current_ratio": 106.81,
            "debt_ratio": 91.13,
            "inventory_turnover_ratio": null,
            "account_receivable_turnover_ratio": null,
            "reinvestment_rate": null,
            "research_to_sale_ratio": null,
            "price_fair": 0,
            "eps_avg_yearly": 0,
            "eps_latest_yearly": 0,
            "eps_growth_yearly": 0
        },
        "20123": {
            "year_quarter": 20123,
            "year": 2012,
            "quarter": 3,
            "eps": null,
            "eps_growth_year": null,
            "eps_4q": null,
            "eps_4q_growth_year": null,
            "roe": null,
            "roe_4q": 0,
            "gross_profit": 67276,
            "gross_margin": null,
            "gross_margin_4q_avg": 0,
            "net_income": 12784,
            "revenue": 369945,
            "common_shares": 330744,
            "book_valuer_per_share": null,
            "book_valuer_per_share_4q_avg": 3.57,
            "equity": 453555,
            "current_ratio": null,
            "debt_ratio": null,
            "inventory_turnover_ratio": null,
            "account_receivable_turnover_ratio": null,
            "reinvestment_rate": null,
            "research_to_sale_ratio": null,
            "price_fair": 0,
            "eps_avg_yearly": 0,
            "eps_latest_yearly": 0,
            "eps_growth_yearly": 0
        },
        "20124": {
            "year_quarter": 20124,
            "year": 2012,
            "quarter": 4,
            "eps": null,
            "eps_growth_year": null,
            "eps_4q": null,
            "eps_4q_growth_year": null,
            "roe": null,
            "roe_4q": 0,
            "gross_profit": 64680,
            "gross_margin": null,
            "gross_margin_4q_avg": 0,
            "net_income": 14596,
            "revenue": 367253,
            "common_shares": 330744,
            "book_valuer_per_share": 14.78,
            "book_valuer_per_share_4q_avg": 3.7,
            "equity": 488802,
            "current_ratio": 107.2,
            "debt_ratio": 90.49,
            "inventory_turnover_ratio": null,
            "account_receivable_turnover_ratio": null,
            "reinvestment_rate": null,
            "research_to_sale_ratio": null,
            "price_fair": 0,
            "eps_avg_yearly": 0,
            "eps_latest_yearly": 0,
            "eps_growth_yearly": 0
        },
        "20131": {
            "year_quarter": 20131,
            "year": 2013,
            "quarter": 1,
            "eps": 0.34,
            "eps_growth_year": null,
            "eps_4q": 0.34,
            "eps_4q_growth_year": null,
            "roe": 2.3,
            "roe_4q": 2.3,
            "gross_profit": 61375,
            "gross_margin": 17.89,
            "gross_margin_4q_avg": 4.47,
            "net_income": 11138,
            "revenue": 343121,
            "common_shares": 330744,
            "book_valuer_per_share": 14.48,
            "book_valuer_per_share_4q_avg": 7.32,
            "equity": 478987,
            "current_ratio": 106.25,
            "debt_ratio": 90.98,
            "inventory_turnover_ratio": 1.28,
            "account_receivable_turnover_ratio": 0.34,
            "reinvestment_rate": null,
            "research_to_sale_ratio": null,
            "price_fair": 0,
            "eps_avg_yearly": 0,
            "eps_latest_yearly": 0,
            "eps_growth_yearly": 0
        },
        "20132": {
            "year_quarter": 20132,
            "year": 2013,
            "quarter": 2,
            "eps": 0.45,
            "eps_growth_year": null,
            "eps_4q": 0.78,
            "eps_4q_growth_year": null,
            "roe": 3.2,
            "roe_4q": 5.5,
            "gross_profit": 64773,
            "gross_margin": 17.93,
            "gross_margin_4q_avg": 8.96,
            "net_income": 14789,
            "revenue": 361353,
            "common_shares": 330744,
            "book_valuer_per_share": 13.43,
            "book_valuer_per_share_4q_avg": 10.67,
            "equity": 444164,
            "current_ratio": 105.21,
            "debt_ratio": 91.9,
            "inventory_turnover_ratio": 1.33,
            "account_receivable_turnover_ratio": 0.36,
            "reinvestment_rate": null,
            "research_to_sale_ratio": null,
            "price_fair": 63,
            "eps_avg_yearly": 1.8,
            "eps_latest_yearly": 1.8,
            "eps_growth_yearly": 129.41
        },
        "20133": {
            "year_quarter": 20133,
            "year": 2013,
            "quarter": 3,
            "eps": 0.41,
            "eps_growth_year": null,
            "eps_4q": 1.19,
            "eps_4q_growth_year": null,
            "roe": 3,
            "roe_4q": 8.5,
            "gross_profit": 55572,
            "gross_margin": 15.37,
            "gross_margin_4q_avg": 12.8,
            "net_income": 13525,
            "revenue": 361643,
            "common_shares": 330744,
            "book_valuer_per_share": 13.84,
            "book_valuer_per_share_4q_avg": 14.13,
            "equity": 457689,
            "current_ratio": 105.72,
            "debt_ratio": 91.47,
            "inventory_turnover_ratio": 1.24,
            "account_receivable_turnover_ratio": 0.37,
            "reinvestment_rate": null,
            "research_to_sale_ratio": null,
            "price_fair": 60.2,
            "eps_avg_yearly": 1.72,
            "eps_latest_yearly": 1.64,
            "eps_growth_yearly": 46.93
        },
        "20134": {
            "year_quarter": 20134,
            "year": 2013,
            "quarter": 4,
            "eps": 0.39,
            "eps_growth_year": null,
            "eps_4q": 1.28,
            "eps_4q_growth_year": null,
            "roe": 2.27,
            "roe_4q": 10.77,
            "gross_profit": 70688,
            "gross_margin": 18.61,
            "gross_margin_4q_avg": 17.45,
            "net_income": 17555,
            "revenue": 379750,
            "common_shares": 445744,
            "book_valuer_per_share": 24.51,
            "book_valuer_per_share_4q_avg": 16.57,
            "equity": 1092362,
            "current_ratio": 117.6,
            "debt_ratio": 81.33,
            "inventory_turnover_ratio": 1.26,
            "account_receivable_turnover_ratio": 0.41,
            "reinvestment_rate": null,
            "research_to_sale_ratio": null,
            "price_fair": 57.97,
            "eps_avg_yearly": 1.67,
            "eps_latest_yearly": 1.56,
            "eps_growth_yearly": 24.78
        },
        "20141": {
            "year_quarter": 20141,
            "year": 2014,
            "quarter": 1,
            "eps": 0.18,
            "eps_growth_year": -47.06,
            "eps_4q": 1.21,
            "eps_4q_growth_year": 258.23,
            "roe": 0.72,
            "roe_4q": 9.190000000000001,
            "gross_profit": 54069,
            "gross_margin": 16.89,
            "gross_margin_4q_avg": 17.2,
            "net_income": 7904,
            "revenue": 320210,
            "common_shares": 445744,
            "book_valuer_per_share": 24.68,
            "book_valuer_per_share_4q_avg": 19.12,
            "equity": 1100266,
            "current_ratio": 120.85,
            "debt_ratio": 80.17,
            "inventory_turnover_ratio": 1.2,
            "account_receivable_turnover_ratio": 0.34,
            "reinvestment_rate": null,
            "research_to_sale_ratio": null,
            "price_fair": 4.29,
            "eps_avg_yearly": 1.43,
            "eps_latest_yearly": 0.72,
            "eps_growth_yearly": -35.26
        },
        "20142": {
            "year_quarter": 20142,
            "year": 2014,
            "quarter": 2,
            "eps": 0.25,
            "eps_growth_year": -44.44,
            "eps_4q": 1.12,
            "eps_4q_growth_year": 43.3,
            "roe": 1.03,
            "roe_4q": 7.02,
            "gross_profit": 60731,
            "gross_margin": 16.99,
            "gross_margin_4q_avg": 16.97,
            "net_income": 11088,
            "revenue": 357367,
            "common_shares": 445744,
            "book_valuer_per_share": 23.78,
            "book_valuer_per_share_4q_avg": 21.7,
            "equity": 1059780,
            "current_ratio": 118.49,
            "debt_ratio": 81.9,
            "inventory_turnover_ratio": 1.53,
            "account_receivable_turnover_ratio": 0.37,
            "reinvestment_rate": null,
            "research_to_sale_ratio": null,
            "price_fair": 17.34,
            "eps_avg_yearly": 1.34,
            "eps_latest_yearly": 1,
            "eps_growth_yearly": 2.9
        },
        "20143": {
            "year_quarter": 20143,
            "year": 2014,
            "quarter": 3,
            "eps": 0.23,
            "eps_growth_year": -43.9,
            "eps_4q": 1.05,
            "eps_4q_growth_year": -11.75,
            "roe": 0.97,
            "roe_4q": 4.99,
            "gross_profit": 55159,
            "gross_margin": 16.53,
            "gross_margin_4q_avg": 17.26,
            "net_income": 10375,
            "revenue": 333693,
            "common_shares": 445744,
            "book_valuer_per_share": 24.01,
            "book_valuer_per_share_4q_avg": 24.25,
            "equity": 1070155,
            "current_ratio": 119.93,
            "debt_ratio": 80.67,
            "inventory_turnover_ratio": 1.47,
            "account_receivable_turnover_ratio": 0.36,
            "reinvestment_rate": null,
            "research_to_sale_ratio": null,
            "price_fair": 3.82,
            "eps_avg_yearly": 1.27,
            "eps_latest_yearly": 0.92,
            "eps_growth_yearly": -2.91
        },
        "20144": {
            "year_quarter": 20144,
            "year": 2014,
            "quarter": 4,
            "eps": 0.13,
            "eps_growth_year": -67.63,
            "eps_4q": 0.79,
            "eps_4q_growth_year": -38.52,
            "roe": 0.53,
            "roe_4q": 3.25,
            "gross_profit": 52619,
            "gross_margin": 15.11,
            "gross_margin_4q_avg": 16.38,
            "net_income": 5683,
            "revenue": 348280,
            "common_shares": 445744,
            "book_valuer_per_share": 24.24,
            "book_valuer_per_share_4q_avg": 24.18,
            "equity": 1080529,
            "current_ratio": 117.97,
            "debt_ratio": 82.1,
            "inventory_turnover_ratio": 1.58,
            "account_receivable_turnover_ratio": 0.4,
            "reinvestment_rate": null,
            "research_to_sale_ratio": null,
            "price_fair": 3.5,
            "eps_avg_yearly": 1.17,
            "eps_latest_yearly": 0.52,
            "eps_growth_yearly": -27.34
        },
        "20151": {
            "year_quarter": 20151,
            "year": 2015,
            "quarter": 1,
            "eps": 0.11,
            "eps_growth_year": -38.89,
            "eps_4q": 0.72,
            "eps_4q_growth_year": -40.2,
            "roe": 0.46,
            "roe_4q": 2.99,
            "gross_profit": 55031,
            "gross_margin": 16.66,
            "gross_margin_4q_avg": 16.32,
            "net_income": 5009,
            "revenue": 330252,
            "common_shares": 445744,
            "book_valuer_per_share": 24.35,
            "book_valuer_per_share_4q_avg": 24.1,
            "equity": 1085538,
            "current_ratio": 119.83,
            "debt_ratio": 80.46,
            "inventory_turnover_ratio": 1.67,
            "account_receivable_turnover_ratio": 0.39,
            "reinvestment_rate": null,
            "research_to_sale_ratio": null,
            "price_fair": 3.23,
            "eps_avg_yearly": 1.08,
            "eps_latest_yearly": 0.44,
            "eps_growth_yearly": -31.62
        },
        "20152": {
            "year_quarter": 20152,
            "year": 2015,
            "quarter": 2,
            "eps": 0.23,
            "eps_growth_year": -8,
            "eps_4q": 0.7,
            "eps_4q_growth_year": -37.53,
            "roe": 0.95,
            "roe_4q": 2.91,
            "gross_profit": 55162,
            "gross_margin": 15.95,
            "gross_margin_4q_avg": 16.06,
            "net_income": 10212,
            "revenue": 345807,
            "common_shares": 445744,
            "book_valuer_per_share": 23.77,
            "book_valuer_per_share_4q_avg": 24.09,
            "equity": 1059514,
            "current_ratio": 116.66,
            "debt_ratio": 82.97,
            "inventory_turnover_ratio": 1.89,
            "account_receivable_turnover_ratio": 0.41,
            "reinvestment_rate": null,
            "research_to_sale_ratio": null,
            "price_fair": 32.14,
            "eps_avg_yearly": 1.06,
            "eps_latest_yearly": 0.92,
            "eps_growth_yearly": 20.38
        },
        "20153": {
            "year_quarter": 20153,
            "year": 2015,
            "quarter": 3,
            "eps": 0.07,
            "eps_growth_year": -69.57,
            "eps_4q": 0.54,
            "eps_4q_growth_year": -48.68,
            "roe": 0.3,
            "roe_4q": 2.24,
            "gross_profit": 51281,
            "gross_margin": 16.01,
            "gross_margin_4q_avg": 15.93,
            "net_income": 3177,
            "revenue": 320256,
            "common_shares": 445744,
            "book_valuer_per_share": 23.84,
            "book_valuer_per_share_4q_avg": 24.05,
            "equity": 1062691,
            "current_ratio": 116.82,
            "debt_ratio": 82.6,
            "inventory_turnover_ratio": 1.54,
            "account_receivable_turnover_ratio": 0.37,
            "reinvestment_rate": null,
            "research_to_sale_ratio": null,
            "price_fair": 2.94,
            "eps_avg_yearly": 0.98,
            "eps_latest_yearly": 0.28,
            "eps_growth_yearly": -9.48
        },
        "20154": {
            "year_quarter": 20154,
            "year": 2015,
            "quarter": 4,
            "eps": 0.15,
            "eps_growth_year": 16.89,
            "eps_4q": 0.56,
            "eps_4q_growth_year": -28.56,
            "roe": 0.63,
            "roe_4q": 2.34,
            "gross_profit": 56936,
            "gross_margin": 16.53,
            "gross_margin_4q_avg": 16.29,
            "net_income": 6643,
            "revenue": 344467,
            "common_shares": 445744,
            "book_valuer_per_share": 23.78,
            "book_valuer_per_share_4q_avg": 23.94,
            "equity": 1059969,
            "current_ratio": 116.96,
            "debt_ratio": 82.39,
            "inventory_turnover_ratio": 1.67,
            "account_receivable_turnover_ratio": 0.4,
            "reinvestment_rate": -9.26,
            "research_to_sale_ratio": null,
            "price_fair": 33.09,
            "eps_avg_yearly": 0.95,
            "eps_latest_yearly": 0.6,
            "eps_growth_yearly": 32.94
        },
        "20161": {
            "year_quarter": 20161,
            "year": 2016,
            "quarter": 1,
            "eps": 0.12,
            "eps_growth_year": 9.09,
            "eps_4q": 0.57,
            "eps_4q_growth_year": -21.6,
            "roe": 0.49,
            "roe_4q": 2.37,
            "gross_profit": 51382,
            "gross_margin": 16.44,
            "gross_margin_4q_avg": 16.23,
            "net_income": 5178,
            "revenue": 312611,
            "common_shares": 445744,
            "book_valuer_per_share": 23.87,
            "book_valuer_per_share_4q_avg": 23.82,
            "equity": 1063854,
            "current_ratio": 115.66,
            "debt_ratio": 83.3,
            "inventory_turnover_ratio": 1.7,
            "account_receivable_turnover_ratio": 0.39,
            "reinvestment_rate": 30.32,
            "research_to_sale_ratio": null,
            "price_fair": 30.4,
            "eps_avg_yearly": 0.91,
            "eps_latest_yearly": 0.48,
            "eps_growth_yearly": 23.53
        },
        "20162": {
            "year_quarter": 20162,
            "year": 2016,
            "quarter": 2,
            "eps": 0.23,
            "eps_growth_year": 0,
            "eps_4q": 0.57,
            "eps_4q_growth_year": -18.58,
            "roe": 0.99,
            "roe_4q": 2.4099999999999997,
            "gross_profit": 56034,
            "gross_margin": 17.13,
            "gross_margin_4q_avg": 16.53,
            "net_income": 10468,
            "revenue": 327111,
            "common_shares": 445744,
            "book_valuer_per_share": 23.81,
            "book_valuer_per_share_4q_avg": 23.83,
            "equity": 1061150,
            "current_ratio": 115.53,
            "debt_ratio": 83.43,
            "inventory_turnover_ratio": 1.72,
            "account_receivable_turnover_ratio": 0.4,
            "reinvestment_rate": -10.86,
            "research_to_sale_ratio": null,
            "price_fair": 31.77,
            "eps_avg_yearly": 0.91,
            "eps_latest_yearly": 0.92,
            "eps_growth_yearly": 49.92
        },
        "20163": {
            "year_quarter": 20163,
            "year": 2016,
            "quarter": 3,
            "eps": 0.07,
            "eps_growth_year": 0,
            "eps_4q": 0.57,
            "eps_4q_growth_year": 5.03,
            "roe": 0.28,
            "roe_4q": 2.39,
            "gross_profit": 50051,
            "gross_margin": 15.21,
            "gross_margin_4q_avg": 16.33,
            "net_income": 3003,
            "revenue": 329118,
            "common_shares": 445744,
            "book_valuer_per_share": 23.87,
            "book_valuer_per_share_4q_avg": 23.83,
            "equity": 1064153,
            "current_ratio": 114.74,
            "debt_ratio": 83.95,
            "inventory_turnover_ratio": 1.86,
            "account_receivable_turnover_ratio": 0.38,
            "reinvestment_rate": 32.28,
            "research_to_sale_ratio": null,
            "price_fair": 30.2,
            "eps_avg_yearly": 0.86,
            "eps_latest_yearly": 0.28,
            "eps_growth_yearly": 26.48
        },
        "20164": {
            "year_quarter": 20164,
            "year": 2016,
            "quarter": 4,
            "eps": 0.19,
            "eps_growth_year": 24.54,
            "eps_4q": 0.6,
            "eps_4q_growth_year": 7.51,
            "roe": 0.77,
            "roe_4q": 2.5300000000000002,
            "gross_profit": 52707,
            "gross_margin": 15.69,
            "gross_margin_4q_avg": 16.12,
            "net_income": 8273,
            "revenue": 335867,
            "common_shares": 445744,
            "book_valuer_per_share": 24.08,
            "book_valuer_per_share_4q_avg": 23.91,
            "equity": 1073365,
            "current_ratio": 114.24,
            "debt_ratio": 84.2,
            "inventory_turnover_ratio": 1.91,
            "account_receivable_turnover_ratio": 0.38,
            "reinvestment_rate": -25.5,
            "research_to_sale_ratio": null,
            "price_fair": 29.96,
            "eps_avg_yearly": 0.86,
            "eps_latest_yearly": 0.76,
            "eps_growth_yearly": 70.43
        },
        "20171": {
            "year_quarter": 20171,
            "year": 2017,
            "quarter": 1,
            "eps": 0.01,
            "eps_growth_year": -91.67,
            "eps_4q": 0.5,
            "eps_4q_growth_year": -11.98,
            "roe": 0.04,
            "roe_4q": 2.08,
            "gross_profit": 44831,
            "gross_margin": 14.63,
            "gross_margin_4q_avg": 15.67,
            "net_income": 445,
            "revenue": 306457,
            "common_shares": 445744,
            "book_valuer_per_share": 24.09,
            "book_valuer_per_share_4q_avg": 23.96,
            "equity": 1073800,
            "current_ratio": 116.8,
            "debt_ratio": 81.19,
            "inventory_turnover_ratio": 1.88,
            "account_receivable_turnover_ratio": 0.38,
            "reinvestment_rate": -17.39,
            "research_to_sale_ratio": null,
            "price_fair": 28.18,
            "eps_avg_yearly": 0.81,
            "eps_latest_yearly": 0.04,
            "eps_growth_yearly": 42.34
        },
        "20172": {
            "year_quarter": 20172,
            "year": 2017,
            "quarter": 2,
            "eps": 0.04,
            "eps_growth_year": -82.61,
            "eps_4q": 0.3,
            "eps_4q_growth_year": -47.51,
            "roe": 0.15,
            "roe_4q": 1.24,
            "gross_profit": 36070,
            "gross_margin": 11.65,
            "gross_margin_4q_avg": 14.3,
            "net_income": 1645,
            "revenue": 309490,
            "common_shares": 445744,
            "book_valuer_per_share": 23.59,
            "book_valuer_per_share_4q_avg": 23.91,
            "equity": 1051579,
            "current_ratio": 118.28,
            "debt_ratio": 81.05,
            "inventory_turnover_ratio": 2.14,
            "account_receivable_turnover_ratio": 0.45,
            "reinvestment_rate": -24.51,
            "research_to_sale_ratio": null,
            "price_fair": 24.59,
            "eps_avg_yearly": 0.7,
            "eps_latest_yearly": 0.16,
            "eps_growth_yearly": 109.25
        },
        "20173": {
            "year_quarter": 20173,
            "year": 2017,
            "quarter": 3,
            "eps": -0.06,
            "eps_growth_year": -185.71,
            "eps_4q": 0.17,
            "eps_4q_growth_year": -70.39,
            "roe": -0.27,
            "roe_4q": 0.69,
            "gross_profit": 34770,
            "gross_margin": 12.14,
            "gross_margin_4q_avg": 13.53,
            "net_income": -2875,
            "revenue": 286375,
            "common_shares": 445744,
            "book_valuer_per_share": 23.53,
            "book_valuer_per_share_4q_avg": 23.82,
            "equity": 1048704,
            "current_ratio": 119.08,
            "debt_ratio": 80.32,
            "inventory_turnover_ratio": 1.92,
            "account_receivable_turnover_ratio": 0.44,
            "reinvestment_rate": -25.85,
            "research_to_sale_ratio": null,
            "price_fair": 22.4,
            "eps_avg_yearly": 0.64,
            "eps_latest_yearly": 0.16,
            "eps_growth_yearly": 118.91
        },
        "20174": {
            "year_quarter": 20174,
            "year": 2017,
            "quarter": 4,
            "eps": 0.13,
            "eps_growth_year": -27.81,
            "eps_4q": 0.12,
            "eps_4q_growth_year": -80.73,
            "roe": 0.57,
            "roe_4q": 0.48999999999999994,
            "gross_profit": 45727,
            "gross_margin": 15.13,
            "gross_margin_4q_avg": 13.39,
            "net_income": 5972,
            "revenue": 302155,
            "common_shares": 445744,
            "book_valuer_per_share": 23.66,
            "book_valuer_per_share_4q_avg": 23.72,
            "equity": 1054592,
            "current_ratio": 118.51,
            "debt_ratio": 80.22,
            "inventory_turnover_ratio": 2.24,
            "account_receivable_turnover_ratio": 0.38,
            "reinvestment_rate": -39.07,
            "research_to_sale_ratio": null,
            "price_fair": 20.1,
            "eps_avg_yearly": 0.57,
            "eps_latest_yearly": 0.16,
            "eps_growth_yearly": 128.8
        },
        "20181": {
            "year_quarter": 20181,
            "year": 2018,
            "quarter": 1,
            "eps": 0.34,
            "eps_growth_year": 3300,
            "eps_4q": 0.45,
            "eps_4q_growth_year": -9.69,
            "roe": 1.35,
            "roe_4q": 1.7999999999999998,
            "gross_profit": 54181,
            "gross_margin": 17.15,
            "gross_margin_4q_avg": 14.02,
            "net_income": 15297,
            "revenue": 315935,
            "common_shares": 445744,
            "book_valuer_per_share": 27.3,
            "book_valuer_per_share_4q_avg": 24.52,
            "equity": 1216710,
            "current_ratio": 120.27,
            "debt_ratio": 77.77,
            "inventory_turnover_ratio": 2.39,
            "account_receivable_turnover_ratio": 0.4,
            "reinvestment_rate": -100.84,
            "research_to_sale_ratio": null,
            "price_fair": 21.7,
            "eps_avg_yearly": 0.62,
            "eps_latest_yearly": 1.36,
            "eps_growth_yearly": 190.33
        },
        "20182": {
            "year_quarter": 20182,
            "year": 2018,
            "quarter": 2,
            "eps": 0.27,
            "eps_growth_year": 575,
            "eps_4q": 0.68,
            "eps_4q_growth_year": 127.24,
            "roe": 1,
            "roe_4q": 2.65,
            "gross_profit": 51299,
            "gross_margin": 16.18,
            "gross_margin_4q_avg": 15.15,
            "net_income": 11979,
            "revenue": 316987,
            "common_shares": 445744,
            "book_valuer_per_share": 26.39,
            "book_valuer_per_share_4q_avg": 25.22,
            "equity": 1176107,
            "current_ratio": 120.64,
            "debt_ratio": 77.85,
            "inventory_turnover_ratio": 2.15,
            "account_receivable_turnover_ratio": 0.48,
            "reinvestment_rate": -108.32,
            "research_to_sale_ratio": null,
            "price_fair": 21.9,
            "eps_avg_yearly": 0.63,
            "eps_latest_yearly": 1.08,
            "eps_growth_yearly": 173.34
        },
        "20183": {
            "year_quarter": 20183,
            "year": 2018,
            "quarter": 3,
            "eps": 0.34,
            "eps_growth_year": null,
            "eps_4q": 1.09,
            "eps_4q_growth_year": 547.18,
            "roe": 1.29,
            "roe_4q": 4.21,
            "gross_profit": 51616,
            "gross_margin": 15.88,
            "gross_margin_4q_avg": 16.09,
            "net_income": 15213,
            "revenue": 325006,
            "common_shares": 445744,
            "book_valuer_per_share": 26.43,
            "book_valuer_per_share_4q_avg": 25.95,
            "equity": 1178274,
            "current_ratio": 124.52,
            "debt_ratio": 75.74,
            "inventory_turnover_ratio": 2.34,
            "account_receivable_turnover_ratio": 0.46,
            "reinvestment_rate": -100.58,
            "research_to_sale_ratio": null,
            "price_fair": 23,
            "eps_avg_yearly": 0.66,
            "eps_latest_yearly": 1.36,
            "eps_growth_yearly": 183.03
        },
        "20184": {
            "year_quarter": 20184,
            "year": 2018,
            "quarter": 4,
            "eps": 0.17,
            "eps_growth_year": 30.46,
            "eps_4q": 1.13,
            "eps_4q_growth_year": 869.35,
            "roe": 0.65,
            "roe_4q": 4.29,
            "gross_profit": 64291,
            "gross_margin": 18.7,
            "gross_margin_4q_avg": 16.98,
            "net_income": 7791,
            "revenue": 343836,
            "common_shares": 445744,
            "book_valuer_per_share": 27.12,
            "book_valuer_per_share_4q_avg": 26.81,
            "equity": 1209048,
            "current_ratio": 126.21,
            "debt_ratio": 74.34,
            "inventory_turnover_ratio": 3.17,
            "account_receivable_turnover_ratio": 0.48,
            "reinvestment_rate": -104.36,
            "research_to_sale_ratio": null,
            "price_fair": 23.4,
            "eps_avg_yearly": 0.67,
            "eps_latest_yearly": 0.68,
            "eps_growth_yearly": 181.17
        },
        "20191": {
            "year_quarter": 20191,
            "year": 2019,
            "quarter": 1,
            "eps": 0.36,
            "eps_growth_year": 5.88,
            "eps_4q": 1.14,
            "eps_4q_growth_year": 154.66,
            "roe": 1.3,
            "roe_4q": 4.24,
            "gross_profit": 56974,
            "gross_margin": 18.88,
            "gross_margin_4q_avg": 17.41,
            "net_income": 16048,
            "revenue": 301826,
            "common_shares": 445744,
            "book_valuer_per_share": 28.24,
            "book_valuer_per_share_4q_avg": 27.05,
            "equity": 1258820,
            "current_ratio": 126.41,
            "debt_ratio": 73.7,
            "inventory_turnover_ratio": 3.12,
            "account_receivable_turnover_ratio": 0.41,
            "reinvestment_rate": -92.99,
            "research_to_sale_ratio": 0,
            "price_fair": 25.9,
            "eps_avg_yearly": 0.74,
            "eps_latest_yearly": 1.44,
            "eps_growth_yearly": 217.5
        },
        "20192": {
            "year_quarter": 20192,
            "year": 2019,
            "quarter": 2,
            "eps": 0.45,
            "eps_growth_year": 66.67,
            "eps_4q": 1.33,
            "eps_4q_growth_year": 95.22,
            "roe": 1.62,
            "roe_4q": 4.859999999999999,
            "gross_profit": 49618,
            "gross_margin": 20.54,
            "gross_margin_4q_avg": 18.5,
            "net_income": 20241,
            "revenue": 241564,
            "common_shares": 445744,
            "book_valuer_per_share": 27.69,
            "book_valuer_per_share_4q_avg": 27.37,
            "equity": 1234314,
            "current_ratio": 125.23,
            "debt_ratio": 74.29,
            "inventory_turnover_ratio": 2.17,
            "account_receivable_turnover_ratio": 0.35,
            "reinvestment_rate": -82.83,
            "research_to_sale_ratio": 0,
            "price_fair": 28.1,
            "eps_avg_yearly": 0.8,
            "eps_latest_yearly": 1.8,
            "eps_growth_yearly": 193.47
        },
        "20193": {
            "year_quarter": 20193,
            "year": 2019,
            "quarter": 3,
            "eps": 0.24,
            "eps_growth_year": -29.41,
            "eps_4q": 1.23,
            "eps_4q_growth_year": 13.08,
            "roe": 0.87,
            "roe_4q": 4.44,
            "gross_profit": 35783,
            "gross_margin": 12.73,
            "gross_margin_4q_avg": 17.71,
            "net_income": 10720,
            "revenue": 281160,
            "common_shares": 445744,
            "book_valuer_per_share": 27.54,
            "book_valuer_per_share_4q_avg": 27.65,
            "equity": 1227728,
            "current_ratio": 131.24,
            "debt_ratio": 70.49,
            "inventory_turnover_ratio": 3.36,
            "account_receivable_turnover_ratio": 0.45,
            "reinvestment_rate": -73.96,
            "research_to_sale_ratio": 0,
            "price_fair": 29.8,
            "eps_avg_yearly": 0.85,
            "eps_latest_yearly": 0.96,
            "eps_growth_yearly": 200.02
        },
        "20194": {
            "year_quarter": 20194,
            "year": 2019,
            "quarter": 4,
            "eps": 0.31,
            "eps_growth_year": 74.8,
            "eps_4q": 1.36,
            "eps_4q_growth_year": 20.58,
            "roe": 1.09,
            "roe_4q": 4.88,
            "gross_profit": 57928,
            "gross_margin": 20.14,
            "gross_margin_4q_avg": 18.07,
            "net_income": 13619,
            "revenue": 287600,
            "common_shares": 445744,
            "book_valuer_per_share": 28.33,
            "book_valuer_per_share_4q_avg": 27.95,
            "equity": 1262695,
            "current_ratio": 135.32,
            "debt_ratio": 66.4,
            "inventory_turnover_ratio": 4.06,
            "account_receivable_turnover_ratio": 0.51,
            "reinvestment_rate": -67.62,
            "research_to_sale_ratio": null,
            "price_fair": 31.4,
            "eps_avg_yearly": 0.9,
            "eps_latest_yearly": 1.24,
            "eps_growth_yearly": 175.7
        },
        "20201": {
            "year_quarter": 20201,
            "year": 2020,
            "quarter": 1,
            "eps": 0.36,
            "eps_growth_year": 0,
            "eps_4q": 1.36,
            "eps_4q_growth_year": 18.85,
            "roe": 1.31,
            "roe_4q": 4.890000000000001,
            "gross_profit": 67728,
            "gross_margin": 17.34,
            "gross_margin_4q_avg": 17.69,
            "net_income": 16070,
            "revenue": 390645,
            "common_shares": 445744,
            "book_valuer_per_share": 26.56,
            "book_valuer_per_share_4q_avg": 27.53,
            "equity": 1184052,
            "current_ratio": 133.85,
            "debt_ratio": 70.32,
            "inventory_turnover_ratio": 5.88,
            "account_receivable_turnover_ratio": 0.67,
            "reinvestment_rate": -59.5,
            "research_to_sale_ratio": null,
            "price_fair": 33.8,
            "eps_avg_yearly": 0.97,
            "eps_latest_yearly": 1.44,
            "eps_growth_yearly": 186.02
        },
        "20202": {
            "year_quarter": 20202,
            "year": 2020,
            "quarter": 2,
            "eps": 0.3,
            "eps_growth_year": -33.33,
            "eps_4q": 0.82,
            "eps_4q_growth_year": -38.68,
            "roe": 1.41,
            "roe_4q": 4.68,
            "gross_profit": 47937,
            "gross_margin": 17.14,
            "gross_margin_4q_avg": 16.84,
            "net_income": 20415,
            "revenue": 279745,
            "common_shares": 745744,
            "book_valuer_per_share": 22.99,
            "book_valuer_per_share_4q_avg": 26.36,
            "equity": 1714655,
            "current_ratio": 183.38,
            "debt_ratio": 51.33,
            "inventory_turnover_ratio": 4.44,
            "account_receivable_turnover_ratio": 0.5,
            "reinvestment_rate": -53.95,
            "research_to_sale_ratio": null,
            "price_fair": 34.5,
            "eps_avg_yearly": 0.99,
            "eps_latest_yearly": 1.2,
            "eps_growth_yearly": 155.07
        },
        "20203": {
            "year_quarter": 20203,
            "year": 2020,
            "quarter": 3,
            "eps": 0.06,
            "eps_growth_year": -75,
            "eps_4q": 0.73,
            "eps_4q_growth_year": -40.58,
            "roe": 0.25,
            "roe_4q": 4.06,
            "gross_profit": 47791,
            "gross_margin": 17.19,
            "gross_margin_4q_avg": 17.95,
            "net_income": 4374,
            "revenue": 277977,
            "common_shares": 745744,
            "book_valuer_per_share": 23.24,
            "book_valuer_per_share_4q_avg": 25.28,
            "equity": 1732743,
            "current_ratio": 182.58,
            "debt_ratio": 51.2,
            "inventory_turnover_ratio": 4.31,
            "account_receivable_turnover_ratio": 0.55,
            "reinvestment_rate": -51.85,
            "research_to_sale_ratio": null,
            "price_fair": 34.4,
            "eps_avg_yearly": 0.98,
            "eps_latest_yearly": 0.24,
            "eps_growth_yearly": 152.08
        },
        "20204": {
            "year_quarter": 20204,
            "year": 2020,
            "quarter": 4,
            "eps": 0.09,
            "eps_growth_year": -71.96,
            "eps_4q": 0.63,
            "eps_4q_growth_year": -53.42,
            "roe": 0.36,
            "roe_4q": 3.33,
            "gross_profit": 53507,
            "gross_margin": 17.66,
            "gross_margin_4q_avg": 17.33,
            "net_income": 6390,
            "revenue": 303028,
            "common_shares": 745744,
            "book_valuer_per_share": 23.88,
            "book_valuer_per_share_4q_avg": 24.17,
            "equity": 1780704,
            "current_ratio": 168.4,
            "debt_ratio": 54.89,
            "inventory_turnover_ratio": 3.59,
            "account_receivable_turnover_ratio": 0.65,
            "reinvestment_rate": -49.59,
            "research_to_sale_ratio": null,
            "price_fair": 33.4,
            "eps_avg_yearly": 0.95,
            "eps_latest_yearly": 0.36,
            "eps_growth_yearly": 117.39
        },
        "20211": {
            "year_quarter": 20211,
            "year": 2021,
            "quarter": 1,
            "eps": 0.15,
            "eps_growth_year": -58.33,
            "eps_4q": 0.57,
            "eps_4q_growth_year": -57.94,
            "roe": 0.66,
            "roe_4q": 2.6799999999999997,
            "gross_profit": 56043,
            "gross_margin": 23.01,
            "gross_margin_4q_avg": 18.75,
            "net_income": 11503,
            "revenue": 243585,
            "common_shares": 745744,
            "book_valuer_per_share": 22.88,
            "book_valuer_per_share_4q_avg": 23.25,
            "equity": 1705939,
            "current_ratio": 163.36,
            "debt_ratio": 57.32,
            "inventory_turnover_ratio": 2.56,
            "account_receivable_turnover_ratio": 0.57,
            "reinvestment_rate": -51.77,
            "research_to_sale_ratio": null,
            "price_fair": 34.8,
            "eps_avg_yearly": 0.99,
            "eps_latest_yearly": 0.6,
            "eps_growth_yearly": 163.51
        },
        "20212": {
            "year_quarter": 20212,
            "year": 2021,
            "quarter": 2,
            "eps": 0.13,
            "eps_growth_year": -56.67,
            "eps_4q": 0.43,
            "eps_4q_growth_year": -47.34,
            "roe": 0.56,
            "roe_4q": 1.83,
            "gross_profit": 49205,
            "gross_margin": 21.49,
            "gross_margin_4q_avg": 19.84,
            "net_income": 9762,
            "revenue": 228969,
            "common_shares": 745744,
            "book_valuer_per_share": 23.48,
            "book_valuer_per_share_4q_avg": 23.37,
            "equity": 1751026,
            "current_ratio": 161.61,
            "debt_ratio": 57.28,
            "inventory_turnover_ratio": 2.82,
            "account_receivable_turnover_ratio": 0.51,
            "reinvestment_rate": -40.35,
            "research_to_sale_ratio": null,
            "price_fair": 35.7,
            "eps_avg_yearly": 1.02,
            "eps_latest_yearly": 0.52,
            "eps_growth_yearly": 73.98
        },
        "20213": {
            "year_quarter": 20213,
            "year": 2021,
            "quarter": 3,
            "eps": 0.12,
            "eps_growth_year": 100,
            "eps_4q": 0.49,
            "eps_4q_growth_year": -32.66,
            "roe": 0.51,
            "roe_4q": 2.09,
            "gross_profit": 53856,
            "gross_margin": 23.51,
            "gross_margin_4q_avg": 21.42,
            "net_income": 9033,
            "revenue": 229062,
            "common_shares": 745744,
            "book_valuer_per_share": 23.81,
            "book_valuer_per_share_4q_avg": 23.51,
            "equity": 1775645,
            "current_ratio": 158.49,
            "debt_ratio": 57.85,
            "inventory_turnover_ratio": 2.3,
            "account_receivable_turnover_ratio": 0.48,
            "reinvestment_rate": -35.97,
            "research_to_sale_ratio": null,
            "price_fair": 34.44,
            "eps_avg_yearly": 0.98,
            "eps_latest_yearly": 0.48,
            "eps_growth_yearly": 67
        },
        "20214": {
            "year_quarter": 20214,
            "year": 2021,
            "quarter": 4,
            "eps": 0.34,
            "eps_growth_year": 291.35,
            "eps_4q": 0.74,
            "eps_4q_growth_year": 17.05,
            "roe": 1.39,
            "roe_4q": 3.12,
            "gross_profit": 48572,
            "gross_margin": 19.9,
            "gross_margin_4q_avg": 21.98,
            "net_income": 25007,
            "revenue": 244045,
            "common_shares": 745744,
            "book_valuer_per_share": 24.38,
            "book_valuer_per_share_4q_avg": 23.64,
            "equity": 1817988,
            "current_ratio": 151.72,
            "debt_ratio": 59.5,
            "inventory_turnover_ratio": 2.19,
            "account_receivable_turnover_ratio": 0.46,
            "reinvestment_rate": -27.04,
            "research_to_sale_ratio": null,
            "price_fair": 35.26,
            "eps_avg_yearly": 1.01,
            "eps_latest_yearly": 1.36,
            "eps_growth_yearly": 108.64
        },
        "20221": {
            "year_quarter": 20221,
            "year": 2022,
            "quarter": 1,
            "eps": 0.16,
            "eps_growth_year": 6.67,
            "eps_4q": 0.75,
            "eps_4q_growth_year": 31.16,
            "roe": 0.68,
            "roe_4q": 3.14,
            "gross_profit": 53821,
            "gross_margin": 21.15,
            "gross_margin_4q_avg": 21.51,
            "net_income": 12178,
            "revenue": 254476,
            "common_shares": 745744,
            "book_valuer_per_share": 23.92,
            "book_valuer_per_share_4q_avg": 23.9,
            "equity": 1783919,
            "current_ratio": 151.24,
            "debt_ratio": 60.37,
            "inventory_turnover_ratio": 2.3,
            "account_receivable_turnover_ratio": 0.49,
            "reinvestment_rate": 15.03,
            "research_to_sale_ratio": null,
            "price_fair": 33.69,
            "eps_avg_yearly": 0.96,
            "eps_latest_yearly": 0.64,
            "eps_growth_yearly": 55.02
        },
        "20222": {
            "year_quarter": 20222,
            "year": 2022,
            "quarter": 2,
            "eps": 0.27,
            "eps_growth_year": 107.69,
            "eps_4q": 0.89,
            "eps_4q_growth_year": 106.65,
            "roe": 1.1,
            "roe_4q": 3.6799999999999997,
            "gross_profit": 46709,
            "gross_margin": 19.37,
            "gross_margin_4q_avg": 20.98,
            "net_income": 19970,
            "revenue": 241192,
            "common_shares": 745744,
            "book_valuer_per_share": 24.6,
            "book_valuer_per_share_4q_avg": 24.18,
            "equity": 1834338,
            "current_ratio": 148.31,
            "debt_ratio": 61.52,
            "inventory_turnover_ratio": 2.25,
            "account_receivable_turnover_ratio": 0.49,
            "reinvestment_rate": 14.93,
            "research_to_sale_ratio": null,
            "price_fair": 33.69,
            "eps_avg_yearly": 0.96,
            "eps_latest_yearly": 1.08,
            "eps_growth_yearly": 77.36
        },
        "20223": {
            "year_quarter": 20223,
            "year": 2022,
            "quarter": 3,
            "eps": 0.23,
            "eps_growth_year": 91.67,
            "eps_4q": 0.99,
            "eps_4q_growth_year": 101.74,
            "roe": 0.92,
            "roe_4q": 4.09,
            "gross_profit": 56067,
            "gross_margin": 21.24,
            "gross_margin_4q_avg": 20.42,
            "net_income": 16861,
            "revenue": 263961,
            "common_shares": 745744,
            "book_valuer_per_share": 24.6,
            "book_valuer_per_share_4q_avg": 24.38,
            "equity": 1834351,
            "current_ratio": 146.37,
            "debt_ratio": 62.8,
            "inventory_turnover_ratio": 2.35,
            "account_receivable_turnover_ratio": 0.49,
            "reinvestment_rate": 15.21,
            "research_to_sale_ratio": null,
            "price_fair": 32.73,
            "eps_avg_yearly": 0.94,
            "eps_latest_yearly": 0.92,
            "eps_growth_yearly": 67.17
        },
        "20224": {
            "year_quarter": 20224,
            "year": 2022,
            "quarter": 4,
            "eps": 0.18,
            "eps_growth_year": -45.58,
            "eps_4q": 0.84,
            "eps_4q_growth_year": 13.22,
            "roe": 0.73,
            "roe_4q": 3.43,
            "gross_profit": 50175,
            "gross_margin": 19.42,
            "gross_margin_4q_avg": 20.3,
            "net_income": 13608,
            "revenue": 258394,
            "common_shares": 745744,
            "book_valuer_per_share": 25.23,
            "book_valuer_per_share_4q_avg": 24.59,
            "equity": 1881845,
            "current_ratio": 145.81,
            "debt_ratio": 61.93,
            "inventory_turnover_ratio": 2.06,
            "account_receivable_turnover_ratio": 0.45,
            "reinvestment_rate": 17.86,
            "research_to_sale_ratio": null,
            "price_fair": 32.81,
            "eps_avg_yearly": 0.94,
            "eps_latest_yearly": 0.72,
            "eps_growth_yearly": 74.24
        },
        "20231": {
            "year_quarter": 20231,
            "year": 2023,
            "quarter": 1,
            "eps": 0.23,
            "eps_growth_year": 43.75,
            "eps_4q": 0.91,
            "eps_4q_growth_year": 21.41,
            "roe": 0.94,
            "roe_4q": 3.69,
            "gross_profit": 54825,
            "gross_margin": 20.79,
            "gross_margin_4q_avg": 20.21,
            "net_income": 17524,
            "revenue": 263761,
            "common_shares": 745744,
            "book_valuer_per_share": 24.83,
            "book_valuer_per_share_4q_avg": 24.82,
            "equity": 1851938,
            "current_ratio": 144.96,
            "debt_ratio": 62.28,
            "inventory_turnover_ratio": 1.76,
            "account_receivable_turnover_ratio": 0.45,
            "reinvestment_rate": 19.44,
            "research_to_sale_ratio": null,
            "price_fair": 31.68,
            "eps_avg_yearly": 0.91,
            "eps_latest_yearly": 0.92,
            "eps_growth_yearly": 53.24
        }
    },
    "months": {
        "2012-07": {
            "month": "2012-07",
            "price": "31.52",
            "revenue": 123018
        },
        "2012-08": {
            "month": "2012-08",
            "price": "28.38",
            "revenue": 136570
        },
        "2012-09": {
            "month": "2012-09",
            "price": "29.70",
            "revenue": 110449
        },
        "2012-10": {
            "month": "2012-10",
            "price": "29.04",
            "revenue": 130003
        },
        "2012-11": {
            "month": "2012-11",
            "price": "28.68",
            "revenue": 138154
        },
        "2012-12": {
            "month": "2012-12",
            "price": "29.25",
            "revenue": 98896
        },
        "2013-01": {
            "month": "2013-01",
            "price": "40.40",
            "revenue": 133251
        },
        "2013-02": {
            "month": "2013-02",
            "price": "60.85",
            "revenue": 103466
        },
        "2013-03": {
            "month": "2013-03",
            "price": "48.82",
            "revenue": 106404
        },
        "2013-04": {
            "month": "2013-04",
            "price": "56.55",
            "revenue": 129153
        },
        "2013-05": {
            "month": "2013-05",
            "price": "55.04",
            "revenue": 137411
        },
        "2013-06": {
            "month": "2013-06",
            "price": "60.54",
            "revenue": 94982
        },
        "2013-07": {
            "month": "2013-07",
            "price": "63.57",
            "revenue": 121224
        },
        "2013-08": {
            "month": "2013-08",
            "price": "68.88",
            "revenue": 130511
        },
        "2013-09": {
            "month": "2013-09",
            "price": "72.12",
            "revenue": 109716
        },
        "2013-10": {
            "month": "2013-10",
            "price": "67.50",
            "revenue": 130393
        },
        "2013-11": {
            "month": "2013-11",
            "price": "52.31",
            "revenue": 146891
        },
        "2013-12": {
            "month": "2013-12",
            "price": "54.65",
            "revenue": 102466
        },
        "2014-01": {
            "month": "2014-01",
            "price": "51.32",
            "revenue": 108903
        },
        "2014-02": {
            "month": "2014-02",
            "price": "50.67",
            "revenue": 111621
        },
        "2014-03": {
            "month": "2014-03",
            "price": "51.05",
            "revenue": 99686
        },
        "2014-04": {
            "month": "2014-04",
            "price": "47.28",
            "revenue": 123316
        },
        "2014-05": {
            "month": "2014-05",
            "price": "44.20",
            "revenue": 135176
        },
        "2014-06": {
            "month": "2014-06",
            "price": "44.47",
            "revenue": 98876
        },
        "2014-07": {
            "month": "2014-07",
            "price": "42.99",
            "revenue": 112336
        },
        "2014-08": {
            "month": "2014-08",
            "price": "37.15",
            "revenue": 112399
        },
        "2014-09": {
            "month": "2014-09",
            "price": "36.71",
            "revenue": 108960
        },
        "2014-10": {
            "month": "2014-10",
            "price": "32.02",
            "revenue": 117900
        },
        "2014-11": {
            "month": "2014-11",
            "price": "32.00",
            "revenue": 112263
        },
        "2014-12": {
            "month": "2014-12",
            "price": "33.83",
            "revenue": 118115
        },
        "2015-01": {
            "month": "2015-01",
            "price": "34.35",
            "revenue": 111663
        },
        "2015-02": {
            "month": "2015-02",
            "price": "32.81",
            "revenue": 106041
        },
        "2015-03": {
            "month": "2015-03",
            "price": "34.62",
            "revenue": 112548
        },
        "2015-04": {
            "month": "2015-04",
            "price": "32.75",
            "revenue": 113940
        },
        "2015-05": {
            "month": "2015-05",
            "price": "30.55",
            "revenue": 135171
        },
        "2015-06": {
            "month": "2015-06",
            "price": "32.47",
            "revenue": 96696
        },
        "2015-07": {
            "month": "2015-07",
            "price": "35.56",
            "revenue": 105535
        },
        "2015-08": {
            "month": "2015-08",
            "price": "28.18",
            "revenue": 117403
        },
        "2015-09": {
            "month": "2015-09",
            "price": "30.36",
            "revenue": 97559
        },
        "2015-10": {
            "month": "2015-10",
            "price": "28.38",
            "revenue": 116018
        },
        "2015-11": {
            "month": "2015-11",
            "price": "29.15",
            "revenue": 129374
        },
        "2015-12": {
            "month": "2015-12",
            "price": "28.21",
            "revenue": 97219
        },
        "2016-01": {
            "month": "2016-01",
            "price": "24.36",
            "revenue": 108475
        },
        "2016-02": {
            "month": "2016-02",
            "price": "23.86",
            "revenue": 92317
        },
        "2016-03": {
            "month": "2016-03",
            "price": "24.62",
            "revenue": 112250
        },
        "2016-04": {
            "month": "2016-04",
            "price": "23.43",
            "revenue": 100608
        },
        "2016-05": {
            "month": "2016-05",
            "price": "22.40",
            "revenue": 125159
        },
        "2016-06": {
            "month": "2016-06",
            "price": "22.32",
            "revenue": 97237
        },
        "2016-07": {
            "month": "2016-07",
            "price": "20.74",
            "revenue": 97893
        },
        "2016-08": {
            "month": "2016-08",
            "price": "19.62",
            "revenue": 136891
        },
        "2016-09": {
            "month": "2016-09",
            "price": "19.93",
            "revenue": 94540
        },
        "2016-10": {
            "month": "2016-10",
            "price": "19.61",
            "revenue": 110734
        },
        "2016-11": {
            "month": "2016-11",
            "price": "18.87",
            "revenue": 134181
        },
        "2016-12": {
            "month": "2016-12",
            "price": "18.42",
            "revenue": 93808
        },
        "2017-01": {
            "month": "2017-01",
            "price": "18.54",
            "revenue": 95920
        },
        "2017-02": {
            "month": "2017-02",
            "price": "18.68",
            "revenue": 114950
        },
        "2017-03": {
            "month": "2017-03",
            "price": "19.58",
            "revenue": 93558
        },
        "2017-04": {
            "month": "2017-04",
            "price": "21.50",
            "revenue": 91441
        },
        "2017-05": {
            "month": "2017-05",
            "price": "24.13",
            "revenue": 137426
        },
        "2017-06": {
            "month": "2017-06",
            "price": "23.73",
            "revenue": 82652
        },
        "2017-07": {
            "month": "2017-07",
            "price": "20.56",
            "revenue": 82711
        },
        "2017-08": {
            "month": "2017-08",
            "price": "18.56",
            "revenue": 128262
        },
        "2017-09": {
            "month": "2017-09",
            "price": "18.44",
            "revenue": 75001
        },
        "2017-10": {
            "month": "2017-10",
            "price": "20.53",
            "revenue": 87752
        },
        "2017-11": {
            "month": "2017-11",
            "price": "21.04",
            "revenue": 139224
        },
        "2017-12": {
            "month": "2017-12",
            "price": "20.45",
            "revenue": 75565
        },
        "2018-01": {
            "month": "2018-01",
            "price": "19.65",
            "revenue": 104278
        },
        "2018-02": {
            "month": "2018-02",
            "price": "19.20",
            "revenue": 129237
        },
        "2018-03": {
            "month": "2018-03",
            "price": "19.74",
            "revenue": 82437
        },
        "2018-04": {
            "month": "2018-04",
            "price": "18.48",
            "revenue": 77705
        },
        "2018-05": {
            "month": "2018-05",
            "price": "18.24",
            "revenue": 162132
        },
        "2018-06": {
            "month": "2018-06",
            "price": "18.56",
            "revenue": 77133
        },
        "2018-07": {
            "month": "2018-07",
            "price": "18.14",
            "revenue": 107900
        },
        "2018-08": {
            "month": "2018-08",
            "price": "17.76",
            "revenue": 133698
        },
        "2018-09": {
            "month": "2018-09",
            "price": "18.14",
            "revenue": 83408
        },
        "2018-10": {
            "month": "2018-10",
            "price": "17.14",
            "revenue": 104174
        },
        "2018-11": {
            "month": "2018-11",
            "price": "15.83",
            "revenue": 164281
        },
        "2018-12": {
            "month": "2018-12",
            "price": "15.87",
            "revenue": 75381
        },
        "2019-01": {
            "month": "2019-01",
            "price": "16.08",
            "revenue": 92615
        },
        "2019-02": {
            "month": "2019-02",
            "price": "16.99",
            "revenue": 88805
        },
        "2019-03": {
            "month": "2019-03",
            "price": "16.74",
            "revenue": 120851
        },
        "2019-04": {
            "month": "2019-04",
            "price": "17.33",
            "revenue": 61742
        },
        "2019-05": {
            "month": "2019-05",
            "price": "16.91",
            "revenue": 112426
        },
        "2019-06": {
            "month": "2019-06",
            "price": "17.31",
            "revenue": 66951
        },
        "2019-07": {
            "month": "2019-07",
            "price": "17.52",
            "revenue": 72713
        },
        "2019-08": {
            "month": "2019-08",
            "price": "17.38",
            "revenue": 147830
        },
        "2019-09": {
            "month": "2019-09",
            "price": "19.33",
            "revenue": 60617
        },
        "2019-10": {
            "month": "2019-10",
            "price": "22.83",
            "revenue": 80904
        },
        "2019-11": {
            "month": "2019-11",
            "price": "22.05",
            "revenue": 110397
        },
        "2019-12": {
            "month": "2019-12",
            "price": "20.36",
            "revenue": 96297
        },
        "2020-01": {
            "month": "2020-01",
            "price": "19.67",
            "revenue": 109986
        },
        "2020-02": {
            "month": "2020-02",
            "price": "19.93",
            "revenue": 159772
        },
        "2020-03": {
            "month": "2020-03",
            "price": "18.44",
            "revenue": 120886
        },
        "2020-04": {
            "month": "2020-04",
            "price": "19.27",
            "revenue": 102667
        },
        "2020-05": {
            "month": "2020-05",
            "price": "19.92",
            "revenue": 96717
        },
        "2020-06": {
            "month": "2020-06",
            "price": "22.50",
            "revenue": 80362
        },
        "2020-07": {
            "month": "2020-07",
            "price": "23.86",
            "revenue": 91217
        },
        "2020-08": {
            "month": "2020-08",
            "price": "23.28",
            "revenue": 106259
        },
        "2020-09": {
            "month": "2020-09",
            "price": "22.25",
            "revenue": 80501
        },
        "2020-10": {
            "month": "2020-10",
            "price": "23.42",
            "revenue": 146551
        },
        "2020-11": {
            "month": "2020-11",
            "price": "24.12",
            "revenue": 85536
        },
        "2020-12": {
            "month": "2020-12",
            "price": "24.77",
            "revenue": 70941
        },
        "2021-01": {
            "month": "2021-01",
            "price": "22.65",
            "revenue": 90324
        },
        "2021-02": {
            "month": "2021-02",
            "price": "23.01",
            "revenue": 73834
        },
        "2021-03": {
            "month": "2021-03",
            "price": "23.45",
            "revenue": 77455
        },
        "2021-04": {
            "month": "2021-04",
            "price": "22.24",
            "revenue": 70212
        },
        "2021-05": {
            "month": "2021-05",
            "price": "21.04",
            "revenue": 84664
        },
        "2021-06": {
            "month": "2021-06",
            "price": "25.73",
            "revenue": 76065
        },
        "2021-07": {
            "month": "2021-07",
            "price": "22.49",
            "revenue": 64426
        },
        "2021-08": {
            "month": "2021-08",
            "price": "20.17",
            "revenue": 86925
        },
        "2021-09": {
            "month": "2021-09",
            "price": "19.42",
            "revenue": 77712
        },
        "2021-10": {
            "month": "2021-10",
            "price": "17.62",
            "revenue": 67063
        },
        "2021-11": {
            "month": "2021-11",
            "price": "18.11",
            "revenue": 80604
        },
        "2021-12": {
            "month": "2021-12",
            "price": "18.14",
            "revenue": 96377
        },
        "2022-01": {
            "month": "2022-01",
            "price": "17.95",
            "revenue": 94553
        },
        "2022-02": {
            "month": "2022-02",
            "price": "17.58",
            "revenue": 70010
        },
        "2022-03": {
            "month": "2022-03",
            "price": "17.38",
            "revenue": 89913
        },
        "2022-04": {
            "month": "2022-04",
            "price": "19.54",
            "revenue": 73608
        },
        "2022-05": {
            "month": "2022-05",
            "price": "17.84",
            "revenue": 86822
        },
        "2022-06": {
            "month": "2022-06",
            "price": "17.84",
            "revenue": 80762
        },
        "2022-07": {
            "month": "2022-07",
            "price": "17.11",
            "revenue": 76763
        },
        "2022-08": {
            "month": "2022-08",
            "price": "18.63",
            "revenue": 103287
        },
        "2022-09": {
            "month": "2022-09",
            "price": "19.12",
            "revenue": 83911
        },
        "2022-10": {
            "month": "2022-10",
            "price": "17.13",
            "revenue": 74446
        },
        "2022-11": {
            "month": "2022-11",
            "price": "17.30",
            "revenue": 86342
        },
        "2022-12": {
            "month": "2022-12",
            "price": "18.85",
            "revenue": 97606
        },
        "2023-01": {
            "month": "2023-01",
            "price": "18.47",
            "revenue": 82040
        },
        "2023-02": {
            "month": "2023-02",
            "price": "18.91",
            "revenue": 90374
        },
        "2023-03": {
            "month": "2023-03",
            "price": "19.22",
            "revenue": 91347
        },
        "2023-04": {
            "month": "2023-04",
            "price": "19.66",
            "revenue": 89538
        },
        "2023-05": {
            "month": "2023-05",
            "price": "23.02",
            "revenue": 97604
        }
    }
}
