{
    "summary": {
        "stock_name": "杏一",
        "stock_id": "4175",
        "category": "生技醫療",
        "main_business": "醫療及保健產品開發與零售",
        "website_url": "http://www.medfirst.com.tw/",
        "ceo": "蔡德忠",
        "pe_ratio": 24,
        "report_year_from": 2011,
        "report_year_to": 2023,
        "age": 12,
        "eps_negative_percentage": 0,
        "eps_growth_avg": {
            "last_all": 8.67,
            "last_2y": 11.22,
            "last_4y": 14.85,
            "last_8y": 8.67,
            "last_12y": null,
            "last_16y": null,
            "last_20y": null,
            "at_2006_last_3y": null,
            "at_2007_last_3y": null,
            "at_2008_last_3y": null,
            "at_2009_last_3y": null,
            "at_2010_last_3y": null,
            "at_2011_last_3y": null,
            "at_2012_last_3y": null,
            "at_2013_last_3y": null,
            "at_2014_last_3y": null,
            "at_2015_last_3y": null,
            "at_2016_last_3y": null,
            "at_2017_last_3y": 0.95,
            "at_2018_last_3y": 1.41,
            "at_2019_last_3y": 1.42,
            "at_2020_last_3y": -0.96,
            "at_2021_last_3y": -6.44,
            "at_2022_last_3y": 13.16,
            "at_2023_last_3y": 13.16,
            "at_2006_last_all": null,
            "at_2007_last_all": null,
            "at_2008_last_all": null,
            "at_2009_last_all": null,
            "at_2010_last_all": null,
            "at_2011_last_all": null,
            "at_2012_last_all": null,
            "at_2013_last_all": null,
            "at_2014_last_all": null,
            "at_2015_last_all": 19.36,
            "at_2016_last_all": 7.46,
            "at_2017_last_all": 0.95,
            "at_2018_last_all": 5.08,
            "at_2019_last_all": 7.4,
            "at_2020_last_all": 2.65,
            "at_2021_last_all": -2.75,
            "at_2022_last_all": 8.67,
            "at_2023_last_all": 8.67
        },
        "latest_eps": 4.25,
        "latest_price": 102.5,
        "latest_roe": 12.2,
        "latest_gross_margin": 30.96,
        "latest_equity": 1456893,
        "latest_revenue": 1753111,
        "latest_gross_profit": 542782,
        "latest_net_income": 18373,
        "latest_debt_ratio": 79.31,
        "latest_current_ratio": 82.69,
        "latest_account_receivable_turnover_ratio": 9.57,
        "latest_inventory_turnover_ratio": 1.09,
        "latest_reinvestment_rate": 156.07,
        "latest_research_to_sale_ratio": null
    },
    "eps_dividends": {
        "2001": {
            "cash": 0,
            "stock": 0,
            "eps": 0
        },
        "2002": {
            "cash": 0,
            "stock": 0,
            "eps": 0
        },
        "2003": {
            "cash": 0,
            "stock": 0,
            "eps": 0
        },
        "2004": {
            "cash": 0,
            "stock": 0,
            "eps": 0
        },
        "2005": {
            "cash": 0,
            "stock": 0,
            "eps": 0
        },
        "2006": {
            "cash": 0,
            "stock": 0,
            "eps": 0
        },
        "2007": {
            "cash": 0,
            "stock": 0,
            "eps": 0
        },
        "2008": {
            "cash": 0,
            "stock": 0,
            "eps": 0
        },
        "2009": {
            "cash": 0,
            "stock": 0,
            "eps": 0
        },
        "2010": {
            "cash": 0,
            "stock": 0,
            "eps": 0
        },
        "2011": {
            "cash": 0,
            "stock": 0,
            "eps": 0
        },
        "2012": {
            "cash": 0.5,
            "stock": 0.77,
            "eps": 0
        },
        "2013": {
            "cash": 1,
            "stock": 0,
            "eps": 3.39
        },
        "2014": {
            "cash": 3.5,
            "stock": 0,
            "eps": 4.06
        },
        "2015": {
            "cash": 3.2,
            "stock": 0,
            "eps": 4.83
        },
        "2016": {
            "cash": 4,
            "stock": 0,
            "eps": 4.04
        },
        "2017": {
            "cash": 3.2,
            "stock": 0,
            "eps": 3.29
        },
        "2018": {
            "cash": 2.6,
            "stock": 0,
            "eps": 4
        },
        "2019": {
            "cash": 2.3,
            "stock": 0.63,
            "eps": 4.76
        },
        "2020": {
            "cash": 3.6,
            "stock": 0,
            "eps": 3.53
        },
        "2021": {
            "cash": 2.05,
            "stock": 0.8,
            "eps": 2.1
        },
        "2022": {
            "cash": 1.6,
            "stock": 0,
            "eps": 4.83
        },
        "2023": {
            "cash": 2.85,
            "stock": 1,
            "eps": 0.49
        }
    },
    "dividends": {
        "2012-05-28": {
            "cash": 0.5,
            "stock": 0.77
        },
        "2013-06-25": {
            "cash": 1,
            "stock": 0
        },
        "2014-08-12": {
            "cash": 3.5,
            "stock": 0
        },
        "2015-09-21": {
            "cash": 3.2,
            "stock": 0
        },
        "2016-07-22": {
            "cash": 4,
            "stock": 0
        },
        "2017-08-18": {
            "cash": 3.2,
            "stock": 0
        },
        "2018-08-03": {
            "cash": 2.6,
            "stock": 0
        },
        "2019-08-19": {
            "cash": 2.3,
            "stock": 0.63
        },
        "2020-07-31": {
            "cash": 3.6,
            "stock": 0
        },
        "2021-10-29": {
            "cash": 2.05,
            "stock": 0.8
        },
        "2022-07-22": {
            "cash": 1.6,
            "stock": 0
        },
        "2023-02-23": {
            "cash": 2.85,
            "stock": 1
        }
    },
    "prices": {
        "200101": "無",
        "200102": "無",
        "200103": "無",
        "200104": "無",
        "200105": "無",
        "200106": "無",
        "200107": "無",
        "200108": "無",
        "200109": "無",
        "200110": "無",
        "200111": "無",
        "200112": "無",
        "200201": "無",
        "200202": "無",
        "200203": "無",
        "200204": "無",
        "200205": "無",
        "200206": "無",
        "200207": "無",
        "200208": "無",
        "200209": "無",
        "200210": "無",
        "200211": "無",
        "200212": "無",
        "200301": "無",
        "200302": "無",
        "200303": "無",
        "200304": "無",
        "200305": "無",
        "200306": "無",
        "200307": "無",
        "200308": "無",
        "200309": "無",
        "200310": "無",
        "200311": "無",
        "200312": "無",
        "200401": "無",
        "200402": "無",
        "200403": "無",
        "200404": "無",
        "200405": "無",
        "200406": "無",
        "200407": "無",
        "200408": "無",
        "200409": "無",
        "200410": "無",
        "200411": "無",
        "200412": "無",
        "200501": "無",
        "200502": "無",
        "200503": "無",
        "200504": "無",
        "200505": "無",
        "200506": "無",
        "200507": "無",
        "200508": "無",
        "200509": "無",
        "200510": "無",
        "200511": "無",
        "200512": "無",
        "200601": "無",
        "200602": "無",
        "200603": "無",
        "200604": "無",
        "200605": "無",
        "200606": "無",
        "200607": "無",
        "200608": "無",
        "200609": "無",
        "200610": "無",
        "200611": "無",
        "200612": "無",
        "200701": "無",
        "200702": "無",
        "200703": "無",
        "200704": "無",
        "200705": "無",
        "200706": "無",
        "200707": "無",
        "200708": "無",
        "200709": "無",
        "200710": "無",
        "200711": "無",
        "200712": "無",
        "200801": "無",
        "200802": "無",
        "200803": "無",
        "200804": "無",
        "200805": "無",
        "200806": "無",
        "200807": "無",
        "200808": "無",
        "200809": "無",
        "200810": "無",
        "200811": "無",
        "200812": "無",
        "200901": "無",
        "200902": "無",
        "200903": "無",
        "200904": "無",
        "200905": "無",
        "200906": "無",
        "200907": "無",
        "200908": "無",
        "200909": "無",
        "200910": "無",
        "200911": "無",
        "200912": "無",
        "201001": "無",
        "201002": "無",
        "201003": "無",
        "201004": "無",
        "201005": "無",
        "201006": "無",
        "201007": "無",
        "201008": "無",
        "201009": "無",
        "201010": "無",
        "201011": "無",
        "201012": "無",
        "201101": "無",
        "201102": "無",
        "201103": "無",
        "201104": "無",
        "201105": "無",
        "201106": "無",
        "201107": "無",
        "201108": "無",
        "201109": "無",
        "201110": "無",
        "201111": "無",
        "201112": "無",
        "201201": "無",
        "201202": "無",
        "201203": "無",
        "201204": "無",
        "201205": "無",
        "201206": "無",
        "201207": "無",
        "201208": "無",
        "201209": "無",
        "201210": "無",
        "201211": "無",
        "201212": "56.52",
        "201301": "48.86",
        "201302": "54.81",
        "201303": "52.96",
        "201304": "51.01",
        "201305": "50.02",
        "201306": "50.92",
        "201307": "54.20",
        "201308": "72.60",
        "201309": "87.44",
        "201310": "91.62",
        "201311": "91.21",
        "201312": "96.18",
        "201401": "113.35",
        "201402": "109.06",
        "201403": "110.13",
        "201404": "107.50",
        "201405": "93.36",
        "201406": "93.90",
        "201407": "89.29",
        "201408": "75.96",
        "201409": "75.55",
        "201410": "72.46",
        "201411": "72.90",
        "201412": "79.12",
        "201501": "77.04",
        "201502": "75.15",
        "201503": "74.01",
        "201504": "75.17",
        "201505": "77.02",
        "201506": "79.53",
        "201507": "78.23",
        "201508": "75.21",
        "201509": "73.36",
        "201510": "73.62",
        "201511": "76.44",
        "201512": "77.67",
        "201601": "75.20",
        "201602": "77.92",
        "201603": "87.27",
        "201604": "87.99",
        "201605": "87.77",
        "201606": "90.51",
        "201607": "86.02",
        "201608": "84.64",
        "201609": "84.23",
        "201610": "82.09",
        "201611": "79.28",
        "201612": "79.09",
        "201701": "78.34",
        "201702": "79.41",
        "201703": "78.15",
        "201704": "74.42",
        "201705": "74.19",
        "201706": "72.52",
        "201707": "72.46",
        "201708": "67.29",
        "201709": "66.35",
        "201710": "65.27",
        "201711": "64.75",
        "201712": "61.69",
        "201801": "60.54",
        "201802": "60.22",
        "201803": "63.46",
        "201804": "65.63",
        "201805": "65.51",
        "201806": "65.96",
        "201807": "65.26",
        "201808": "61.99",
        "201809": "58.51",
        "201810": "56.08",
        "201811": "55.74",
        "201812": "55.28",
        "201901": "55.78",
        "201902": "57.75",
        "201903": "63.60",
        "201904": "64.66",
        "201905": "70.36",
        "201906": "71.04",
        "201907": "75.19",
        "201908": "73.69",
        "201909": "73.20",
        "201910": "72.84",
        "201911": "75.12",
        "201912": "72.20",
        "202001": "72.49",
        "202002": "73.43",
        "202003": "66.76",
        "202004": "68.22",
        "202005": "73.53",
        "202006": "75.72",
        "202007": "73.88",
        "202008": "70.83",
        "202009": "69.80",
        "202010": "69.31",
        "202011": "68.67",
        "202012": "69.77",
        "202101": "69.22",
        "202102": "68.45",
        "202103": "70.24",
        "202104": "72.28",
        "202105": "70.97",
        "202106": "71.77",
        "202107": "72.80",
        "202108": "78.87",
        "202109": "87.16",
        "202110": "72.77",
        "202111": "70.68",
        "202112": "69.72",
        "202201": "69.23",
        "202202": "69.13",
        "202203": "68.15",
        "202204": "77.18",
        "202205": "75.46",
        "202206": "72.04",
        "202207": "68.73",
        "202208": "73.01",
        "202209": "73.51",
        "202210": "69.36",
        "202211": "72.04",
        "202212": "76.50",
        "202301": "76.59",
        "202302": "76.84",
        "202303": "84.16",
        "202304": "102.45",
        "202305": "122.39",
        "202306": "106.31"
    },
    "quarters": {
        "20011": {
            "year_quarter": 20011,
            "year": 2001,
            "quarter": 1,
            "eps": null,
            "eps_growth_year": null,
            "eps_4q": null,
            "eps_4q_growth_year": null,
            "roe": null,
            "roe_4q": 0,
            "gross_profit": null,
            "gross_margin": null,
            "gross_margin_4q_avg": 0,
            "net_income": null,
            "revenue": null,
            "common_shares": null,
            "book_valuer_per_share": null,
            "book_valuer_per_share_4q_avg": 0,
            "equity": null,
            "current_ratio": null,
            "debt_ratio": null,
            "inventory_turnover_ratio": null,
            "account_receivable_turnover_ratio": null,
            "reinvestment_rate": null,
            "research_to_sale_ratio": null,
            "price_fair": 0,
            "eps_avg_yearly": 0,
            "eps_latest_yearly": 0,
            "eps_growth_yearly": 0
        },
        "20012": {
            "year_quarter": 20012,
            "year": 2001,
            "quarter": 2,
            "eps": null,
            "eps_growth_year": null,
            "eps_4q": null,
            "eps_4q_growth_year": null,
            "roe": null,
            "roe_4q": 0,
            "gross_profit": null,
            "gross_margin": null,
            "gross_margin_4q_avg": 0,
            "net_income": null,
            "revenue": null,
            "common_shares": null,
            "book_valuer_per_share": null,
            "book_valuer_per_share_4q_avg": 0,
            "equity": null,
            "current_ratio": null,
            "debt_ratio": null,
            "inventory_turnover_ratio": null,
            "account_receivable_turnover_ratio": null,
            "reinvestment_rate": null,
            "research_to_sale_ratio": null,
            "price_fair": 0,
            "eps_avg_yearly": 0,
            "eps_latest_yearly": 0,
            "eps_growth_yearly": 0
        },
        "20013": {
            "year_quarter": 20013,
            "year": 2001,
            "quarter": 3,
            "eps": null,
            "eps_growth_year": null,
            "eps_4q": null,
            "eps_4q_growth_year": null,
            "roe": null,
            "roe_4q": 0,
            "gross_profit": null,
            "gross_margin": null,
            "gross_margin_4q_avg": 0,
            "net_income": null,
            "revenue": null,
            "common_shares": null,
            "book_valuer_per_share": null,
            "book_valuer_per_share_4q_avg": 0,
            "equity": null,
            "current_ratio": null,
            "debt_ratio": null,
            "inventory_turnover_ratio": null,
            "account_receivable_turnover_ratio": null,
            "reinvestment_rate": null,
            "research_to_sale_ratio": null,
            "price_fair": 0,
            "eps_avg_yearly": 0,
            "eps_latest_yearly": 0,
            "eps_growth_yearly": 0
        },
        "20014": {
            "year_quarter": 20014,
            "year": 2001,
            "quarter": 4,
            "eps": null,
            "eps_growth_year": null,
            "eps_4q": null,
            "eps_4q_growth_year": null,
            "roe": null,
            "roe_4q": 0,
            "gross_profit": null,
            "gross_margin": null,
            "gross_margin_4q_avg": 0,
            "net_income": null,
            "revenue": null,
            "common_shares": null,
            "book_valuer_per_share": null,
            "book_valuer_per_share_4q_avg": 0,
            "equity": null,
            "current_ratio": null,
            "debt_ratio": null,
            "inventory_turnover_ratio": null,
            "account_receivable_turnover_ratio": null,
            "reinvestment_rate": null,
            "research_to_sale_ratio": null,
            "price_fair": 0,
            "eps_avg_yearly": 0,
            "eps_latest_yearly": 0,
            "eps_growth_yearly": 0
        },
        "20021": {
            "year_quarter": 20021,
            "year": 2002,
            "quarter": 1,
            "eps": null,
            "eps_growth_year": null,
            "eps_4q": null,
            "eps_4q_growth_year": null,
            "roe": null,
            "roe_4q": 0,
            "gross_profit": null,
            "gross_margin": null,
            "gross_margin_4q_avg": 0,
            "net_income": null,
            "revenue": null,
            "common_shares": null,
            "book_valuer_per_share": null,
            "book_valuer_per_share_4q_avg": 0,
            "equity": null,
            "current_ratio": null,
            "debt_ratio": null,
            "inventory_turnover_ratio": null,
            "account_receivable_turnover_ratio": null,
            "reinvestment_rate": null,
            "research_to_sale_ratio": null,
            "price_fair": 0,
            "eps_avg_yearly": 0,
            "eps_latest_yearly": 0,
            "eps_growth_yearly": 0
        },
        "20022": {
            "year_quarter": 20022,
            "year": 2002,
            "quarter": 2,
            "eps": null,
            "eps_growth_year": null,
            "eps_4q": null,
            "eps_4q_growth_year": null,
            "roe": null,
            "roe_4q": 0,
            "gross_profit": null,
            "gross_margin": null,
            "gross_margin_4q_avg": 0,
            "net_income": null,
            "revenue": null,
            "common_shares": null,
            "book_valuer_per_share": null,
            "book_valuer_per_share_4q_avg": 0,
            "equity": null,
            "current_ratio": null,
            "debt_ratio": null,
            "inventory_turnover_ratio": null,
            "account_receivable_turnover_ratio": null,
            "reinvestment_rate": null,
            "research_to_sale_ratio": null,
            "price_fair": 0,
            "eps_avg_yearly": 0,
            "eps_latest_yearly": 0,
            "eps_growth_yearly": 0
        },
        "20023": {
            "year_quarter": 20023,
            "year": 2002,
            "quarter": 3,
            "eps": null,
            "eps_growth_year": null,
            "eps_4q": null,
            "eps_4q_growth_year": null,
            "roe": null,
            "roe_4q": 0,
            "gross_profit": null,
            "gross_margin": null,
            "gross_margin_4q_avg": 0,
            "net_income": null,
            "revenue": null,
            "common_shares": null,
            "book_valuer_per_share": null,
            "book_valuer_per_share_4q_avg": 0,
            "equity": null,
            "current_ratio": null,
            "debt_ratio": null,
            "inventory_turnover_ratio": null,
            "account_receivable_turnover_ratio": null,
            "reinvestment_rate": null,
            "research_to_sale_ratio": null,
            "price_fair": 0,
            "eps_avg_yearly": 0,
            "eps_latest_yearly": 0,
            "eps_growth_yearly": 0
        },
        "20024": {
            "year_quarter": 20024,
            "year": 2002,
            "quarter": 4,
            "eps": null,
            "eps_growth_year": null,
            "eps_4q": null,
            "eps_4q_growth_year": null,
            "roe": null,
            "roe_4q": 0,
            "gross_profit": null,
            "gross_margin": null,
            "gross_margin_4q_avg": 0,
            "net_income": null,
            "revenue": null,
            "common_shares": null,
            "book_valuer_per_share": null,
            "book_valuer_per_share_4q_avg": 0,
            "equity": null,
            "current_ratio": null,
            "debt_ratio": null,
            "inventory_turnover_ratio": null,
            "account_receivable_turnover_ratio": null,
            "reinvestment_rate": null,
            "research_to_sale_ratio": null,
            "price_fair": 0,
            "eps_avg_yearly": 0,
            "eps_latest_yearly": 0,
            "eps_growth_yearly": 0
        },
        "20031": {
            "year_quarter": 20031,
            "year": 2003,
            "quarter": 1,
            "eps": null,
            "eps_growth_year": null,
            "eps_4q": null,
            "eps_4q_growth_year": null,
            "roe": null,
            "roe_4q": 0,
            "gross_profit": null,
            "gross_margin": null,
            "gross_margin_4q_avg": 0,
            "net_income": null,
            "revenue": null,
            "common_shares": null,
            "book_valuer_per_share": null,
            "book_valuer_per_share_4q_avg": 0,
            "equity": null,
            "current_ratio": null,
            "debt_ratio": null,
            "inventory_turnover_ratio": null,
            "account_receivable_turnover_ratio": null,
            "reinvestment_rate": null,
            "research_to_sale_ratio": null,
            "price_fair": 0,
            "eps_avg_yearly": 0,
            "eps_latest_yearly": 0,
            "eps_growth_yearly": 0
        },
        "20032": {
            "year_quarter": 20032,
            "year": 2003,
            "quarter": 2,
            "eps": null,
            "eps_growth_year": null,
            "eps_4q": null,
            "eps_4q_growth_year": null,
            "roe": null,
            "roe_4q": 0,
            "gross_profit": null,
            "gross_margin": null,
            "gross_margin_4q_avg": 0,
            "net_income": null,
            "revenue": null,
            "common_shares": null,
            "book_valuer_per_share": null,
            "book_valuer_per_share_4q_avg": 0,
            "equity": null,
            "current_ratio": null,
            "debt_ratio": null,
            "inventory_turnover_ratio": null,
            "account_receivable_turnover_ratio": null,
            "reinvestment_rate": null,
            "research_to_sale_ratio": null,
            "price_fair": 0,
            "eps_avg_yearly": 0,
            "eps_latest_yearly": 0,
            "eps_growth_yearly": 0
        },
        "20033": {
            "year_quarter": 20033,
            "year": 2003,
            "quarter": 3,
            "eps": null,
            "eps_growth_year": null,
            "eps_4q": null,
            "eps_4q_growth_year": null,
            "roe": null,
            "roe_4q": 0,
            "gross_profit": null,
            "gross_margin": null,
            "gross_margin_4q_avg": 0,
            "net_income": null,
            "revenue": null,
            "common_shares": null,
            "book_valuer_per_share": null,
            "book_valuer_per_share_4q_avg": 0,
            "equity": null,
            "current_ratio": null,
            "debt_ratio": null,
            "inventory_turnover_ratio": null,
            "account_receivable_turnover_ratio": null,
            "reinvestment_rate": null,
            "research_to_sale_ratio": null,
            "price_fair": 0,
            "eps_avg_yearly": 0,
            "eps_latest_yearly": 0,
            "eps_growth_yearly": 0
        },
        "20034": {
            "year_quarter": 20034,
            "year": 2003,
            "quarter": 4,
            "eps": null,
            "eps_growth_year": null,
            "eps_4q": null,
            "eps_4q_growth_year": null,
            "roe": null,
            "roe_4q": 0,
            "gross_profit": null,
            "gross_margin": null,
            "gross_margin_4q_avg": 0,
            "net_income": null,
            "revenue": null,
            "common_shares": null,
            "book_valuer_per_share": null,
            "book_valuer_per_share_4q_avg": 0,
            "equity": null,
            "current_ratio": null,
            "debt_ratio": null,
            "inventory_turnover_ratio": null,
            "account_receivable_turnover_ratio": null,
            "reinvestment_rate": null,
            "research_to_sale_ratio": null,
            "price_fair": 0,
            "eps_avg_yearly": 0,
            "eps_latest_yearly": 0,
            "eps_growth_yearly": 0
        },
        "20041": {
            "year_quarter": 20041,
            "year": 2004,
            "quarter": 1,
            "eps": null,
            "eps_growth_year": null,
            "eps_4q": null,
            "eps_4q_growth_year": null,
            "roe": null,
            "roe_4q": 0,
            "gross_profit": null,
            "gross_margin": null,
            "gross_margin_4q_avg": 0,
            "net_income": null,
            "revenue": null,
            "common_shares": null,
            "book_valuer_per_share": null,
            "book_valuer_per_share_4q_avg": 0,
            "equity": null,
            "current_ratio": null,
            "debt_ratio": null,
            "inventory_turnover_ratio": null,
            "account_receivable_turnover_ratio": null,
            "reinvestment_rate": null,
            "research_to_sale_ratio": null,
            "price_fair": 0,
            "eps_avg_yearly": 0,
            "eps_latest_yearly": 0,
            "eps_growth_yearly": 0
        },
        "20042": {
            "year_quarter": 20042,
            "year": 2004,
            "quarter": 2,
            "eps": null,
            "eps_growth_year": null,
            "eps_4q": null,
            "eps_4q_growth_year": null,
            "roe": null,
            "roe_4q": 0,
            "gross_profit": null,
            "gross_margin": null,
            "gross_margin_4q_avg": 0,
            "net_income": null,
            "revenue": null,
            "common_shares": null,
            "book_valuer_per_share": null,
            "book_valuer_per_share_4q_avg": 0,
            "equity": null,
            "current_ratio": null,
            "debt_ratio": null,
            "inventory_turnover_ratio": null,
            "account_receivable_turnover_ratio": null,
            "reinvestment_rate": null,
            "research_to_sale_ratio": null,
            "price_fair": 0,
            "eps_avg_yearly": 0,
            "eps_latest_yearly": 0,
            "eps_growth_yearly": 0
        },
        "20043": {
            "year_quarter": 20043,
            "year": 2004,
            "quarter": 3,
            "eps": null,
            "eps_growth_year": null,
            "eps_4q": null,
            "eps_4q_growth_year": null,
            "roe": null,
            "roe_4q": 0,
            "gross_profit": null,
            "gross_margin": null,
            "gross_margin_4q_avg": 0,
            "net_income": null,
            "revenue": null,
            "common_shares": null,
            "book_valuer_per_share": null,
            "book_valuer_per_share_4q_avg": 0,
            "equity": null,
            "current_ratio": null,
            "debt_ratio": null,
            "inventory_turnover_ratio": null,
            "account_receivable_turnover_ratio": null,
            "reinvestment_rate": null,
            "research_to_sale_ratio": null,
            "price_fair": 0,
            "eps_avg_yearly": 0,
            "eps_latest_yearly": 0,
            "eps_growth_yearly": 0
        },
        "20044": {
            "year_quarter": 20044,
            "year": 2004,
            "quarter": 4,
            "eps": null,
            "eps_growth_year": null,
            "eps_4q": null,
            "eps_4q_growth_year": null,
            "roe": null,
            "roe_4q": 0,
            "gross_profit": null,
            "gross_margin": null,
            "gross_margin_4q_avg": 0,
            "net_income": null,
            "revenue": null,
            "common_shares": null,
            "book_valuer_per_share": null,
            "book_valuer_per_share_4q_avg": 0,
            "equity": null,
            "current_ratio": null,
            "debt_ratio": null,
            "inventory_turnover_ratio": null,
            "account_receivable_turnover_ratio": null,
            "reinvestment_rate": null,
            "research_to_sale_ratio": null,
            "price_fair": 0,
            "eps_avg_yearly": 0,
            "eps_latest_yearly": 0,
            "eps_growth_yearly": 0
        },
        "20051": {
            "year_quarter": 20051,
            "year": 2005,
            "quarter": 1,
            "eps": null,
            "eps_growth_year": null,
            "eps_4q": null,
            "eps_4q_growth_year": null,
            "roe": null,
            "roe_4q": 0,
            "gross_profit": null,
            "gross_margin": null,
            "gross_margin_4q_avg": 0,
            "net_income": null,
            "revenue": null,
            "common_shares": null,
            "book_valuer_per_share": null,
            "book_valuer_per_share_4q_avg": 0,
            "equity": null,
            "current_ratio": null,
            "debt_ratio": null,
            "inventory_turnover_ratio": null,
            "account_receivable_turnover_ratio": null,
            "reinvestment_rate": null,
            "research_to_sale_ratio": null,
            "price_fair": 0,
            "eps_avg_yearly": 0,
            "eps_latest_yearly": 0,
            "eps_growth_yearly": 0
        },
        "20052": {
            "year_quarter": 20052,
            "year": 2005,
            "quarter": 2,
            "eps": null,
            "eps_growth_year": null,
            "eps_4q": null,
            "eps_4q_growth_year": null,
            "roe": null,
            "roe_4q": 0,
            "gross_profit": null,
            "gross_margin": null,
            "gross_margin_4q_avg": 0,
            "net_income": null,
            "revenue": null,
            "common_shares": null,
            "book_valuer_per_share": null,
            "book_valuer_per_share_4q_avg": 0,
            "equity": null,
            "current_ratio": null,
            "debt_ratio": null,
            "inventory_turnover_ratio": null,
            "account_receivable_turnover_ratio": null,
            "reinvestment_rate": null,
            "research_to_sale_ratio": null,
            "price_fair": 0,
            "eps_avg_yearly": 0,
            "eps_latest_yearly": 0,
            "eps_growth_yearly": 0
        },
        "20053": {
            "year_quarter": 20053,
            "year": 2005,
            "quarter": 3,
            "eps": null,
            "eps_growth_year": null,
            "eps_4q": null,
            "eps_4q_growth_year": null,
            "roe": null,
            "roe_4q": 0,
            "gross_profit": null,
            "gross_margin": null,
            "gross_margin_4q_avg": 0,
            "net_income": null,
            "revenue": null,
            "common_shares": null,
            "book_valuer_per_share": null,
            "book_valuer_per_share_4q_avg": 0,
            "equity": null,
            "current_ratio": null,
            "debt_ratio": null,
            "inventory_turnover_ratio": null,
            "account_receivable_turnover_ratio": null,
            "reinvestment_rate": null,
            "research_to_sale_ratio": null,
            "price_fair": 0,
            "eps_avg_yearly": 0,
            "eps_latest_yearly": 0,
            "eps_growth_yearly": 0
        },
        "20054": {
            "year_quarter": 20054,
            "year": 2005,
            "quarter": 4,
            "eps": null,
            "eps_growth_year": null,
            "eps_4q": null,
            "eps_4q_growth_year": null,
            "roe": null,
            "roe_4q": 0,
            "gross_profit": null,
            "gross_margin": null,
            "gross_margin_4q_avg": 0,
            "net_income": null,
            "revenue": null,
            "common_shares": null,
            "book_valuer_per_share": null,
            "book_valuer_per_share_4q_avg": 0,
            "equity": null,
            "current_ratio": null,
            "debt_ratio": null,
            "inventory_turnover_ratio": null,
            "account_receivable_turnover_ratio": null,
            "reinvestment_rate": null,
            "research_to_sale_ratio": null,
            "price_fair": 0,
            "eps_avg_yearly": 0,
            "eps_latest_yearly": 0,
            "eps_growth_yearly": 0
        },
        "20061": {
            "year_quarter": 20061,
            "year": 2006,
            "quarter": 1,
            "eps": null,
            "eps_growth_year": null,
            "eps_4q": null,
            "eps_4q_growth_year": null,
            "roe": null,
            "roe_4q": 0,
            "gross_profit": null,
            "gross_margin": null,
            "gross_margin_4q_avg": 0,
            "net_income": null,
            "revenue": null,
            "common_shares": null,
            "book_valuer_per_share": null,
            "book_valuer_per_share_4q_avg": 0,
            "equity": null,
            "current_ratio": null,
            "debt_ratio": null,
            "inventory_turnover_ratio": null,
            "account_receivable_turnover_ratio": null,
            "reinvestment_rate": null,
            "research_to_sale_ratio": null,
            "price_fair": 0,
            "eps_avg_yearly": 0,
            "eps_latest_yearly": 0,
            "eps_growth_yearly": 0
        },
        "20062": {
            "year_quarter": 20062,
            "year": 2006,
            "quarter": 2,
            "eps": null,
            "eps_growth_year": null,
            "eps_4q": null,
            "eps_4q_growth_year": null,
            "roe": null,
            "roe_4q": 0,
            "gross_profit": null,
            "gross_margin": null,
            "gross_margin_4q_avg": 0,
            "net_income": null,
            "revenue": null,
            "common_shares": null,
            "book_valuer_per_share": null,
            "book_valuer_per_share_4q_avg": 0,
            "equity": null,
            "current_ratio": null,
            "debt_ratio": null,
            "inventory_turnover_ratio": null,
            "account_receivable_turnover_ratio": null,
            "reinvestment_rate": null,
            "research_to_sale_ratio": null,
            "price_fair": 0,
            "eps_avg_yearly": 0,
            "eps_latest_yearly": 0,
            "eps_growth_yearly": 0
        },
        "20063": {
            "year_quarter": 20063,
            "year": 2006,
            "quarter": 3,
            "eps": null,
            "eps_growth_year": null,
            "eps_4q": null,
            "eps_4q_growth_year": null,
            "roe": null,
            "roe_4q": 0,
            "gross_profit": null,
            "gross_margin": null,
            "gross_margin_4q_avg": 0,
            "net_income": null,
            "revenue": null,
            "common_shares": null,
            "book_valuer_per_share": null,
            "book_valuer_per_share_4q_avg": 0,
            "equity": null,
            "current_ratio": null,
            "debt_ratio": null,
            "inventory_turnover_ratio": null,
            "account_receivable_turnover_ratio": null,
            "reinvestment_rate": null,
            "research_to_sale_ratio": null,
            "price_fair": 0,
            "eps_avg_yearly": 0,
            "eps_latest_yearly": 0,
            "eps_growth_yearly": 0
        },
        "20064": {
            "year_quarter": 20064,
            "year": 2006,
            "quarter": 4,
            "eps": null,
            "eps_growth_year": null,
            "eps_4q": null,
            "eps_4q_growth_year": null,
            "roe": null,
            "roe_4q": 0,
            "gross_profit": null,
            "gross_margin": null,
            "gross_margin_4q_avg": 0,
            "net_income": null,
            "revenue": null,
            "common_shares": null,
            "book_valuer_per_share": null,
            "book_valuer_per_share_4q_avg": 0,
            "equity": null,
            "current_ratio": null,
            "debt_ratio": null,
            "inventory_turnover_ratio": null,
            "account_receivable_turnover_ratio": null,
            "reinvestment_rate": null,
            "research_to_sale_ratio": null,
            "price_fair": 0,
            "eps_avg_yearly": 0,
            "eps_latest_yearly": 0,
            "eps_growth_yearly": 0
        },
        "20071": {
            "year_quarter": 20071,
            "year": 2007,
            "quarter": 1,
            "eps": null,
            "eps_growth_year": null,
            "eps_4q": null,
            "eps_4q_growth_year": null,
            "roe": null,
            "roe_4q": 0,
            "gross_profit": null,
            "gross_margin": null,
            "gross_margin_4q_avg": 0,
            "net_income": null,
            "revenue": null,
            "common_shares": null,
            "book_valuer_per_share": null,
            "book_valuer_per_share_4q_avg": 0,
            "equity": null,
            "current_ratio": null,
            "debt_ratio": null,
            "inventory_turnover_ratio": null,
            "account_receivable_turnover_ratio": null,
            "reinvestment_rate": null,
            "research_to_sale_ratio": null,
            "price_fair": 0,
            "eps_avg_yearly": 0,
            "eps_latest_yearly": 0,
            "eps_growth_yearly": 0
        },
        "20072": {
            "year_quarter": 20072,
            "year": 2007,
            "quarter": 2,
            "eps": null,
            "eps_growth_year": null,
            "eps_4q": null,
            "eps_4q_growth_year": null,
            "roe": null,
            "roe_4q": 0,
            "gross_profit": null,
            "gross_margin": null,
            "gross_margin_4q_avg": 0,
            "net_income": null,
            "revenue": null,
            "common_shares": null,
            "book_valuer_per_share": null,
            "book_valuer_per_share_4q_avg": 0,
            "equity": null,
            "current_ratio": null,
            "debt_ratio": null,
            "inventory_turnover_ratio": null,
            "account_receivable_turnover_ratio": null,
            "reinvestment_rate": null,
            "research_to_sale_ratio": null,
            "price_fair": 0,
            "eps_avg_yearly": 0,
            "eps_latest_yearly": 0,
            "eps_growth_yearly": 0
        },
        "20073": {
            "year_quarter": 20073,
            "year": 2007,
            "quarter": 3,
            "eps": null,
            "eps_growth_year": null,
            "eps_4q": null,
            "eps_4q_growth_year": null,
            "roe": null,
            "roe_4q": 0,
            "gross_profit": null,
            "gross_margin": null,
            "gross_margin_4q_avg": 0,
            "net_income": null,
            "revenue": null,
            "common_shares": null,
            "book_valuer_per_share": null,
            "book_valuer_per_share_4q_avg": 0,
            "equity": null,
            "current_ratio": null,
            "debt_ratio": null,
            "inventory_turnover_ratio": null,
            "account_receivable_turnover_ratio": null,
            "reinvestment_rate": null,
            "research_to_sale_ratio": null,
            "price_fair": 0,
            "eps_avg_yearly": 0,
            "eps_latest_yearly": 0,
            "eps_growth_yearly": 0
        },
        "20074": {
            "year_quarter": 20074,
            "year": 2007,
            "quarter": 4,
            "eps": null,
            "eps_growth_year": null,
            "eps_4q": null,
            "eps_4q_growth_year": null,
            "roe": null,
            "roe_4q": 0,
            "gross_profit": null,
            "gross_margin": null,
            "gross_margin_4q_avg": 0,
            "net_income": null,
            "revenue": null,
            "common_shares": 100000,
            "book_valuer_per_share": 14.21,
            "book_valuer_per_share_4q_avg": 3.55,
            "equity": 142077,
            "current_ratio": 88.27,
            "debt_ratio": 68.82,
            "inventory_turnover_ratio": null,
            "account_receivable_turnover_ratio": null,
            "reinvestment_rate": null,
            "research_to_sale_ratio": null,
            "price_fair": 0,
            "eps_avg_yearly": 0,
            "eps_latest_yearly": 0,
            "eps_growth_yearly": 0
        },
        "20081": {
            "year_quarter": 20081,
            "year": 2008,
            "quarter": 1,
            "eps": null,
            "eps_growth_year": null,
            "eps_4q": null,
            "eps_4q_growth_year": null,
            "roe": null,
            "roe_4q": 0,
            "gross_profit": null,
            "gross_margin": null,
            "gross_margin_4q_avg": 0,
            "net_income": null,
            "revenue": null,
            "common_shares": null,
            "book_valuer_per_share": null,
            "book_valuer_per_share_4q_avg": 3.55,
            "equity": null,
            "current_ratio": null,
            "debt_ratio": null,
            "inventory_turnover_ratio": null,
            "account_receivable_turnover_ratio": null,
            "reinvestment_rate": null,
            "research_to_sale_ratio": null,
            "price_fair": 0,
            "eps_avg_yearly": 0,
            "eps_latest_yearly": 0,
            "eps_growth_yearly": 0
        },
        "20082": {
            "year_quarter": 20082,
            "year": 2008,
            "quarter": 2,
            "eps": null,
            "eps_growth_year": null,
            "eps_4q": null,
            "eps_4q_growth_year": null,
            "roe": null,
            "roe_4q": 0,
            "gross_profit": null,
            "gross_margin": null,
            "gross_margin_4q_avg": 0,
            "net_income": null,
            "revenue": null,
            "common_shares": null,
            "book_valuer_per_share": null,
            "book_valuer_per_share_4q_avg": 3.55,
            "equity": null,
            "current_ratio": null,
            "debt_ratio": null,
            "inventory_turnover_ratio": null,
            "account_receivable_turnover_ratio": null,
            "reinvestment_rate": null,
            "research_to_sale_ratio": null,
            "price_fair": 0,
            "eps_avg_yearly": 0,
            "eps_latest_yearly": 0,
            "eps_growth_yearly": 0
        },
        "20083": {
            "year_quarter": 20083,
            "year": 2008,
            "quarter": 3,
            "eps": null,
            "eps_growth_year": null,
            "eps_4q": null,
            "eps_4q_growth_year": null,
            "roe": null,
            "roe_4q": 0,
            "gross_profit": null,
            "gross_margin": null,
            "gross_margin_4q_avg": 0,
            "net_income": null,
            "revenue": null,
            "common_shares": null,
            "book_valuer_per_share": null,
            "book_valuer_per_share_4q_avg": 3.55,
            "equity": null,
            "current_ratio": null,
            "debt_ratio": null,
            "inventory_turnover_ratio": null,
            "account_receivable_turnover_ratio": null,
            "reinvestment_rate": null,
            "research_to_sale_ratio": null,
            "price_fair": 0,
            "eps_avg_yearly": 0,
            "eps_latest_yearly": 0,
            "eps_growth_yearly": 0
        },
        "20084": {
            "year_quarter": 20084,
            "year": 2008,
            "quarter": 4,
            "eps": null,
            "eps_growth_year": null,
            "eps_4q": null,
            "eps_4q_growth_year": null,
            "roe": null,
            "roe_4q": 0,
            "gross_profit": null,
            "gross_margin": null,
            "gross_margin_4q_avg": 0,
            "net_income": null,
            "revenue": null,
            "common_shares": 150000,
            "book_valuer_per_share": 11.92,
            "book_valuer_per_share_4q_avg": 2.98,
            "equity": 178751,
            "current_ratio": 104.61,
            "debt_ratio": 64.38,
            "inventory_turnover_ratio": null,
            "account_receivable_turnover_ratio": null,
            "reinvestment_rate": null,
            "research_to_sale_ratio": null,
            "price_fair": 0,
            "eps_avg_yearly": 0,
            "eps_latest_yearly": 0,
            "eps_growth_yearly": 0
        },
        "20091": {
            "year_quarter": 20091,
            "year": 2009,
            "quarter": 1,
            "eps": null,
            "eps_growth_year": null,
            "eps_4q": null,
            "eps_4q_growth_year": null,
            "roe": null,
            "roe_4q": 0,
            "gross_profit": null,
            "gross_margin": null,
            "gross_margin_4q_avg": 0,
            "net_income": null,
            "revenue": null,
            "common_shares": null,
            "book_valuer_per_share": null,
            "book_valuer_per_share_4q_avg": 2.98,
            "equity": null,
            "current_ratio": null,
            "debt_ratio": null,
            "inventory_turnover_ratio": null,
            "account_receivable_turnover_ratio": null,
            "reinvestment_rate": null,
            "research_to_sale_ratio": null,
            "price_fair": 0,
            "eps_avg_yearly": 0,
            "eps_latest_yearly": 0,
            "eps_growth_yearly": 0
        },
        "20092": {
            "year_quarter": 20092,
            "year": 2009,
            "quarter": 2,
            "eps": null,
            "eps_growth_year": null,
            "eps_4q": null,
            "eps_4q_growth_year": null,
            "roe": null,
            "roe_4q": 0,
            "gross_profit": null,
            "gross_margin": null,
            "gross_margin_4q_avg": 0,
            "net_income": null,
            "revenue": null,
            "common_shares": null,
            "book_valuer_per_share": null,
            "book_valuer_per_share_4q_avg": 2.98,
            "equity": null,
            "current_ratio": null,
            "debt_ratio": null,
            "inventory_turnover_ratio": null,
            "account_receivable_turnover_ratio": null,
            "reinvestment_rate": null,
            "research_to_sale_ratio": null,
            "price_fair": 0,
            "eps_avg_yearly": 0,
            "eps_latest_yearly": 0,
            "eps_growth_yearly": 0
        },
        "20093": {
            "year_quarter": 20093,
            "year": 2009,
            "quarter": 3,
            "eps": null,
            "eps_growth_year": null,
            "eps_4q": null,
            "eps_4q_growth_year": null,
            "roe": null,
            "roe_4q": 0,
            "gross_profit": null,
            "gross_margin": null,
            "gross_margin_4q_avg": 0,
            "net_income": null,
            "revenue": null,
            "common_shares": null,
            "book_valuer_per_share": null,
            "book_valuer_per_share_4q_avg": 2.98,
            "equity": null,
            "current_ratio": null,
            "debt_ratio": null,
            "inventory_turnover_ratio": null,
            "account_receivable_turnover_ratio": null,
            "reinvestment_rate": null,
            "research_to_sale_ratio": null,
            "price_fair": 0,
            "eps_avg_yearly": 0,
            "eps_latest_yearly": 0,
            "eps_growth_yearly": 0
        },
        "20094": {
            "year_quarter": 20094,
            "year": 2009,
            "quarter": 4,
            "eps": null,
            "eps_growth_year": null,
            "eps_4q": null,
            "eps_4q_growth_year": null,
            "roe": null,
            "roe_4q": 0,
            "gross_profit": null,
            "gross_margin": null,
            "gross_margin_4q_avg": 0,
            "net_income": null,
            "revenue": null,
            "common_shares": 157016,
            "book_valuer_per_share": 11.47,
            "book_valuer_per_share_4q_avg": 2.87,
            "equity": 180100,
            "current_ratio": 95.08,
            "debt_ratio": 78.9,
            "inventory_turnover_ratio": null,
            "account_receivable_turnover_ratio": null,
            "reinvestment_rate": null,
            "research_to_sale_ratio": null,
            "price_fair": 0,
            "eps_avg_yearly": 0,
            "eps_latest_yearly": 0,
            "eps_growth_yearly": 0
        },
        "20101": {
            "year_quarter": 20101,
            "year": 2010,
            "quarter": 1,
            "eps": null,
            "eps_growth_year": null,
            "eps_4q": null,
            "eps_4q_growth_year": null,
            "roe": null,
            "roe_4q": 0,
            "gross_profit": null,
            "gross_margin": null,
            "gross_margin_4q_avg": 0,
            "net_income": null,
            "revenue": null,
            "common_shares": null,
            "book_valuer_per_share": null,
            "book_valuer_per_share_4q_avg": 2.87,
            "equity": null,
            "current_ratio": null,
            "debt_ratio": null,
            "inventory_turnover_ratio": null,
            "account_receivable_turnover_ratio": null,
            "reinvestment_rate": null,
            "research_to_sale_ratio": null,
            "price_fair": 0,
            "eps_avg_yearly": 0,
            "eps_latest_yearly": 0,
            "eps_growth_yearly": 0
        },
        "20102": {
            "year_quarter": 20102,
            "year": 2010,
            "quarter": 2,
            "eps": null,
            "eps_growth_year": null,
            "eps_4q": null,
            "eps_4q_growth_year": null,
            "roe": null,
            "roe_4q": 0,
            "gross_profit": null,
            "gross_margin": null,
            "gross_margin_4q_avg": 0,
            "net_income": null,
            "revenue": null,
            "common_shares": null,
            "book_valuer_per_share": null,
            "book_valuer_per_share_4q_avg": 2.87,
            "equity": null,
            "current_ratio": null,
            "debt_ratio": null,
            "inventory_turnover_ratio": null,
            "account_receivable_turnover_ratio": null,
            "reinvestment_rate": null,
            "research_to_sale_ratio": null,
            "price_fair": 0,
            "eps_avg_yearly": 0,
            "eps_latest_yearly": 0,
            "eps_growth_yearly": 0
        },
        "20103": {
            "year_quarter": 20103,
            "year": 2010,
            "quarter": 3,
            "eps": null,
            "eps_growth_year": null,
            "eps_4q": null,
            "eps_4q_growth_year": null,
            "roe": null,
            "roe_4q": 0,
            "gross_profit": null,
            "gross_margin": null,
            "gross_margin_4q_avg": 0,
            "net_income": null,
            "revenue": null,
            "common_shares": null,
            "book_valuer_per_share": null,
            "book_valuer_per_share_4q_avg": 2.87,
            "equity": null,
            "current_ratio": null,
            "debt_ratio": null,
            "inventory_turnover_ratio": null,
            "account_receivable_turnover_ratio": null,
            "reinvestment_rate": null,
            "research_to_sale_ratio": null,
            "price_fair": 0,
            "eps_avg_yearly": 0,
            "eps_latest_yearly": 0,
            "eps_growth_yearly": 0
        },
        "20104": {
            "year_quarter": 20104,
            "year": 2010,
            "quarter": 4,
            "eps": null,
            "eps_growth_year": null,
            "eps_4q": null,
            "eps_4q_growth_year": null,
            "roe": null,
            "roe_4q": 0,
            "gross_profit": null,
            "gross_margin": null,
            "gross_margin_4q_avg": 0,
            "net_income": null,
            "revenue": null,
            "common_shares": 195000,
            "book_valuer_per_share": 12.45,
            "book_valuer_per_share_4q_avg": 3.11,
            "equity": 242693,
            "current_ratio": 113.6,
            "debt_ratio": 74.77,
            "inventory_turnover_ratio": null,
            "account_receivable_turnover_ratio": null,
            "reinvestment_rate": null,
            "research_to_sale_ratio": null,
            "price_fair": 0,
            "eps_avg_yearly": 0,
            "eps_latest_yearly": 0,
            "eps_growth_yearly": 0
        },
        "20111": {
            "year_quarter": 20111,
            "year": 2011,
            "quarter": 1,
            "eps": null,
            "eps_growth_year": null,
            "eps_4q": null,
            "eps_4q_growth_year": null,
            "roe": null,
            "roe_4q": 0,
            "gross_profit": null,
            "gross_margin": null,
            "gross_margin_4q_avg": 0,
            "net_income": null,
            "revenue": null,
            "common_shares": null,
            "book_valuer_per_share": null,
            "book_valuer_per_share_4q_avg": 3.11,
            "equity": null,
            "current_ratio": null,
            "debt_ratio": null,
            "inventory_turnover_ratio": null,
            "account_receivable_turnover_ratio": null,
            "reinvestment_rate": null,
            "research_to_sale_ratio": null,
            "price_fair": 0,
            "eps_avg_yearly": 0,
            "eps_latest_yearly": 0,
            "eps_growth_yearly": 0
        },
        "20112": {
            "year_quarter": 20112,
            "year": 2011,
            "quarter": 2,
            "eps": null,
            "eps_growth_year": null,
            "eps_4q": null,
            "eps_4q_growth_year": null,
            "roe": null,
            "roe_4q": 0,
            "gross_profit": null,
            "gross_margin": null,
            "gross_margin_4q_avg": 0,
            "net_income": null,
            "revenue": null,
            "common_shares": 195000,
            "book_valuer_per_share": null,
            "book_valuer_per_share_4q_avg": 3.11,
            "equity": 256905,
            "current_ratio": null,
            "debt_ratio": null,
            "inventory_turnover_ratio": null,
            "account_receivable_turnover_ratio": null,
            "reinvestment_rate": null,
            "research_to_sale_ratio": null,
            "price_fair": 0,
            "eps_avg_yearly": 0,
            "eps_latest_yearly": 0,
            "eps_growth_yearly": 0
        },
        "20113": {
            "year_quarter": 20113,
            "year": 2011,
            "quarter": 3,
            "eps": null,
            "eps_growth_year": null,
            "eps_4q": null,
            "eps_4q_growth_year": null,
            "roe": null,
            "roe_4q": 0,
            "gross_profit": null,
            "gross_margin": null,
            "gross_margin_4q_avg": 0,
            "net_income": null,
            "revenue": null,
            "common_shares": null,
            "book_valuer_per_share": null,
            "book_valuer_per_share_4q_avg": 3.11,
            "equity": null,
            "current_ratio": null,
            "debt_ratio": null,
            "inventory_turnover_ratio": null,
            "account_receivable_turnover_ratio": null,
            "reinvestment_rate": null,
            "research_to_sale_ratio": null,
            "price_fair": 0,
            "eps_avg_yearly": 0,
            "eps_latest_yearly": 0,
            "eps_growth_yearly": 0
        },
        "20114": {
            "year_quarter": 20114,
            "year": 2011,
            "quarter": 4,
            "eps": null,
            "eps_growth_year": null,
            "eps_4q": null,
            "eps_4q_growth_year": null,
            "roe": null,
            "roe_4q": 0,
            "gross_profit": null,
            "gross_margin": null,
            "gross_margin_4q_avg": 0,
            "net_income": null,
            "revenue": null,
            "common_shares": 206700,
            "book_valuer_per_share": 13,
            "book_valuer_per_share_4q_avg": 3.25,
            "equity": 268737,
            "current_ratio": 111.24,
            "debt_ratio": 77.38,
            "inventory_turnover_ratio": null,
            "account_receivable_turnover_ratio": null,
            "reinvestment_rate": null,
            "research_to_sale_ratio": null,
            "price_fair": 0,
            "eps_avg_yearly": 0,
            "eps_latest_yearly": 0,
            "eps_growth_yearly": 0
        },
        "20121": {
            "year_quarter": 20121,
            "year": 2012,
            "quarter": 1,
            "eps": null,
            "eps_growth_year": null,
            "eps_4q": null,
            "eps_4q_growth_year": null,
            "roe": null,
            "roe_4q": 0,
            "gross_profit": null,
            "gross_margin": null,
            "gross_margin_4q_avg": 0,
            "net_income": null,
            "revenue": null,
            "common_shares": null,
            "book_valuer_per_share": null,
            "book_valuer_per_share_4q_avg": 3.25,
            "equity": null,
            "current_ratio": null,
            "debt_ratio": null,
            "inventory_turnover_ratio": null,
            "account_receivable_turnover_ratio": null,
            "reinvestment_rate": null,
            "research_to_sale_ratio": null,
            "price_fair": 0,
            "eps_avg_yearly": 0,
            "eps_latest_yearly": 0,
            "eps_growth_yearly": 0
        },
        "20122": {
            "year_quarter": 20122,
            "year": 2012,
            "quarter": 2,
            "eps": null,
            "eps_growth_year": null,
            "eps_4q": null,
            "eps_4q_growth_year": null,
            "roe": null,
            "roe_4q": 0,
            "gross_profit": null,
            "gross_margin": null,
            "gross_margin_4q_avg": 0,
            "net_income": null,
            "revenue": null,
            "common_shares": 206700,
            "book_valuer_per_share": 13.03,
            "book_valuer_per_share_4q_avg": 6.51,
            "equity": 274049,
            "current_ratio": 102.74,
            "debt_ratio": 78.04,
            "inventory_turnover_ratio": null,
            "account_receivable_turnover_ratio": null,
            "reinvestment_rate": null,
            "research_to_sale_ratio": null,
            "price_fair": 0,
            "eps_avg_yearly": 0,
            "eps_latest_yearly": 0,
            "eps_growth_yearly": 0
        },
        "20123": {
            "year_quarter": 20123,
            "year": 2012,
            "quarter": 3,
            "eps": null,
            "eps_growth_year": null,
            "eps_4q": null,
            "eps_4q_growth_year": null,
            "roe": null,
            "roe_4q": 0,
            "gross_profit": 235740,
            "gross_margin": null,
            "gross_margin_4q_avg": 0,
            "net_income": 10834,
            "revenue": 792126,
            "common_shares": 222700,
            "book_valuer_per_share": null,
            "book_valuer_per_share_4q_avg": 6.51,
            "equity": 284878,
            "current_ratio": null,
            "debt_ratio": null,
            "inventory_turnover_ratio": null,
            "account_receivable_turnover_ratio": null,
            "reinvestment_rate": null,
            "research_to_sale_ratio": null,
            "price_fair": 0,
            "eps_avg_yearly": 0,
            "eps_latest_yearly": 0,
            "eps_growth_yearly": 0
        },
        "20124": {
            "year_quarter": 20124,
            "year": 2012,
            "quarter": 4,
            "eps": null,
            "eps_growth_year": null,
            "eps_4q": null,
            "eps_4q_growth_year": null,
            "roe": null,
            "roe_4q": 0,
            "gross_profit": 257134,
            "gross_margin": null,
            "gross_margin_4q_avg": 0,
            "net_income": 14371,
            "revenue": 904619,
            "common_shares": 222700,
            "book_valuer_per_share": 13.25,
            "book_valuer_per_share_4q_avg": 6.57,
            "equity": 298498,
            "current_ratio": 103.3,
            "debt_ratio": 80.33,
            "inventory_turnover_ratio": null,
            "account_receivable_turnover_ratio": null,
            "reinvestment_rate": null,
            "research_to_sale_ratio": null,
            "price_fair": 0,
            "eps_avg_yearly": 0,
            "eps_latest_yearly": 0,
            "eps_growth_yearly": 0
        },
        "20131": {
            "year_quarter": 20131,
            "year": 2013,
            "quarter": 1,
            "eps": null,
            "eps_growth_year": null,
            "eps_4q": null,
            "eps_4q_growth_year": null,
            "roe": null,
            "roe_4q": 0,
            "gross_profit": 260250,
            "gross_margin": null,
            "gross_margin_4q_avg": 0,
            "net_income": 28875,
            "revenue": 806890,
            "common_shares": 222700,
            "book_valuer_per_share": 14.67,
            "book_valuer_per_share_4q_avg": 10.24,
            "equity": 329560,
            "current_ratio": 105.69,
            "debt_ratio": 77.17,
            "inventory_turnover_ratio": null,
            "account_receivable_turnover_ratio": null,
            "reinvestment_rate": null,
            "research_to_sale_ratio": null,
            "price_fair": 0,
            "eps_avg_yearly": 0,
            "eps_latest_yearly": 0,
            "eps_growth_yearly": 0
        },
        "20132": {
            "year_quarter": 20132,
            "year": 2013,
            "quarter": 2,
            "eps": 1.07,
            "eps_growth_year": null,
            "eps_4q": 1.07,
            "eps_4q_growth_year": null,
            "roe": 7.1,
            "roe_4q": 7.1,
            "gross_profit": 261267,
            "gross_margin": 30.42,
            "gross_margin_4q_avg": 7.61,
            "net_income": 23475,
            "revenue": 858877,
            "common_shares": 222700,
            "book_valuer_per_share": 14.78,
            "book_valuer_per_share_4q_avg": 10.68,
            "equity": 331483,
            "current_ratio": 102.74,
            "debt_ratio": 78.68,
            "inventory_turnover_ratio": 1.51,
            "account_receivable_turnover_ratio": 51.44,
            "reinvestment_rate": null,
            "research_to_sale_ratio": null,
            "price_fair": 0,
            "eps_avg_yearly": 0,
            "eps_latest_yearly": 0,
            "eps_growth_yearly": 0
        },
        "20133": {
            "year_quarter": 20133,
            "year": 2013,
            "quarter": 3,
            "eps": 1.23,
            "eps_growth_year": null,
            "eps_4q": 2.3,
            "eps_4q_growth_year": null,
            "roe": 7.83,
            "roe_4q": 14.93,
            "gross_profit": 260197,
            "gross_margin": 31.5,
            "gross_margin_4q_avg": 15.48,
            "net_income": 26998,
            "revenue": 826152,
            "common_shares": 222700,
            "book_valuer_per_share": 16,
            "book_valuer_per_share_4q_avg": 14.68,
            "equity": 358328,
            "current_ratio": 108.92,
            "debt_ratio": 71.14,
            "inventory_turnover_ratio": 1.46,
            "account_receivable_turnover_ratio": 24.2,
            "reinvestment_rate": null,
            "research_to_sale_ratio": null,
            "price_fair": 172.2,
            "eps_avg_yearly": 4.92,
            "eps_latest_yearly": 4.92,
            "eps_growth_yearly": 59.81
        },
        "20134": {
            "year_quarter": 20134,
            "year": 2013,
            "quarter": 4,
            "eps": 1.09,
            "eps_growth_year": null,
            "eps_4q": 3.39,
            "eps_4q_growth_year": null,
            "roe": 6.45,
            "roe_4q": 21.380000000000003,
            "gross_profit": 268587,
            "gross_margin": 30.71,
            "gross_margin_4q_avg": 23.16,
            "net_income": 23960,
            "revenue": 874573,
            "common_shares": 222700,
            "book_valuer_per_share": 17.1,
            "book_valuer_per_share_4q_avg": 15.64,
            "equity": 385002,
            "current_ratio": 115.01,
            "debt_ratio": 72.14,
            "inventory_turnover_ratio": 1.59,
            "account_receivable_turnover_ratio": 25.71,
            "reinvestment_rate": null,
            "research_to_sale_ratio": null,
            "price_fair": 79.54,
            "eps_avg_yearly": 4.64,
            "eps_latest_yearly": 4.36,
            "eps_growth_yearly": 7.14
        },
        "20141": {
            "year_quarter": 20141,
            "year": 2014,
            "quarter": 1,
            "eps": 1.17,
            "eps_growth_year": null,
            "eps_4q": 4.56,
            "eps_4q_growth_year": null,
            "roe": 6.44,
            "roe_4q": 27.82,
            "gross_profit": 265985,
            "gross_margin": 32.26,
            "gross_margin_4q_avg": 31.22,
            "net_income": 25615,
            "revenue": 824564,
            "common_shares": 222700,
            "book_valuer_per_share": 18.27,
            "book_valuer_per_share_4q_avg": 16.54,
            "equity": 410742,
            "current_ratio": 119.23,
            "debt_ratio": 69.99,
            "inventory_turnover_ratio": 1.43,
            "account_receivable_turnover_ratio": 23.47,
            "reinvestment_rate": null,
            "research_to_sale_ratio": null,
            "price_fair": 114.23,
            "eps_avg_yearly": 4.65,
            "eps_latest_yearly": 4.68,
            "eps_growth_yearly": 14.55
        },
        "20142": {
            "year_quarter": 20142,
            "year": 2014,
            "quarter": 2,
            "eps": 0.76,
            "eps_growth_year": -29.3,
            "eps_4q": 3.82,
            "eps_4q_growth_year": 255.08,
            "roe": 3.7,
            "roe_4q": 24.42,
            "gross_profit": 269990,
            "gross_margin": 30.06,
            "gross_margin_4q_avg": 31.13,
            "net_income": 18232,
            "revenue": 898245,
            "common_shares": 252400,
            "book_valuer_per_share": 22.63,
            "book_valuer_per_share_4q_avg": 18.5,
            "equity": 574508,
            "current_ratio": 133.3,
            "debt_ratio": 67.31,
            "inventory_turnover_ratio": 1.48,
            "account_receivable_turnover_ratio": 22.37,
            "reinvestment_rate": null,
            "research_to_sale_ratio": null,
            "price_fair": 12.75,
            "eps_avg_yearly": 4.25,
            "eps_latest_yearly": 3.04,
            "eps_growth_yearly": -24.13
        },
        "20143": {
            "year_quarter": 20143,
            "year": 2014,
            "quarter": 3,
            "eps": 0.91,
            "eps_growth_year": -26.02,
            "eps_4q": 3.64,
            "eps_4q_growth_year": 58.04,
            "roe": 3.88,
            "roe_4q": 20.47,
            "gross_profit": 282684,
            "gross_margin": 30.71,
            "gross_margin_4q_avg": 30.94,
            "net_income": 22790,
            "revenue": 920568,
            "common_shares": 252400,
            "book_valuer_per_share": 23.57,
            "book_valuer_per_share_4q_avg": 20.39,
            "equity": 600723,
            "current_ratio": 148.76,
            "debt_ratio": 62.02,
            "inventory_turnover_ratio": 1.37,
            "account_receivable_turnover_ratio": 21.73,
            "reinvestment_rate": null,
            "research_to_sale_ratio": null,
            "price_fair": 12.38,
            "eps_avg_yearly": 4.13,
            "eps_latest_yearly": 3.64,
            "eps_growth_yearly": -3.52
        },
        "20144": {
            "year_quarter": 20144,
            "year": 2014,
            "quarter": 4,
            "eps": 1.22,
            "eps_growth_year": 11.79,
            "eps_4q": 3.9,
            "eps_4q_growth_year": 14.93,
            "roe": 4.91,
            "roe_4q": 18.93,
            "gross_profit": 299305,
            "gross_margin": 31.08,
            "gross_margin_4q_avg": 31.03,
            "net_income": 30290,
            "revenue": 963150,
            "common_shares": 252400,
            "book_valuer_per_share": 24.84,
            "book_valuer_per_share_4q_avg": 22.33,
            "equity": 632159,
            "current_ratio": 145.42,
            "debt_ratio": 63.05,
            "inventory_turnover_ratio": 1.33,
            "account_receivable_turnover_ratio": 22.5,
            "reinvestment_rate": null,
            "research_to_sale_ratio": null,
            "price_fair": 126.67,
            "eps_avg_yearly": 4.25,
            "eps_latest_yearly": 4.88,
            "eps_growth_yearly": 19.78
        },
        "20151": {
            "year_quarter": 20151,
            "year": 2015,
            "quarter": 1,
            "eps": 1.37,
            "eps_growth_year": 17.09,
            "eps_4q": 4.23,
            "eps_4q_growth_year": -7.23,
            "roe": 5.25,
            "roe_4q": 17.74,
            "gross_profit": 294745,
            "gross_margin": 32.74,
            "gross_margin_4q_avg": 31.15,
            "net_income": 34082,
            "revenue": 900364,
            "common_shares": 252400,
            "book_valuer_per_share": 26.17,
            "book_valuer_per_share_4q_avg": 24.3,
            "equity": 665492,
            "current_ratio": 158.35,
            "debt_ratio": 59.52,
            "inventory_turnover_ratio": 1.17,
            "account_receivable_turnover_ratio": 19.93,
            "reinvestment_rate": null,
            "research_to_sale_ratio": null,
            "price_fair": 150.48,
            "eps_avg_yearly": 4.43,
            "eps_latest_yearly": 5.48,
            "eps_growth_yearly": 23.98
        },
        "20152": {
            "year_quarter": 20152,
            "year": 2015,
            "quarter": 2,
            "eps": 1.1,
            "eps_growth_year": 44.74,
            "eps_4q": 4.59,
            "eps_4q_growth_year": 20.37,
            "roe": 4.33,
            "roe_4q": 18.37,
            "gross_profit": 286375,
            "gross_margin": 29.42,
            "gross_margin_4q_avg": 30.99,
            "net_income": 27679,
            "revenue": 973452,
            "common_shares": 252400,
            "book_valuer_per_share": 24.05,
            "book_valuer_per_share_4q_avg": 24.66,
            "equity": 611801,
            "current_ratio": 139.64,
            "debt_ratio": 65.38,
            "inventory_turnover_ratio": 1.33,
            "account_receivable_turnover_ratio": 21.58,
            "reinvestment_rate": null,
            "research_to_sale_ratio": null,
            "price_fair": 93.5,
            "eps_avg_yearly": 4.43,
            "eps_latest_yearly": 4.4,
            "eps_growth_yearly": 11.13
        },
        "20153": {
            "year_quarter": 20153,
            "year": 2015,
            "quarter": 3,
            "eps": 1.17,
            "eps_growth_year": 28.57,
            "eps_4q": 4.85,
            "eps_4q_growth_year": 33.15,
            "roe": 4.67,
            "roe_4q": 19.16,
            "gross_profit": 296813,
            "gross_margin": 31.18,
            "gross_margin_4q_avg": 31.11,
            "net_income": 29296,
            "revenue": 951825,
            "common_shares": 252400,
            "book_valuer_per_share": 25.28,
            "book_valuer_per_share_4q_avg": 25.09,
            "equity": 642605,
            "current_ratio": 151.78,
            "debt_ratio": 60.97,
            "inventory_turnover_ratio": 1.26,
            "account_receivable_turnover_ratio": 19.67,
            "reinvestment_rate": null,
            "research_to_sale_ratio": null,
            "price_fair": 101.18,
            "eps_avg_yearly": 4.45,
            "eps_latest_yearly": 4.68,
            "eps_growth_yearly": 12.72
        },
        "20154": {
            "year_quarter": 20154,
            "year": 2015,
            "quarter": 4,
            "eps": 1.19,
            "eps_growth_year": -1.85,
            "eps_4q": 4.83,
            "eps_4q_growth_year": 23.83,
            "roe": 4.59,
            "roe_4q": 18.84,
            "gross_profit": 306517,
            "gross_margin": 29.07,
            "gross_margin_4q_avg": 30.6,
            "net_income": 30136,
            "revenue": 1054588,
            "common_shares": 252400,
            "book_valuer_per_share": 26.43,
            "book_valuer_per_share_4q_avg": 25.48,
            "equity": 671688,
            "current_ratio": 148.21,
            "debt_ratio": 62.16,
            "inventory_turnover_ratio": 1.39,
            "account_receivable_turnover_ratio": 21.15,
            "reinvestment_rate": null,
            "research_to_sale_ratio": null,
            "price_fair": 99.24,
            "eps_avg_yearly": 4.48,
            "eps_latest_yearly": 4.76,
            "eps_growth_yearly": 12.13
        },
        "20161": {
            "year_quarter": 20161,
            "year": 2016,
            "quarter": 1,
            "eps": 1.12,
            "eps_growth_year": -18.25,
            "eps_4q": 4.58,
            "eps_4q_growth_year": 8.18,
            "roe": 4.09,
            "roe_4q": 17.68,
            "gross_profit": 299903,
            "gross_margin": 30.51,
            "gross_margin_4q_avg": 30.05,
            "net_income": 27996,
            "revenue": 983106,
            "common_shares": 252400,
            "book_valuer_per_share": 27.49,
            "book_valuer_per_share_4q_avg": 25.81,
            "equity": 698253,
            "current_ratio": 156.13,
            "debt_ratio": 59.73,
            "inventory_turnover_ratio": 1.24,
            "account_receivable_turnover_ratio": 19.49,
            "reinvestment_rate": null,
            "research_to_sale_ratio": null,
            "price_fair": 84.7,
            "eps_avg_yearly": 4.48,
            "eps_latest_yearly": 4.48,
            "eps_growth_yearly": 8.89
        },
        "20162": {
            "year_quarter": 20162,
            "year": 2016,
            "quarter": 2,
            "eps": 1.02,
            "eps_growth_year": -7.27,
            "eps_4q": 4.5,
            "eps_4q_growth_year": -2.06,
            "roe": 3.88,
            "roe_4q": 17.229999999999997,
            "gross_profit": 299427,
            "gross_margin": 29.49,
            "gross_margin_4q_avg": 30.06,
            "net_income": 25578,
            "revenue": 1015364,
            "common_shares": 252400,
            "book_valuer_per_share": 24.35,
            "book_valuer_per_share_4q_avg": 25.89,
            "equity": 618743,
            "current_ratio": 120.19,
            "debt_ratio": 67.54,
            "inventory_turnover_ratio": 1.24,
            "account_receivable_turnover_ratio": 18.65,
            "reinvestment_rate": 50.16,
            "research_to_sale_ratio": null,
            "price_fair": 67.52,
            "eps_avg_yearly": 4.45,
            "eps_latest_yearly": 4.08,
            "eps_growth_yearly": 5.17
        },
        "20163": {
            "year_quarter": 20163,
            "year": 2016,
            "quarter": 3,
            "eps": 0.89,
            "eps_growth_year": -23.93,
            "eps_4q": 4.22,
            "eps_4q_growth_year": -12.98,
            "roe": 3.54,
            "roe_4q": 16.1,
            "gross_profit": 296747,
            "gross_margin": 29.09,
            "gross_margin_4q_avg": 29.54,
            "net_income": 22158,
            "revenue": 1020234,
            "common_shares": 252400,
            "book_valuer_per_share": 24.94,
            "book_valuer_per_share_4q_avg": 25.8,
            "equity": 633415,
            "current_ratio": 107.03,
            "debt_ratio": 65.21,
            "inventory_turnover_ratio": 1.18,
            "account_receivable_turnover_ratio": 17.95,
            "reinvestment_rate": 80.1,
            "research_to_sale_ratio": null,
            "price_fair": 43.82,
            "eps_avg_yearly": 4.38,
            "eps_latest_yearly": 3.56,
            "eps_growth_yearly": 0.85
        },
        "20164": {
            "year_quarter": 20164,
            "year": 2016,
            "quarter": 4,
            "eps": 1.01,
            "eps_growth_year": -15.03,
            "eps_4q": 4.04,
            "eps_4q_growth_year": -16.29,
            "roe": 3.93,
            "roe_4q": 15.440000000000001,
            "gross_profit": 354867,
            "gross_margin": 32.53,
            "gross_margin_4q_avg": 30.41,
            "net_income": 25359,
            "revenue": 1090915,
            "common_shares": 252400,
            "book_valuer_per_share": 25.83,
            "book_valuer_per_share_4q_avg": 25.65,
            "equity": 655805,
            "current_ratio": 92.66,
            "debt_ratio": 71.62,
            "inventory_turnover_ratio": 1.15,
            "account_receivable_turnover_ratio": 13.4,
            "reinvestment_rate": 54.47,
            "research_to_sale_ratio": null,
            "price_fair": 63.81,
            "eps_avg_yearly": 4.36,
            "eps_latest_yearly": 4.04,
            "eps_growth_yearly": 4.65
        },
        "20171": {
            "year_quarter": 20171,
            "year": 2017,
            "quarter": 1,
            "eps": 0.71,
            "eps_growth_year": -36.61,
            "eps_4q": 3.25,
            "eps_4q_growth_year": -29.02,
            "roe": 2.3,
            "roe_4q": 13.649999999999999,
            "gross_profit": 308035,
            "gross_margin": 30.18,
            "gross_margin_4q_avg": 30.32,
            "net_income": 17644,
            "revenue": 1020586,
            "common_shares": 282400,
            "book_valuer_per_share": 30.93,
            "book_valuer_per_share_4q_avg": 26.51,
            "equity": 876930,
            "current_ratio": 142.27,
            "debt_ratio": 68.94,
            "inventory_turnover_ratio": 1.09,
            "account_receivable_turnover_ratio": 11.43,
            "reinvestment_rate": 211.87,
            "research_to_sale_ratio": null,
            "price_fair": 12.77,
            "eps_avg_yearly": 4.26,
            "eps_latest_yearly": 2.84,
            "eps_growth_yearly": -3.59
        },
        "20172": {
            "year_quarter": 20172,
            "year": 2017,
            "quarter": 2,
            "eps": 0.5,
            "eps_growth_year": -50.98,
            "eps_4q": 2.83,
            "eps_4q_growth_year": -37.06,
            "roe": 1.64,
            "roe_4q": 11.41,
            "gross_profit": 315988,
            "gross_margin": 29.62,
            "gross_margin_4q_avg": 30.36,
            "net_income": 13800,
            "revenue": 1066678,
            "common_shares": 282400,
            "book_valuer_per_share": 28.38,
            "book_valuer_per_share_4q_avg": 27.52,
            "equity": 804703,
            "current_ratio": 122.95,
            "debt_ratio": 70.56,
            "inventory_turnover_ratio": 1.16,
            "account_receivable_turnover_ratio": 12.96,
            "reinvestment_rate": 213.99,
            "research_to_sale_ratio": null,
            "price_fair": 12.35,
            "eps_avg_yearly": 4.12,
            "eps_latest_yearly": 2,
            "eps_growth_yearly": -10.76
        },
        "20173": {
            "year_quarter": 20173,
            "year": 2017,
            "quarter": 3,
            "eps": 0.93,
            "eps_growth_year": 4.49,
            "eps_4q": 2.97,
            "eps_4q_growth_year": -29.58,
            "roe": 3.09,
            "roe_4q": 10.959999999999999,
            "gross_profit": 331553,
            "gross_margin": 30.24,
            "gross_margin_4q_avg": 30.64,
            "net_income": 25485,
            "revenue": 1096274,
            "common_shares": 282400,
            "book_valuer_per_share": 29.43,
            "book_valuer_per_share_4q_avg": 28.64,
            "equity": 845824,
            "current_ratio": 122.35,
            "debt_ratio": 67.28,
            "inventory_turnover_ratio": 1.19,
            "account_receivable_turnover_ratio": 11.21,
            "reinvestment_rate": 213.41,
            "research_to_sale_ratio": null,
            "price_fair": 68.7,
            "eps_avg_yearly": 4.04,
            "eps_latest_yearly": 3.72,
            "eps_growth_yearly": 7.01
        },
        "20174": {
            "year_quarter": 20174,
            "year": 2017,
            "quarter": 4,
            "eps": 1.15,
            "eps_growth_year": 13.13,
            "eps_4q": 3.21,
            "eps_4q_growth_year": -20.5,
            "roe": 3.7,
            "roe_4q": 10.73,
            "gross_profit": 351190,
            "gross_margin": 30.78,
            "gross_margin_4q_avg": 30.21,
            "net_income": 31866,
            "revenue": 1140869,
            "common_shares": 282400,
            "book_valuer_per_share": 30.55,
            "book_valuer_per_share_4q_avg": 29.82,
            "equity": 877018,
            "current_ratio": 119.38,
            "debt_ratio": 69.79,
            "inventory_turnover_ratio": 1.2,
            "account_receivable_turnover_ratio": 10.6,
            "reinvestment_rate": 211.3,
            "research_to_sale_ratio": null,
            "price_fair": 104.48,
            "eps_avg_yearly": 4.06,
            "eps_latest_yearly": 4.6,
            "eps_growth_yearly": 15.77
        },
        "20181": {
            "year_quarter": 20181,
            "year": 2018,
            "quarter": 1,
            "eps": 1.09,
            "eps_growth_year": 53.52,
            "eps_4q": 3.66,
            "eps_4q_growth_year": 12.72,
            "roe": 3.41,
            "roe_4q": 11.84,
            "gross_profit": 345861,
            "gross_margin": 31.3,
            "gross_margin_4q_avg": 30.49,
            "net_income": 30638,
            "revenue": 1105027,
            "common_shares": 282400,
            "book_valuer_per_share": 31.77,
            "book_valuer_per_share_4q_avg": 30.03,
            "equity": 921648,
            "current_ratio": 99.07,
            "debt_ratio": 65.36,
            "inventory_turnover_ratio": 1.13,
            "account_receivable_turnover_ratio": 11.09,
            "reinvestment_rate": 200.54,
            "research_to_sale_ratio": null,
            "price_fair": 91.3,
            "eps_avg_yearly": 4.04,
            "eps_latest_yearly": 4.36,
            "eps_growth_yearly": 12.63
        },
        "20182": {
            "year_quarter": 20182,
            "year": 2018,
            "quarter": 2,
            "eps": 0.75,
            "eps_growth_year": 50,
            "eps_4q": 3.92,
            "eps_4q_growth_year": 38.45,
            "roe": 2.33,
            "roe_4q": 12.530000000000001,
            "gross_profit": 341204,
            "gross_margin": 30.05,
            "gross_margin_4q_avg": 30.59,
            "net_income": 20882,
            "revenue": 1135430,
            "common_shares": 282400,
            "book_valuer_per_share": 29.88,
            "book_valuer_per_share_4q_avg": 30.41,
            "equity": 867833,
            "current_ratio": 95.21,
            "debt_ratio": 70.75,
            "inventory_turnover_ratio": 1.19,
            "account_receivable_turnover_ratio": 12.68,
            "reinvestment_rate": 198.6,
            "research_to_sale_ratio": null,
            "price_fair": 95.12,
            "eps_avg_yearly": 4.03,
            "eps_latest_yearly": 3,
            "eps_growth_yearly": 13.59
        },
        "20183": {
            "year_quarter": 20183,
            "year": 2018,
            "quarter": 3,
            "eps": 0.69,
            "eps_growth_year": -25.81,
            "eps_4q": 3.68,
            "eps_4q_growth_year": 23.87,
            "roe": 2.22,
            "roe_4q": 11.66,
            "gross_profit": 353724,
            "gross_margin": 31.28,
            "gross_margin_4q_avg": 30.85,
            "net_income": 19408,
            "revenue": 1131011,
            "common_shares": 282400,
            "book_valuer_per_share": 30.3,
            "book_valuer_per_share_4q_avg": 30.63,
            "equity": 879413,
            "current_ratio": 97.19,
            "debt_ratio": 69.66,
            "inventory_turnover_ratio": 1.17,
            "account_receivable_turnover_ratio": 11.72,
            "reinvestment_rate": 195.74,
            "research_to_sale_ratio": null,
            "price_fair": 66.24,
            "eps_avg_yearly": 3.98,
            "eps_latest_yearly": 2.76,
            "eps_growth_yearly": 6.65
        },
        "20184": {
            "year_quarter": 20184,
            "year": 2018,
            "quarter": 4,
            "eps": 1.47,
            "eps_growth_year": 27.75,
            "eps_4q": 4,
            "eps_4q_growth_year": 24.49,
            "roe": 4.63,
            "roe_4q": 12.59,
            "gross_profit": 398125,
            "gross_margin": 31.57,
            "gross_margin_4q_avg": 31.05,
            "net_income": 41457,
            "revenue": 1261175,
            "common_shares": 282400,
            "book_valuer_per_share": 31.73,
            "book_valuer_per_share_4q_avg": 30.92,
            "equity": 910556,
            "current_ratio": 100.19,
            "debt_ratio": 70.91,
            "inventory_turnover_ratio": 1.21,
            "account_receivable_turnover_ratio": 10.8,
            "reinvestment_rate": 190.93,
            "research_to_sale_ratio": null,
            "price_fair": 141.4,
            "eps_avg_yearly": 4.04,
            "eps_latest_yearly": 5.88,
            "eps_growth_yearly": 26.4
        },
        "20191": {
            "year_quarter": 20191,
            "year": 2019,
            "quarter": 1,
            "eps": 1.27,
            "eps_growth_year": 16.51,
            "eps_4q": 4.18,
            "eps_4q_growth_year": 14.21,
            "roe": 3.87,
            "roe_4q": 13.05,
            "gross_profit": 391368,
            "gross_margin": 32.15,
            "gross_margin_4q_avg": 31.26,
            "net_income": 36031,
            "revenue": 1217384,
            "common_shares": 282400,
            "book_valuer_per_share": 33.16,
            "book_valuer_per_share_4q_avg": 31.27,
            "equity": 951159,
            "current_ratio": 94.55,
            "debt_ratio": 76.71,
            "inventory_turnover_ratio": 1.06,
            "account_receivable_turnover_ratio": 9.45,
            "reinvestment_rate": 198.13,
            "research_to_sale_ratio": null,
            "price_fair": 120.14,
            "eps_avg_yearly": 4.02,
            "eps_latest_yearly": 5.08,
            "eps_growth_yearly": 19.92
        },
        "20192": {
            "year_quarter": 20192,
            "year": 2019,
            "quarter": 2,
            "eps": 1.14,
            "eps_growth_year": 52,
            "eps_4q": 4.36,
            "eps_4q_growth_year": 11.29,
            "roe": 3.65,
            "roe_4q": 14.37,
            "gross_profit": 392099,
            "gross_margin": 30.21,
            "gross_margin_4q_avg": 31.3,
            "net_income": 34096,
            "revenue": 1298018,
            "common_shares": 282400,
            "book_valuer_per_share": 31.96,
            "book_valuer_per_share_4q_avg": 31.79,
            "equity": 917835,
            "current_ratio": 90.13,
            "debt_ratio": 78.23,
            "inventory_turnover_ratio": 1.08,
            "account_receivable_turnover_ratio": 9.89,
            "reinvestment_rate": 203.7,
            "research_to_sale_ratio": null,
            "price_fair": 129.97,
            "eps_avg_yearly": 4.03,
            "eps_latest_yearly": 4.56,
            "eps_growth_yearly": 22.29
        },
        "20193": {
            "year_quarter": 20193,
            "year": 2019,
            "quarter": 3,
            "eps": 1.06,
            "eps_growth_year": 53.62,
            "eps_4q": 4.78,
            "eps_4q_growth_year": 29.76,
            "roe": 3.4,
            "roe_4q": 15.55,
            "gross_profit": 411858,
            "gross_margin": 30.87,
            "gross_margin_4q_avg": 31.2,
            "net_income": 31493,
            "revenue": 1333968,
            "common_shares": 300191,
            "book_valuer_per_share": 30.88,
            "book_valuer_per_share_4q_avg": 31.93,
            "equity": 935653,
            "current_ratio": 93.64,
            "debt_ratio": 79.08,
            "inventory_turnover_ratio": 1.05,
            "account_receivable_turnover_ratio": 9.37,
            "reinvestment_rate": 262.73,
            "research_to_sale_ratio": null,
            "price_fair": 115.71,
            "eps_avg_yearly": 4,
            "eps_latest_yearly": 4.24,
            "eps_growth_yearly": 18.95
        },
        "20194": {
            "year_quarter": 20194,
            "year": 2019,
            "quarter": 4,
            "eps": 1.29,
            "eps_growth_year": -12.17,
            "eps_4q": 4.65,
            "eps_4q_growth_year": 16.33,
            "roe": 4.02,
            "roe_4q": 14.940000000000001,
            "gross_profit": 447543,
            "gross_margin": 30.75,
            "gross_margin_4q_avg": 31,
            "net_income": 38587,
            "revenue": 1455615,
            "common_shares": 303089,
            "book_valuer_per_share": 32.25,
            "book_valuer_per_share_4q_avg": 32.06,
            "equity": 985643,
            "current_ratio": 86.85,
            "debt_ratio": 78.89,
            "inventory_turnover_ratio": 1.1,
            "account_receivable_turnover_ratio": 10.36,
            "reinvestment_rate": 273.99,
            "research_to_sale_ratio": null,
            "price_fair": 136.54,
            "eps_avg_yearly": 4.02,
            "eps_latest_yearly": 5.16,
            "eps_growth_yearly": 23.94
        },
        "20201": {
            "year_quarter": 20201,
            "year": 2020,
            "quarter": 1,
            "eps": 1.69,
            "eps_growth_year": 33.07,
            "eps_4q": 4.96,
            "eps_4q_growth_year": 18.49,
            "roe": 4.72,
            "roe_4q": 15.79,
            "gross_profit": 462662,
            "gross_margin": 32.28,
            "gross_margin_4q_avg": 31.03,
            "net_income": 50438,
            "revenue": 1433436,
            "common_shares": 316124,
            "book_valuer_per_share": 35.7,
            "book_valuer_per_share_4q_avg": 32.7,
            "equity": 1149374,
            "current_ratio": 101.61,
            "debt_ratio": 76.89,
            "inventory_turnover_ratio": 0.99,
            "account_receivable_turnover_ratio": 10.64,
            "reinvestment_rate": 270.94,
            "research_to_sale_ratio": null,
            "price_fair": 145.78,
            "eps_avg_yearly": 4.17,
            "eps_latest_yearly": 6.76,
            "eps_growth_yearly": 33.17
        },
        "20202": {
            "year_quarter": 20202,
            "year": 2020,
            "quarter": 2,
            "eps": 0.54,
            "eps_growth_year": -52.63,
            "eps_4q": 4.42,
            "eps_4q_growth_year": 1.26,
            "roe": 1.41,
            "roe_4q": 13.549999999999999,
            "gross_profit": 415414,
            "gross_margin": 30.12,
            "gross_margin_4q_avg": 31.01,
            "net_income": 15494,
            "revenue": 1379001,
            "common_shares": 316124,
            "book_valuer_per_share": 32.3,
            "book_valuer_per_share_4q_avg": 32.78,
            "equity": 1046941,
            "current_ratio": 87.86,
            "debt_ratio": 80.41,
            "inventory_turnover_ratio": 0.93,
            "account_receivable_turnover_ratio": 10.25,
            "reinvestment_rate": 286.73,
            "research_to_sale_ratio": null,
            "price_fair": 114.82,
            "eps_avg_yearly": 4.05,
            "eps_latest_yearly": 2.16,
            "eps_growth_yearly": 18.39
        },
        "20203": {
            "year_quarter": 20203,
            "year": 2020,
            "quarter": 3,
            "eps": 0.24,
            "eps_growth_year": -77.36,
            "eps_4q": 3.65,
            "eps_4q_growth_year": -23.56,
            "roe": 0.55,
            "roe_4q": 10.7,
            "gross_profit": 450454,
            "gross_margin": 30.04,
            "gross_margin_4q_avg": 30.8,
            "net_income": 5821,
            "revenue": 1499415,
            "common_shares": 316124,
            "book_valuer_per_share": 32.62,
            "book_valuer_per_share_4q_avg": 33.22,
            "equity": 1055345,
            "current_ratio": 70.69,
            "debt_ratio": 80.12,
            "inventory_turnover_ratio": 0.98,
            "account_receivable_turnover_ratio": 10.76,
            "reinvestment_rate": 220.59,
            "research_to_sale_ratio": null,
            "price_fair": 68.66,
            "eps_avg_yearly": 3.88,
            "eps_latest_yearly": 0.96,
            "eps_growth_yearly": 7.68
        },
        "20204": {
            "year_quarter": 20204,
            "year": 2020,
            "quarter": 4,
            "eps": 1.06,
            "eps_growth_year": -17.87,
            "eps_4q": 3.47,
            "eps_4q_growth_year": -25.32,
            "roe": 3.04,
            "roe_4q": 9.719999999999999,
            "gross_profit": 496031,
            "gross_margin": 30.7,
            "gross_margin_4q_avg": 30.79,
            "net_income": 32703,
            "revenue": 1615604,
            "common_shares": 316124,
            "book_valuer_per_share": 33.9,
            "book_valuer_per_share_4q_avg": 33.63,
            "equity": 1093904,
            "current_ratio": 71.75,
            "debt_ratio": 80.03,
            "inventory_turnover_ratio": 1.01,
            "account_receivable_turnover_ratio": 10.96,
            "reinvestment_rate": 219.02,
            "research_to_sale_ratio": null,
            "price_fair": 136.33,
            "eps_avg_yearly": 3.9,
            "eps_latest_yearly": 4.24,
            "eps_growth_yearly": 89.73
        },
        "20211": {
            "year_quarter": 20211,
            "year": 2021,
            "quarter": 1,
            "eps": 0.84,
            "eps_growth_year": -50.3,
            "eps_4q": 2.68,
            "eps_4q_growth_year": -45.9,
            "roe": 2.34,
            "roe_4q": 7.34,
            "gross_profit": 467168,
            "gross_margin": 31.21,
            "gross_margin_4q_avg": 30.52,
            "net_income": 25892,
            "revenue": 1496768,
            "common_shares": 316124,
            "book_valuer_per_share": 34.8,
            "book_valuer_per_share_4q_avg": 33.41,
            "equity": 1117947,
            "current_ratio": 65.14,
            "debt_ratio": 79.85,
            "inventory_turnover_ratio": 0.93,
            "account_receivable_turnover_ratio": 9.71,
            "reinvestment_rate": 79.92,
            "research_to_sale_ratio": null,
            "price_fair": 137.46,
            "eps_avg_yearly": 3.93,
            "eps_latest_yearly": 3.36,
            "eps_growth_yearly": 91.97
        },
        "20212": {
            "year_quarter": 20212,
            "year": 2021,
            "quarter": 2,
            "eps": 0.9,
            "eps_growth_year": 66.67,
            "eps_4q": 2.82,
            "eps_4q_growth_year": -36.25,
            "roe": 2.55,
            "roe_4q": 8.48,
            "gross_profit": 484982,
            "gross_margin": 28.75,
            "gross_margin_4q_avg": 30.18,
            "net_income": 27829,
            "revenue": 1687140,
            "common_shares": 316124,
            "book_valuer_per_share": 33.59,
            "book_valuer_per_share_4q_avg": 33.73,
            "equity": 1066235,
            "current_ratio": 64.28,
            "debt_ratio": 81.42,
            "inventory_turnover_ratio": 1.07,
            "account_receivable_turnover_ratio": 10.92,
            "reinvestment_rate": 86.03,
            "research_to_sale_ratio": null,
            "price_fair": 140.96,
            "eps_avg_yearly": 4.03,
            "eps_latest_yearly": 3.6,
            "eps_growth_yearly": 101.15
        },
        "20213": {
            "year_quarter": 20213,
            "year": 2021,
            "quarter": 3,
            "eps": -0.28,
            "eps_growth_year": -216.67,
            "eps_4q": 2.24,
            "eps_4q_growth_year": -38.76,
            "roe": -0.87,
            "roe_4q": 7.06,
            "gross_profit": 458360,
            "gross_margin": 28.64,
            "gross_margin_4q_avg": 29.83,
            "net_income": -9700,
            "revenue": 1600447,
            "common_shares": 316124,
            "book_valuer_per_share": 36.51,
            "book_valuer_per_share_4q_avg": 34.7,
            "equity": 1158825,
            "current_ratio": 75.46,
            "debt_ratio": 81.75,
            "inventory_turnover_ratio": 1.02,
            "account_receivable_turnover_ratio": 10.52,
            "reinvestment_rate": 145.12,
            "research_to_sale_ratio": null,
            "price_fair": 141.68,
            "eps_avg_yearly": 4.05,
            "eps_latest_yearly": 3.6,
            "eps_growth_yearly": 84.96
        },
        "20214": {
            "year_quarter": 20214,
            "year": 2021,
            "quarter": 4,
            "eps": 0.64,
            "eps_growth_year": -39.45,
            "eps_4q": 1.93,
            "eps_4q_growth_year": -44.51,
            "roe": 1.91,
            "roe_4q": 5.93,
            "gross_profit": 516275,
            "gross_margin": 29.4,
            "gross_margin_4q_avg": 29.5,
            "net_income": 22272,
            "revenue": 1755937,
            "common_shares": 352324,
            "book_valuer_per_share": 33.33,
            "book_valuer_per_share_4q_avg": 34.56,
            "equity": 1178280,
            "current_ratio": 87.29,
            "debt_ratio": 82.66,
            "inventory_turnover_ratio": 1.15,
            "account_receivable_turnover_ratio": 10.68,
            "reinvestment_rate": 157.64,
            "research_to_sale_ratio": null,
            "price_fair": 140.3,
            "eps_avg_yearly": 4.01,
            "eps_latest_yearly": 3.6,
            "eps_growth_yearly": 84.27
        },
        "20221": {
            "year_quarter": 20221,
            "year": 2022,
            "quarter": 1,
            "eps": 0.86,
            "eps_growth_year": 2.38,
            "eps_4q": 2.03,
            "eps_4q_growth_year": -24.25,
            "roe": 2.58,
            "roe_4q": 6.17,
            "gross_profit": 500490,
            "gross_margin": 31.2,
            "gross_margin_4q_avg": 29.5,
            "net_income": 30852,
            "revenue": 1603920,
            "common_shares": 352324,
            "book_valuer_per_share": 34.43,
            "book_valuer_per_share_4q_avg": 34.47,
            "equity": 1217603,
            "current_ratio": 76.33,
            "debt_ratio": 81.1,
            "inventory_turnover_ratio": 1.05,
            "account_receivable_turnover_ratio": 9.83,
            "reinvestment_rate": 170.09,
            "research_to_sale_ratio": null,
            "price_fair": 138,
            "eps_avg_yearly": 3.94,
            "eps_latest_yearly": 3.44,
            "eps_growth_yearly": 95.58
        },
        "20222": {
            "year_quarter": 20222,
            "year": 2022,
            "quarter": 2,
            "eps": 2.34,
            "eps_growth_year": 160,
            "eps_4q": 3.57,
            "eps_4q_growth_year": 26.63,
            "roe": 7,
            "roe_4q": 10.620000000000001,
            "gross_profit": 607074,
            "gross_margin": 29.65,
            "gross_margin_4q_avg": 29.72,
            "net_income": 86197,
            "revenue": 2047717,
            "common_shares": 352324,
            "book_valuer_per_share": 35.08,
            "book_valuer_per_share_4q_avg": 34.84,
            "equity": 1243472,
            "current_ratio": 79.33,
            "debt_ratio": 81.18,
            "inventory_turnover_ratio": 1.35,
            "account_receivable_turnover_ratio": 13.3,
            "reinvestment_rate": 147.67,
            "research_to_sale_ratio": null,
            "price_fair": 153.9,
            "eps_avg_yearly": 4.4,
            "eps_latest_yearly": 9.36,
            "eps_growth_yearly": 153.66
        },
        "20223": {
            "year_quarter": 20223,
            "year": 2022,
            "quarter": 3,
            "eps": 1.13,
            "eps_growth_year": null,
            "eps_4q": 4.95,
            "eps_4q_growth_year": 121.47,
            "roe": 3.17,
            "roe_4q": 14.66,
            "gross_profit": 539203,
            "gross_margin": 31.59,
            "gross_margin_4q_avg": 30.46,
            "net_income": 40250,
            "revenue": 1707122,
            "common_shares": 352579,
            "book_valuer_per_share": 36.4,
            "book_valuer_per_share_4q_avg": 34.81,
            "equity": 1295967,
            "current_ratio": 78.94,
            "debt_ratio": 79.93,
            "inventory_turnover_ratio": 1.08,
            "account_receivable_turnover_ratio": 10.88,
            "reinvestment_rate": 150.1,
            "research_to_sale_ratio": null,
            "price_fair": 158.3,
            "eps_avg_yearly": 4.52,
            "eps_latest_yearly": 4.52,
            "eps_growth_yearly": 141.17
        },
        "20224": {
            "year_quarter": 20224,
            "year": 2022,
            "quarter": 4,
            "eps": 0.5,
            "eps_growth_year": -22.05,
            "eps_4q": 4.7,
            "eps_4q_growth_year": 144,
            "roe": 1.38,
            "roe_4q": 14.13,
            "gross_profit": 559035,
            "gross_margin": 29.97,
            "gross_margin_4q_avg": 30.6,
            "net_income": 18382,
            "revenue": 1865324,
            "common_shares": 353911,
            "book_valuer_per_share": 37.58,
            "book_valuer_per_share_4q_avg": 35.87,
            "equity": 1368935,
            "current_ratio": 81.94,
            "debt_ratio": 81.86,
            "inventory_turnover_ratio": 1.2,
            "account_receivable_turnover_ratio": 10.69,
            "reinvestment_rate": 158.71,
            "research_to_sale_ratio": null,
            "price_fair": 148.6,
            "eps_avg_yearly": 4.25,
            "eps_latest_yearly": 2,
            "eps_growth_yearly": 92.94
        },
        "20231": {
            "year_quarter": 20231,
            "year": 2023,
            "quarter": 1,
            "eps": 0.49,
            "eps_growth_year": -43.02,
            "eps_4q": 4.25,
            "eps_4q_growth_year": 109.15,
            "roe": 1.3,
            "roe_4q": 12.85,
            "gross_profit": 542782,
            "gross_margin": 30.96,
            "gross_margin_4q_avg": 30.54,
            "net_income": 18373,
            "revenue": 1753111,
            "common_shares": 363191,
            "book_valuer_per_share": 38.87,
            "book_valuer_per_share_4q_avg": 36.98,
            "equity": 1456893,
            "current_ratio": 82.69,
            "debt_ratio": 79.31,
            "inventory_turnover_ratio": 1.09,
            "account_receivable_turnover_ratio": 9.57,
            "reinvestment_rate": 156.07,
            "research_to_sale_ratio": null,
            "price_fair": 140.8,
            "eps_avg_yearly": 4.02,
            "eps_latest_yearly": 1.96,
            "eps_growth_yearly": 96.26
        }
    },
    "months": {
        "2012-12": {
            "month": "2012-12",
            "price": "56.52",
            "revenue": 310615
        },
        "2013-01": {
            "month": "2013-01",
            "price": "48.86",
            "revenue": 278759
        },
        "2013-02": {
            "month": "2013-02",
            "price": "54.81",
            "revenue": 243069
        },
        "2013-03": {
            "month": "2013-03",
            "price": "52.96",
            "revenue": 284127
        },
        "2013-04": {
            "month": "2013-04",
            "price": "51.01",
            "revenue": 273901
        },
        "2013-05": {
            "month": "2013-05",
            "price": "50.02",
            "revenue": 277138
        },
        "2013-06": {
            "month": "2013-06",
            "price": "50.92",
            "revenue": 308607
        },
        "2013-07": {
            "month": "2013-07",
            "price": "54.20",
            "revenue": 270065
        },
        "2013-08": {
            "month": "2013-08",
            "price": "72.60",
            "revenue": 277666
        },
        "2013-09": {
            "month": "2013-09",
            "price": "87.44",
            "revenue": 278514
        },
        "2013-10": {
            "month": "2013-10",
            "price": "91.62",
            "revenue": 278178
        },
        "2013-11": {
            "month": "2013-11",
            "price": "91.21",
            "revenue": 258135
        },
        "2013-12": {
            "month": "2013-12",
            "price": "96.18",
            "revenue": 338507
        },
        "2014-01": {
            "month": "2014-01",
            "price": "113.35",
            "revenue": 283230
        },
        "2014-02": {
            "month": "2014-02",
            "price": "109.06",
            "revenue": 248142
        },
        "2014-03": {
            "month": "2014-03",
            "price": "110.13",
            "revenue": 293157
        },
        "2014-04": {
            "month": "2014-04",
            "price": "107.50",
            "revenue": 280196
        },
        "2014-05": {
            "month": "2014-05",
            "price": "93.36",
            "revenue": 287412
        },
        "2014-06": {
            "month": "2014-06",
            "price": "93.90",
            "revenue": 330953
        },
        "2014-07": {
            "month": "2014-07",
            "price": "89.29",
            "revenue": 306593
        },
        "2014-08": {
            "month": "2014-08",
            "price": "75.96",
            "revenue": 303766
        },
        "2014-09": {
            "month": "2014-09",
            "price": "75.55",
            "revenue": 310029
        },
        "2014-10": {
            "month": "2014-10",
            "price": "72.46",
            "revenue": 309500
        },
        "2014-11": {
            "month": "2014-11",
            "price": "72.90",
            "revenue": 282104
        },
        "2014-12": {
            "month": "2014-12",
            "price": "79.12",
            "revenue": 372911
        },
        "2015-01": {
            "month": "2015-01",
            "price": "77.04",
            "revenue": 295310
        },
        "2015-02": {
            "month": "2015-02",
            "price": "75.15",
            "revenue": 271990
        },
        "2015-03": {
            "month": "2015-03",
            "price": "74.01",
            "revenue": 332996
        },
        "2015-04": {
            "month": "2015-04",
            "price": "75.17",
            "revenue": 305534
        },
        "2015-05": {
            "month": "2015-05",
            "price": "77.02",
            "revenue": 310522
        },
        "2015-06": {
            "month": "2015-06",
            "price": "79.53",
            "revenue": 357576
        },
        "2015-07": {
            "month": "2015-07",
            "price": "78.23",
            "revenue": 315451
        },
        "2015-08": {
            "month": "2015-08",
            "price": "75.21",
            "revenue": 311138
        },
        "2015-09": {
            "month": "2015-09",
            "price": "73.36",
            "revenue": 324997
        },
        "2015-10": {
            "month": "2015-10",
            "price": "73.62",
            "revenue": 343294
        },
        "2015-11": {
            "month": "2015-11",
            "price": "76.44",
            "revenue": 309111
        },
        "2015-12": {
            "month": "2015-12",
            "price": "77.67",
            "revenue": 401659
        },
        "2016-01": {
            "month": "2016-01",
            "price": "75.20",
            "revenue": 320560
        },
        "2016-02": {
            "month": "2016-02",
            "price": "77.92",
            "revenue": 301101
        },
        "2016-03": {
            "month": "2016-03",
            "price": "87.27",
            "revenue": 361292
        },
        "2016-04": {
            "month": "2016-04",
            "price": "87.99",
            "revenue": 316774
        },
        "2016-05": {
            "month": "2016-05",
            "price": "87.77",
            "revenue": 328765
        },
        "2016-06": {
            "month": "2016-06",
            "price": "90.51",
            "revenue": 368256
        },
        "2016-07": {
            "month": "2016-07",
            "price": "86.02",
            "revenue": 337839
        },
        "2016-08": {
            "month": "2016-08",
            "price": "84.64",
            "revenue": 339865
        },
        "2016-09": {
            "month": "2016-09",
            "price": "84.23",
            "revenue": 344252
        },
        "2016-10": {
            "month": "2016-10",
            "price": "82.09",
            "revenue": 345900
        },
        "2016-11": {
            "month": "2016-11",
            "price": "79.28",
            "revenue": 330546
        },
        "2016-12": {
            "month": "2016-12",
            "price": "79.09",
            "revenue": 414469
        },
        "2017-01": {
            "month": "2017-01",
            "price": "78.34",
            "revenue": 336197
        },
        "2017-02": {
            "month": "2017-02",
            "price": "79.41",
            "revenue": 308954
        },
        "2017-03": {
            "month": "2017-03",
            "price": "78.15",
            "revenue": 375436
        },
        "2017-04": {
            "month": "2017-04",
            "price": "74.42",
            "revenue": 321903
        },
        "2017-05": {
            "month": "2017-05",
            "price": "74.19",
            "revenue": 345996
        },
        "2017-06": {
            "month": "2017-06",
            "price": "72.52",
            "revenue": 398778
        },
        "2017-07": {
            "month": "2017-07",
            "price": "72.46",
            "revenue": 345905
        },
        "2017-08": {
            "month": "2017-08",
            "price": "67.29",
            "revenue": 374645
        },
        "2017-09": {
            "month": "2017-09",
            "price": "66.35",
            "revenue": 386213
        },
        "2017-10": {
            "month": "2017-10",
            "price": "65.27",
            "revenue": 359463
        },
        "2017-11": {
            "month": "2017-11",
            "price": "64.75",
            "revenue": 348244
        },
        "2017-12": {
            "month": "2017-12",
            "price": "61.69",
            "revenue": 442045
        },
        "2018-01": {
            "month": "2018-01",
            "price": "60.54",
            "revenue": 372141
        },
        "2018-02": {
            "month": "2018-02",
            "price": "60.22",
            "revenue": 340859
        },
        "2018-03": {
            "month": "2018-03",
            "price": "63.46",
            "revenue": 396296
        },
        "2018-04": {
            "month": "2018-04",
            "price": "65.63",
            "revenue": 349185
        },
        "2018-05": {
            "month": "2018-05",
            "price": "65.51",
            "revenue": 369562
        },
        "2018-06": {
            "month": "2018-06",
            "price": "65.96",
            "revenue": 419448
        },
        "2018-07": {
            "month": "2018-07",
            "price": "65.26",
            "revenue": 369282
        },
        "2018-08": {
            "month": "2018-08",
            "price": "61.99",
            "revenue": 387747
        },
        "2018-09": {
            "month": "2018-09",
            "price": "58.51",
            "revenue": 377437
        },
        "2018-10": {
            "month": "2018-10",
            "price": "56.08",
            "revenue": 405101
        },
        "2018-11": {
            "month": "2018-11",
            "price": "55.74",
            "revenue": 384527
        },
        "2018-12": {
            "month": "2018-12",
            "price": "55.28",
            "revenue": 472906
        },
        "2019-01": {
            "month": "2019-01",
            "price": "55.78",
            "revenue": 446386
        },
        "2019-02": {
            "month": "2019-02",
            "price": "57.75",
            "revenue": 348684
        },
        "2019-03": {
            "month": "2019-03",
            "price": "63.60",
            "revenue": 427878
        },
        "2019-04": {
            "month": "2019-04",
            "price": "64.66",
            "revenue": 416200
        },
        "2019-05": {
            "month": "2019-05",
            "price": "70.36",
            "revenue": 417653
        },
        "2019-06": {
            "month": "2019-06",
            "price": "71.04",
            "revenue": 463056
        },
        "2019-07": {
            "month": "2019-07",
            "price": "75.19",
            "revenue": 443386
        },
        "2019-08": {
            "month": "2019-08",
            "price": "73.69",
            "revenue": 443252
        },
        "2019-09": {
            "month": "2019-09",
            "price": "73.20",
            "revenue": 448479
        },
        "2019-10": {
            "month": "2019-10",
            "price": "72.84",
            "revenue": 474206
        },
        "2019-11": {
            "month": "2019-11",
            "price": "75.12",
            "revenue": 420090
        },
        "2019-12": {
            "month": "2019-12",
            "price": "72.20",
            "revenue": 561295
        },
        "2020-01": {
            "month": "2020-01",
            "price": "72.49",
            "revenue": 468909
        },
        "2020-02": {
            "month": "2020-02",
            "price": "73.43",
            "revenue": 470879
        },
        "2020-03": {
            "month": "2020-03",
            "price": "66.76",
            "revenue": 496510
        },
        "2020-04": {
            "month": "2020-04",
            "price": "68.22",
            "revenue": 448836
        },
        "2020-05": {
            "month": "2020-05",
            "price": "73.53",
            "revenue": 404384
        },
        "2020-06": {
            "month": "2020-06",
            "price": "75.72",
            "revenue": 530194
        },
        "2020-07": {
            "month": "2020-07",
            "price": "73.88",
            "revenue": 482803
        },
        "2020-08": {
            "month": "2020-08",
            "price": "70.83",
            "revenue": 499714
        },
        "2020-09": {
            "month": "2020-09",
            "price": "69.80",
            "revenue": 516520
        },
        "2020-10": {
            "month": "2020-10",
            "price": "69.31",
            "revenue": 516134
        },
        "2020-11": {
            "month": "2020-11",
            "price": "68.67",
            "revenue": 474472
        },
        "2020-12": {
            "month": "2020-12",
            "price": "69.77",
            "revenue": 630760
        },
        "2021-01": {
            "month": "2021-01",
            "price": "69.22",
            "revenue": 526599
        },
        "2021-02": {
            "month": "2021-02",
            "price": "68.45",
            "revenue": 441057
        },
        "2021-03": {
            "month": "2021-03",
            "price": "70.24",
            "revenue": 525899
        },
        "2021-04": {
            "month": "2021-04",
            "price": "72.28",
            "revenue": 510081
        },
        "2021-05": {
            "month": "2021-05",
            "price": "70.97",
            "revenue": 581822
        },
        "2021-06": {
            "month": "2021-06",
            "price": "71.77",
            "revenue": 596121
        },
        "2021-07": {
            "month": "2021-07",
            "price": "72.80",
            "revenue": 524592
        },
        "2021-08": {
            "month": "2021-08",
            "price": "78.87",
            "revenue": 528484
        },
        "2021-09": {
            "month": "2021-09",
            "price": "87.16",
            "revenue": 547236
        },
        "2021-10": {
            "month": "2021-10",
            "price": "72.77",
            "revenue": 562467
        },
        "2021-11": {
            "month": "2021-11",
            "price": "70.68",
            "revenue": 539118
        },
        "2021-12": {
            "month": "2021-12",
            "price": "69.72",
            "revenue": 656315
        },
        "2022-01": {
            "month": "2022-01",
            "price": "69.23",
            "revenue": 565328
        },
        "2022-02": {
            "month": "2022-02",
            "price": "69.13",
            "revenue": 462064
        },
        "2022-03": {
            "month": "2022-03",
            "price": "68.15",
            "revenue": 580116
        },
        "2022-04": {
            "month": "2022-04",
            "price": "77.18",
            "revenue": 665009
        },
        "2022-05": {
            "month": "2022-05",
            "price": "75.46",
            "revenue": 742912
        },
        "2022-06": {
            "month": "2022-06",
            "price": "72.04",
            "revenue": 639421
        },
        "2022-07": {
            "month": "2022-07",
            "price": "68.73",
            "revenue": 548447
        },
        "2022-08": {
            "month": "2022-08",
            "price": "73.01",
            "revenue": 564653
        },
        "2022-09": {
            "month": "2022-09",
            "price": "73.51",
            "revenue": 595572
        },
        "2022-10": {
            "month": "2022-10",
            "price": "69.36",
            "revenue": 574889
        },
        "2022-11": {
            "month": "2022-11",
            "price": "72.04",
            "revenue": 558814
        },
        "2022-12": {
            "month": "2022-12",
            "price": "76.50",
            "revenue": 735692
        },
        "2023-01": {
            "month": "2023-01",
            "price": "76.59",
            "revenue": 567491
        },
        "2023-02": {
            "month": "2023-02",
            "price": "76.84",
            "revenue": 540045
        },
        "2023-03": {
            "month": "2023-03",
            "price": "84.16",
            "revenue": 647020
        },
        "2023-04": {
            "month": "2023-04",
            "price": "102.45",
            "revenue": 554920
        },
        "2023-05": {
            "month": "2023-05",
            "price": "122.39",
            "revenue": 618141
        }
    }
}
