{
    "summary": {
        "stock_name": "安成藥",
        "stock_id": "4180",
        "category": "生技醫療",
        "main_business": "製藥技術之開發及轉移<br>西藥製造與銷售<br>其他生技服務等業務",
        "website_url": "",
        "ceo": "劉念華",
        "pe_ratio": -22,
        "report_year_from": 2011,
        "report_year_to": 2019,
        "age": 12,
        "eps_negative_percentage": 100,
        "eps_growth_avg": {
            "last_all": null,
            "last_2y": null,
            "last_4y": null,
            "last_8y": null,
            "last_12y": null,
            "last_16y": null,
            "last_20y": null,
            "at_2006_last_3y": null,
            "at_2007_last_3y": null,
            "at_2008_last_3y": null,
            "at_2009_last_3y": null,
            "at_2010_last_3y": null,
            "at_2011_last_3y": null,
            "at_2012_last_3y": null,
            "at_2013_last_3y": null,
            "at_2014_last_3y": null,
            "at_2015_last_3y": null,
            "at_2016_last_3y": null,
            "at_2017_last_3y": null,
            "at_2018_last_3y": null,
            "at_2019_last_3y": null,
            "at_2020_last_3y": null,
            "at_2021_last_3y": null,
            "at_2022_last_3y": null,
            "at_2023_last_3y": null,
            "at_2006_last_all": null,
            "at_2007_last_all": null,
            "at_2008_last_all": null,
            "at_2009_last_all": null,
            "at_2010_last_all": null,
            "at_2011_last_all": null,
            "at_2012_last_all": null,
            "at_2013_last_all": null,
            "at_2014_last_all": null,
            "at_2015_last_all": null,
            "at_2016_last_all": null,
            "at_2017_last_all": null,
            "at_2018_last_all": null,
            "at_2019_last_all": null,
            "at_2020_last_all": null,
            "at_2021_last_all": null,
            "at_2022_last_all": null,
            "at_2023_last_all": null
        },
        "latest_eps": -3.18,
        "latest_price": 70.9,
        "latest_roe": -7.85,
        "latest_gross_margin": 8.82,
        "latest_equity": 5437531,
        "latest_revenue": 223688,
        "latest_gross_profit": 19725,
        "latest_net_income": -136113,
        "latest_debt_ratio": 18.41,
        "latest_current_ratio": 503.33,
        "latest_account_receivable_turnover_ratio": 0.46,
        "latest_inventory_turnover_ratio": 0.57,
        "latest_reinvestment_rate": null,
        "latest_research_to_sale_ratio": 58.13
    },
    "eps_dividends": {
        "2001": {
            "cash": 0,
            "stock": 0,
            "eps": 0
        },
        "2002": {
            "cash": 0,
            "stock": 0,
            "eps": 0
        },
        "2003": {
            "cash": 0,
            "stock": 0,
            "eps": 0
        },
        "2004": {
            "cash": 0,
            "stock": 0,
            "eps": 0
        },
        "2005": {
            "cash": 0,
            "stock": 0,
            "eps": 0
        },
        "2006": {
            "cash": 0,
            "stock": 0,
            "eps": 0
        },
        "2007": {
            "cash": 0,
            "stock": 0,
            "eps": 0
        },
        "2008": {
            "cash": 0,
            "stock": 0,
            "eps": 0
        },
        "2009": {
            "cash": 0,
            "stock": 0,
            "eps": 0
        },
        "2010": {
            "cash": 0,
            "stock": 0,
            "eps": 0
        },
        "2011": {
            "cash": 0,
            "stock": 0,
            "eps": 0
        },
        "2012": {
            "cash": 0,
            "stock": 0,
            "eps": 0
        },
        "2013": {
            "cash": 0,
            "stock": 0,
            "eps": -4.86
        },
        "2014": {
            "cash": 0,
            "stock": 0,
            "eps": -8.02
        },
        "2015": {
            "cash": 0,
            "stock": 0,
            "eps": -3.02
        },
        "2016": {
            "cash": 0,
            "stock": 0,
            "eps": -1.71
        },
        "2017": {
            "cash": 0,
            "stock": 0,
            "eps": -2.04
        },
        "2018": {
            "cash": 0,
            "stock": 0,
            "eps": -4.23
        },
        "2019": {
            "cash": 0,
            "stock": 0,
            "eps": -1.02
        }
    },
    "dividends": [],
    "prices": {
        "200101": "無",
        "200102": "無",
        "200103": "無",
        "200104": "無",
        "200105": "無",
        "200106": "無",
        "200107": "無",
        "200108": "無",
        "200109": "無",
        "200110": "無",
        "200111": "無",
        "200112": "無",
        "200201": "無",
        "200202": "無",
        "200203": "無",
        "200204": "無",
        "200205": "無",
        "200206": "無",
        "200207": "無",
        "200208": "無",
        "200209": "無",
        "200210": "無",
        "200211": "無",
        "200212": "無",
        "200301": "無",
        "200302": "無",
        "200303": "無",
        "200304": "無",
        "200305": "無",
        "200306": "無",
        "200307": "無",
        "200308": "無",
        "200309": "無",
        "200310": "無",
        "200311": "無",
        "200312": "無",
        "200401": "無",
        "200402": "無",
        "200403": "無",
        "200404": "無",
        "200405": "無",
        "200406": "無",
        "200407": "無",
        "200408": "無",
        "200409": "無",
        "200410": "無",
        "200411": "無",
        "200412": "無",
        "200501": "無",
        "200502": "無",
        "200503": "無",
        "200504": "無",
        "200505": "無",
        "200506": "無",
        "200507": "無",
        "200508": "無",
        "200509": "無",
        "200510": "無",
        "200511": "無",
        "200512": "無",
        "200601": "無",
        "200602": "無",
        "200603": "無",
        "200604": "無",
        "200605": "無",
        "200606": "無",
        "200607": "無",
        "200608": "無",
        "200609": "無",
        "200610": "無",
        "200611": "無",
        "200612": "無",
        "200701": "無",
        "200702": "無",
        "200703": "無",
        "200704": "無",
        "200705": "無",
        "200706": "無",
        "200707": "無",
        "200708": "無",
        "200709": "無",
        "200710": "無",
        "200711": "無",
        "200712": "無",
        "200801": "無",
        "200802": "無",
        "200803": "無",
        "200804": "無",
        "200805": "無",
        "200806": "無",
        "200807": "無",
        "200808": "無",
        "200809": "無",
        "200810": "無",
        "200811": "無",
        "200812": "無",
        "200901": "無",
        "200902": "無",
        "200903": "無",
        "200904": "無",
        "200905": "無",
        "200906": "無",
        "200907": "無",
        "200908": "無",
        "200909": "無",
        "200910": "無",
        "200911": "無",
        "200912": "無",
        "201001": "無",
        "201002": "無",
        "201003": "無",
        "201004": "無",
        "201005": "無",
        "201006": "無",
        "201007": "無",
        "201008": "無",
        "201009": "無",
        "201010": "無",
        "201011": "無",
        "201012": "無",
        "201101": "無",
        "201102": "無",
        "201103": "無",
        "201104": "無",
        "201105": "無",
        "201106": "無",
        "201107": "無",
        "201108": "無",
        "201109": "無",
        "201110": "無",
        "201111": "無",
        "201112": "無",
        "201201": "無",
        "201202": "無",
        "201203": "無",
        "201204": "無",
        "201205": "無",
        "201206": "無",
        "201207": "無",
        "201208": "無",
        "201209": "無",
        "201210": "無",
        "201211": "144.65",
        "201212": "141.73",
        "201301": "177.39",
        "201302": "263.73",
        "201303": "238.71",
        "201304": "215.09",
        "201305": "214.62",
        "201306": "246.38",
        "201307": "256.48",
        "201308": "244.79",
        "201309": "272.14",
        "201310": "330.23",
        "201311": "322.63",
        "201312": "315.14",
        "201401": "304.36",
        "201402": "314.18",
        "201403": "285.38",
        "201404": "267.88",
        "201405": "298.90",
        "201406": "297.22",
        "201407": "267.30",
        "201408": "225.71",
        "201409": "243.71",
        "201410": "242.23",
        "201411": "248.52",
        "201412": "272.02",
        "201501": "239.60",
        "201502": "236.00",
        "201503": "230.55",
        "201504": "193.52",
        "201505": "207.62",
        "201506": "200.14",
        "201507": "205.89",
        "201508": "216.10",
        "201509": "219.10",
        "201510": "183.93",
        "201511": "174.93",
        "201512": "185.43",
        "201601": "162.26",
        "201602": "157.54",
        "201603": "143.24",
        "201604": "115.34",
        "201605": "117.76",
        "201606": "123.12",
        "201607": "133.02",
        "201608": "116.26",
        "201609": "112.32",
        "201610": "109.05",
        "201611": "100.84",
        "201612": "104.70",
        "201701": "100.36",
        "201702": "101.18",
        "201703": "96.30",
        "201704": "86.68",
        "201705": "82.54",
        "201706": "89.13",
        "201707": "81.71",
        "201708": "71.75",
        "201709": "70.60",
        "201710": "67.28",
        "201711": "71.97",
        "201712": "77.88",
        "201801": "82.78",
        "201802": "75.32",
        "201803": "84.46",
        "201804": "95.25",
        "201805": "84.27",
        "201806": "81.68",
        "201807": "72.36",
        "201808": "67.41",
        "201809": "65.06",
        "201810": "61.38",
        "201811": "59.85",
        "201812": "57.80",
        "201901": "60.68",
        "201902": "61.94",
        "201903": "66.79",
        "201904": "70.86",
        "201905": "70.40",
        "201906": "70.58",
        "201907": "70.94",
        "201908": "無",
        "201909": "無",
        "201910": "無",
        "201911": "無",
        "201912": "無",
        "202001": "無",
        "202002": "無",
        "202003": "無",
        "202004": "無",
        "202005": "無",
        "202006": "無",
        "202007": "無",
        "202008": "無",
        "202009": "無",
        "202010": "無",
        "202011": "無",
        "202012": "無",
        "202101": "無",
        "202102": "無",
        "202103": "無",
        "202104": "無",
        "202105": "無",
        "202106": "無",
        "202107": "無",
        "202108": "無",
        "202109": "無",
        "202110": "無",
        "202111": "無",
        "202112": "無",
        "202201": "無",
        "202202": "無",
        "202203": "無",
        "202204": "無",
        "202205": "無",
        "202206": "無",
        "202207": "無",
        "202208": "無",
        "202209": "無",
        "202210": "無",
        "202211": "無",
        "202212": "無",
        "202301": "無",
        "202302": "無",
        "202303": "無",
        "202304": "無",
        "202305": "無",
        "202306": "無",
        "202307": "無",
        "202308": "無",
        "202309": "無"
    },
    "quarters": {
        "20011": {
            "year_quarter": 20011,
            "year": 2001,
            "quarter": 1,
            "eps": null,
            "eps_growth_year": null,
            "eps_4q": null,
            "eps_4q_growth_year": null,
            "roe": null,
            "roe_4q": 0,
            "gross_profit": null,
            "gross_margin": null,
            "gross_margin_4q_avg": 0,
            "net_income": null,
            "revenue": null,
            "common_shares": null,
            "book_valuer_per_share": null,
            "book_valuer_per_share_4q_avg": 0,
            "equity": null,
            "current_ratio": null,
            "debt_ratio": null,
            "inventory_turnover_ratio": null,
            "account_receivable_turnover_ratio": null,
            "reinvestment_rate": null,
            "research_to_sale_ratio": null,
            "price_fair": 0,
            "eps_avg_yearly": 0,
            "eps_latest_yearly": 0,
            "eps_growth_yearly": 0
        },
        "20012": {
            "year_quarter": 20012,
            "year": 2001,
            "quarter": 2,
            "eps": null,
            "eps_growth_year": null,
            "eps_4q": null,
            "eps_4q_growth_year": null,
            "roe": null,
            "roe_4q": 0,
            "gross_profit": null,
            "gross_margin": null,
            "gross_margin_4q_avg": 0,
            "net_income": null,
            "revenue": null,
            "common_shares": null,
            "book_valuer_per_share": null,
            "book_valuer_per_share_4q_avg": 0,
            "equity": null,
            "current_ratio": null,
            "debt_ratio": null,
            "inventory_turnover_ratio": null,
            "account_receivable_turnover_ratio": null,
            "reinvestment_rate": null,
            "research_to_sale_ratio": null,
            "price_fair": 0,
            "eps_avg_yearly": 0,
            "eps_latest_yearly": 0,
            "eps_growth_yearly": 0
        },
        "20013": {
            "year_quarter": 20013,
            "year": 2001,
            "quarter": 3,
            "eps": null,
            "eps_growth_year": null,
            "eps_4q": null,
            "eps_4q_growth_year": null,
            "roe": null,
            "roe_4q": 0,
            "gross_profit": null,
            "gross_margin": null,
            "gross_margin_4q_avg": 0,
            "net_income": null,
            "revenue": null,
            "common_shares": null,
            "book_valuer_per_share": null,
            "book_valuer_per_share_4q_avg": 0,
            "equity": null,
            "current_ratio": null,
            "debt_ratio": null,
            "inventory_turnover_ratio": null,
            "account_receivable_turnover_ratio": null,
            "reinvestment_rate": null,
            "research_to_sale_ratio": null,
            "price_fair": 0,
            "eps_avg_yearly": 0,
            "eps_latest_yearly": 0,
            "eps_growth_yearly": 0
        },
        "20014": {
            "year_quarter": 20014,
            "year": 2001,
            "quarter": 4,
            "eps": null,
            "eps_growth_year": null,
            "eps_4q": null,
            "eps_4q_growth_year": null,
            "roe": null,
            "roe_4q": 0,
            "gross_profit": null,
            "gross_margin": null,
            "gross_margin_4q_avg": 0,
            "net_income": null,
            "revenue": null,
            "common_shares": null,
            "book_valuer_per_share": null,
            "book_valuer_per_share_4q_avg": 0,
            "equity": null,
            "current_ratio": null,
            "debt_ratio": null,
            "inventory_turnover_ratio": null,
            "account_receivable_turnover_ratio": null,
            "reinvestment_rate": null,
            "research_to_sale_ratio": null,
            "price_fair": 0,
            "eps_avg_yearly": 0,
            "eps_latest_yearly": 0,
            "eps_growth_yearly": 0
        },
        "20021": {
            "year_quarter": 20021,
            "year": 2002,
            "quarter": 1,
            "eps": null,
            "eps_growth_year": null,
            "eps_4q": null,
            "eps_4q_growth_year": null,
            "roe": null,
            "roe_4q": 0,
            "gross_profit": null,
            "gross_margin": null,
            "gross_margin_4q_avg": 0,
            "net_income": null,
            "revenue": null,
            "common_shares": null,
            "book_valuer_per_share": null,
            "book_valuer_per_share_4q_avg": 0,
            "equity": null,
            "current_ratio": null,
            "debt_ratio": null,
            "inventory_turnover_ratio": null,
            "account_receivable_turnover_ratio": null,
            "reinvestment_rate": null,
            "research_to_sale_ratio": null,
            "price_fair": 0,
            "eps_avg_yearly": 0,
            "eps_latest_yearly": 0,
            "eps_growth_yearly": 0
        },
        "20022": {
            "year_quarter": 20022,
            "year": 2002,
            "quarter": 2,
            "eps": null,
            "eps_growth_year": null,
            "eps_4q": null,
            "eps_4q_growth_year": null,
            "roe": null,
            "roe_4q": 0,
            "gross_profit": null,
            "gross_margin": null,
            "gross_margin_4q_avg": 0,
            "net_income": null,
            "revenue": null,
            "common_shares": null,
            "book_valuer_per_share": null,
            "book_valuer_per_share_4q_avg": 0,
            "equity": null,
            "current_ratio": null,
            "debt_ratio": null,
            "inventory_turnover_ratio": null,
            "account_receivable_turnover_ratio": null,
            "reinvestment_rate": null,
            "research_to_sale_ratio": null,
            "price_fair": 0,
            "eps_avg_yearly": 0,
            "eps_latest_yearly": 0,
            "eps_growth_yearly": 0
        },
        "20023": {
            "year_quarter": 20023,
            "year": 2002,
            "quarter": 3,
            "eps": null,
            "eps_growth_year": null,
            "eps_4q": null,
            "eps_4q_growth_year": null,
            "roe": null,
            "roe_4q": 0,
            "gross_profit": null,
            "gross_margin": null,
            "gross_margin_4q_avg": 0,
            "net_income": null,
            "revenue": null,
            "common_shares": null,
            "book_valuer_per_share": null,
            "book_valuer_per_share_4q_avg": 0,
            "equity": null,
            "current_ratio": null,
            "debt_ratio": null,
            "inventory_turnover_ratio": null,
            "account_receivable_turnover_ratio": null,
            "reinvestment_rate": null,
            "research_to_sale_ratio": null,
            "price_fair": 0,
            "eps_avg_yearly": 0,
            "eps_latest_yearly": 0,
            "eps_growth_yearly": 0
        },
        "20024": {
            "year_quarter": 20024,
            "year": 2002,
            "quarter": 4,
            "eps": null,
            "eps_growth_year": null,
            "eps_4q": null,
            "eps_4q_growth_year": null,
            "roe": null,
            "roe_4q": 0,
            "gross_profit": null,
            "gross_margin": null,
            "gross_margin_4q_avg": 0,
            "net_income": null,
            "revenue": null,
            "common_shares": null,
            "book_valuer_per_share": null,
            "book_valuer_per_share_4q_avg": 0,
            "equity": null,
            "current_ratio": null,
            "debt_ratio": null,
            "inventory_turnover_ratio": null,
            "account_receivable_turnover_ratio": null,
            "reinvestment_rate": null,
            "research_to_sale_ratio": null,
            "price_fair": 0,
            "eps_avg_yearly": 0,
            "eps_latest_yearly": 0,
            "eps_growth_yearly": 0
        },
        "20031": {
            "year_quarter": 20031,
            "year": 2003,
            "quarter": 1,
            "eps": null,
            "eps_growth_year": null,
            "eps_4q": null,
            "eps_4q_growth_year": null,
            "roe": null,
            "roe_4q": 0,
            "gross_profit": null,
            "gross_margin": null,
            "gross_margin_4q_avg": 0,
            "net_income": null,
            "revenue": null,
            "common_shares": null,
            "book_valuer_per_share": null,
            "book_valuer_per_share_4q_avg": 0,
            "equity": null,
            "current_ratio": null,
            "debt_ratio": null,
            "inventory_turnover_ratio": null,
            "account_receivable_turnover_ratio": null,
            "reinvestment_rate": null,
            "research_to_sale_ratio": null,
            "price_fair": 0,
            "eps_avg_yearly": 0,
            "eps_latest_yearly": 0,
            "eps_growth_yearly": 0
        },
        "20032": {
            "year_quarter": 20032,
            "year": 2003,
            "quarter": 2,
            "eps": null,
            "eps_growth_year": null,
            "eps_4q": null,
            "eps_4q_growth_year": null,
            "roe": null,
            "roe_4q": 0,
            "gross_profit": null,
            "gross_margin": null,
            "gross_margin_4q_avg": 0,
            "net_income": null,
            "revenue": null,
            "common_shares": null,
            "book_valuer_per_share": null,
            "book_valuer_per_share_4q_avg": 0,
            "equity": null,
            "current_ratio": null,
            "debt_ratio": null,
            "inventory_turnover_ratio": null,
            "account_receivable_turnover_ratio": null,
            "reinvestment_rate": null,
            "research_to_sale_ratio": null,
            "price_fair": 0,
            "eps_avg_yearly": 0,
            "eps_latest_yearly": 0,
            "eps_growth_yearly": 0
        },
        "20033": {
            "year_quarter": 20033,
            "year": 2003,
            "quarter": 3,
            "eps": null,
            "eps_growth_year": null,
            "eps_4q": null,
            "eps_4q_growth_year": null,
            "roe": null,
            "roe_4q": 0,
            "gross_profit": null,
            "gross_margin": null,
            "gross_margin_4q_avg": 0,
            "net_income": null,
            "revenue": null,
            "common_shares": null,
            "book_valuer_per_share": null,
            "book_valuer_per_share_4q_avg": 0,
            "equity": null,
            "current_ratio": null,
            "debt_ratio": null,
            "inventory_turnover_ratio": null,
            "account_receivable_turnover_ratio": null,
            "reinvestment_rate": null,
            "research_to_sale_ratio": null,
            "price_fair": 0,
            "eps_avg_yearly": 0,
            "eps_latest_yearly": 0,
            "eps_growth_yearly": 0
        },
        "20034": {
            "year_quarter": 20034,
            "year": 2003,
            "quarter": 4,
            "eps": null,
            "eps_growth_year": null,
            "eps_4q": null,
            "eps_4q_growth_year": null,
            "roe": null,
            "roe_4q": 0,
            "gross_profit": null,
            "gross_margin": null,
            "gross_margin_4q_avg": 0,
            "net_income": null,
            "revenue": null,
            "common_shares": null,
            "book_valuer_per_share": null,
            "book_valuer_per_share_4q_avg": 0,
            "equity": null,
            "current_ratio": null,
            "debt_ratio": null,
            "inventory_turnover_ratio": null,
            "account_receivable_turnover_ratio": null,
            "reinvestment_rate": null,
            "research_to_sale_ratio": null,
            "price_fair": 0,
            "eps_avg_yearly": 0,
            "eps_latest_yearly": 0,
            "eps_growth_yearly": 0
        },
        "20041": {
            "year_quarter": 20041,
            "year": 2004,
            "quarter": 1,
            "eps": null,
            "eps_growth_year": null,
            "eps_4q": null,
            "eps_4q_growth_year": null,
            "roe": null,
            "roe_4q": 0,
            "gross_profit": null,
            "gross_margin": null,
            "gross_margin_4q_avg": 0,
            "net_income": null,
            "revenue": null,
            "common_shares": null,
            "book_valuer_per_share": null,
            "book_valuer_per_share_4q_avg": 0,
            "equity": null,
            "current_ratio": null,
            "debt_ratio": null,
            "inventory_turnover_ratio": null,
            "account_receivable_turnover_ratio": null,
            "reinvestment_rate": null,
            "research_to_sale_ratio": null,
            "price_fair": 0,
            "eps_avg_yearly": 0,
            "eps_latest_yearly": 0,
            "eps_growth_yearly": 0
        },
        "20042": {
            "year_quarter": 20042,
            "year": 2004,
            "quarter": 2,
            "eps": null,
            "eps_growth_year": null,
            "eps_4q": null,
            "eps_4q_growth_year": null,
            "roe": null,
            "roe_4q": 0,
            "gross_profit": null,
            "gross_margin": null,
            "gross_margin_4q_avg": 0,
            "net_income": null,
            "revenue": null,
            "common_shares": null,
            "book_valuer_per_share": null,
            "book_valuer_per_share_4q_avg": 0,
            "equity": null,
            "current_ratio": null,
            "debt_ratio": null,
            "inventory_turnover_ratio": null,
            "account_receivable_turnover_ratio": null,
            "reinvestment_rate": null,
            "research_to_sale_ratio": null,
            "price_fair": 0,
            "eps_avg_yearly": 0,
            "eps_latest_yearly": 0,
            "eps_growth_yearly": 0
        },
        "20043": {
            "year_quarter": 20043,
            "year": 2004,
            "quarter": 3,
            "eps": null,
            "eps_growth_year": null,
            "eps_4q": null,
            "eps_4q_growth_year": null,
            "roe": null,
            "roe_4q": 0,
            "gross_profit": null,
            "gross_margin": null,
            "gross_margin_4q_avg": 0,
            "net_income": null,
            "revenue": null,
            "common_shares": null,
            "book_valuer_per_share": null,
            "book_valuer_per_share_4q_avg": 0,
            "equity": null,
            "current_ratio": null,
            "debt_ratio": null,
            "inventory_turnover_ratio": null,
            "account_receivable_turnover_ratio": null,
            "reinvestment_rate": null,
            "research_to_sale_ratio": null,
            "price_fair": 0,
            "eps_avg_yearly": 0,
            "eps_latest_yearly": 0,
            "eps_growth_yearly": 0
        },
        "20044": {
            "year_quarter": 20044,
            "year": 2004,
            "quarter": 4,
            "eps": null,
            "eps_growth_year": null,
            "eps_4q": null,
            "eps_4q_growth_year": null,
            "roe": null,
            "roe_4q": 0,
            "gross_profit": null,
            "gross_margin": null,
            "gross_margin_4q_avg": 0,
            "net_income": null,
            "revenue": null,
            "common_shares": null,
            "book_valuer_per_share": null,
            "book_valuer_per_share_4q_avg": 0,
            "equity": null,
            "current_ratio": null,
            "debt_ratio": null,
            "inventory_turnover_ratio": null,
            "account_receivable_turnover_ratio": null,
            "reinvestment_rate": null,
            "research_to_sale_ratio": null,
            "price_fair": 0,
            "eps_avg_yearly": 0,
            "eps_latest_yearly": 0,
            "eps_growth_yearly": 0
        },
        "20051": {
            "year_quarter": 20051,
            "year": 2005,
            "quarter": 1,
            "eps": null,
            "eps_growth_year": null,
            "eps_4q": null,
            "eps_4q_growth_year": null,
            "roe": null,
            "roe_4q": 0,
            "gross_profit": null,
            "gross_margin": null,
            "gross_margin_4q_avg": 0,
            "net_income": null,
            "revenue": null,
            "common_shares": null,
            "book_valuer_per_share": null,
            "book_valuer_per_share_4q_avg": 0,
            "equity": null,
            "current_ratio": null,
            "debt_ratio": null,
            "inventory_turnover_ratio": null,
            "account_receivable_turnover_ratio": null,
            "reinvestment_rate": null,
            "research_to_sale_ratio": null,
            "price_fair": 0,
            "eps_avg_yearly": 0,
            "eps_latest_yearly": 0,
            "eps_growth_yearly": 0
        },
        "20052": {
            "year_quarter": 20052,
            "year": 2005,
            "quarter": 2,
            "eps": null,
            "eps_growth_year": null,
            "eps_4q": null,
            "eps_4q_growth_year": null,
            "roe": null,
            "roe_4q": 0,
            "gross_profit": null,
            "gross_margin": null,
            "gross_margin_4q_avg": 0,
            "net_income": null,
            "revenue": null,
            "common_shares": null,
            "book_valuer_per_share": null,
            "book_valuer_per_share_4q_avg": 0,
            "equity": null,
            "current_ratio": null,
            "debt_ratio": null,
            "inventory_turnover_ratio": null,
            "account_receivable_turnover_ratio": null,
            "reinvestment_rate": null,
            "research_to_sale_ratio": null,
            "price_fair": 0,
            "eps_avg_yearly": 0,
            "eps_latest_yearly": 0,
            "eps_growth_yearly": 0
        },
        "20053": {
            "year_quarter": 20053,
            "year": 2005,
            "quarter": 3,
            "eps": null,
            "eps_growth_year": null,
            "eps_4q": null,
            "eps_4q_growth_year": null,
            "roe": null,
            "roe_4q": 0,
            "gross_profit": null,
            "gross_margin": null,
            "gross_margin_4q_avg": 0,
            "net_income": null,
            "revenue": null,
            "common_shares": null,
            "book_valuer_per_share": null,
            "book_valuer_per_share_4q_avg": 0,
            "equity": null,
            "current_ratio": null,
            "debt_ratio": null,
            "inventory_turnover_ratio": null,
            "account_receivable_turnover_ratio": null,
            "reinvestment_rate": null,
            "research_to_sale_ratio": null,
            "price_fair": 0,
            "eps_avg_yearly": 0,
            "eps_latest_yearly": 0,
            "eps_growth_yearly": 0
        },
        "20054": {
            "year_quarter": 20054,
            "year": 2005,
            "quarter": 4,
            "eps": null,
            "eps_growth_year": null,
            "eps_4q": null,
            "eps_4q_growth_year": null,
            "roe": null,
            "roe_4q": 0,
            "gross_profit": null,
            "gross_margin": null,
            "gross_margin_4q_avg": 0,
            "net_income": null,
            "revenue": null,
            "common_shares": null,
            "book_valuer_per_share": null,
            "book_valuer_per_share_4q_avg": 0,
            "equity": null,
            "current_ratio": null,
            "debt_ratio": null,
            "inventory_turnover_ratio": null,
            "account_receivable_turnover_ratio": null,
            "reinvestment_rate": null,
            "research_to_sale_ratio": null,
            "price_fair": 0,
            "eps_avg_yearly": 0,
            "eps_latest_yearly": 0,
            "eps_growth_yearly": 0
        },
        "20061": {
            "year_quarter": 20061,
            "year": 2006,
            "quarter": 1,
            "eps": null,
            "eps_growth_year": null,
            "eps_4q": null,
            "eps_4q_growth_year": null,
            "roe": null,
            "roe_4q": 0,
            "gross_profit": null,
            "gross_margin": null,
            "gross_margin_4q_avg": 0,
            "net_income": null,
            "revenue": null,
            "common_shares": null,
            "book_valuer_per_share": null,
            "book_valuer_per_share_4q_avg": 0,
            "equity": null,
            "current_ratio": null,
            "debt_ratio": null,
            "inventory_turnover_ratio": null,
            "account_receivable_turnover_ratio": null,
            "reinvestment_rate": null,
            "research_to_sale_ratio": null,
            "price_fair": 0,
            "eps_avg_yearly": 0,
            "eps_latest_yearly": 0,
            "eps_growth_yearly": 0
        },
        "20062": {
            "year_quarter": 20062,
            "year": 2006,
            "quarter": 2,
            "eps": null,
            "eps_growth_year": null,
            "eps_4q": null,
            "eps_4q_growth_year": null,
            "roe": null,
            "roe_4q": 0,
            "gross_profit": null,
            "gross_margin": null,
            "gross_margin_4q_avg": 0,
            "net_income": null,
            "revenue": null,
            "common_shares": null,
            "book_valuer_per_share": null,
            "book_valuer_per_share_4q_avg": 0,
            "equity": null,
            "current_ratio": null,
            "debt_ratio": null,
            "inventory_turnover_ratio": null,
            "account_receivable_turnover_ratio": null,
            "reinvestment_rate": null,
            "research_to_sale_ratio": null,
            "price_fair": 0,
            "eps_avg_yearly": 0,
            "eps_latest_yearly": 0,
            "eps_growth_yearly": 0
        },
        "20063": {
            "year_quarter": 20063,
            "year": 2006,
            "quarter": 3,
            "eps": null,
            "eps_growth_year": null,
            "eps_4q": null,
            "eps_4q_growth_year": null,
            "roe": null,
            "roe_4q": 0,
            "gross_profit": null,
            "gross_margin": null,
            "gross_margin_4q_avg": 0,
            "net_income": null,
            "revenue": null,
            "common_shares": null,
            "book_valuer_per_share": null,
            "book_valuer_per_share_4q_avg": 0,
            "equity": null,
            "current_ratio": null,
            "debt_ratio": null,
            "inventory_turnover_ratio": null,
            "account_receivable_turnover_ratio": null,
            "reinvestment_rate": null,
            "research_to_sale_ratio": null,
            "price_fair": 0,
            "eps_avg_yearly": 0,
            "eps_latest_yearly": 0,
            "eps_growth_yearly": 0
        },
        "20064": {
            "year_quarter": 20064,
            "year": 2006,
            "quarter": 4,
            "eps": null,
            "eps_growth_year": null,
            "eps_4q": null,
            "eps_4q_growth_year": null,
            "roe": null,
            "roe_4q": 0,
            "gross_profit": null,
            "gross_margin": null,
            "gross_margin_4q_avg": 0,
            "net_income": null,
            "revenue": null,
            "common_shares": null,
            "book_valuer_per_share": null,
            "book_valuer_per_share_4q_avg": 0,
            "equity": null,
            "current_ratio": null,
            "debt_ratio": null,
            "inventory_turnover_ratio": null,
            "account_receivable_turnover_ratio": null,
            "reinvestment_rate": null,
            "research_to_sale_ratio": null,
            "price_fair": 0,
            "eps_avg_yearly": 0,
            "eps_latest_yearly": 0,
            "eps_growth_yearly": 0
        },
        "20071": {
            "year_quarter": 20071,
            "year": 2007,
            "quarter": 1,
            "eps": null,
            "eps_growth_year": null,
            "eps_4q": null,
            "eps_4q_growth_year": null,
            "roe": null,
            "roe_4q": 0,
            "gross_profit": null,
            "gross_margin": null,
            "gross_margin_4q_avg": 0,
            "net_income": null,
            "revenue": null,
            "common_shares": null,
            "book_valuer_per_share": null,
            "book_valuer_per_share_4q_avg": 0,
            "equity": null,
            "current_ratio": null,
            "debt_ratio": null,
            "inventory_turnover_ratio": null,
            "account_receivable_turnover_ratio": null,
            "reinvestment_rate": null,
            "research_to_sale_ratio": null,
            "price_fair": 0,
            "eps_avg_yearly": 0,
            "eps_latest_yearly": 0,
            "eps_growth_yearly": 0
        },
        "20072": {
            "year_quarter": 20072,
            "year": 2007,
            "quarter": 2,
            "eps": null,
            "eps_growth_year": null,
            "eps_4q": null,
            "eps_4q_growth_year": null,
            "roe": null,
            "roe_4q": 0,
            "gross_profit": null,
            "gross_margin": null,
            "gross_margin_4q_avg": 0,
            "net_income": null,
            "revenue": null,
            "common_shares": null,
            "book_valuer_per_share": null,
            "book_valuer_per_share_4q_avg": 0,
            "equity": null,
            "current_ratio": null,
            "debt_ratio": null,
            "inventory_turnover_ratio": null,
            "account_receivable_turnover_ratio": null,
            "reinvestment_rate": null,
            "research_to_sale_ratio": null,
            "price_fair": 0,
            "eps_avg_yearly": 0,
            "eps_latest_yearly": 0,
            "eps_growth_yearly": 0
        },
        "20073": {
            "year_quarter": 20073,
            "year": 2007,
            "quarter": 3,
            "eps": null,
            "eps_growth_year": null,
            "eps_4q": null,
            "eps_4q_growth_year": null,
            "roe": null,
            "roe_4q": 0,
            "gross_profit": null,
            "gross_margin": null,
            "gross_margin_4q_avg": 0,
            "net_income": null,
            "revenue": null,
            "common_shares": null,
            "book_valuer_per_share": null,
            "book_valuer_per_share_4q_avg": 0,
            "equity": null,
            "current_ratio": null,
            "debt_ratio": null,
            "inventory_turnover_ratio": null,
            "account_receivable_turnover_ratio": null,
            "reinvestment_rate": null,
            "research_to_sale_ratio": null,
            "price_fair": 0,
            "eps_avg_yearly": 0,
            "eps_latest_yearly": 0,
            "eps_growth_yearly": 0
        },
        "20074": {
            "year_quarter": 20074,
            "year": 2007,
            "quarter": 4,
            "eps": null,
            "eps_growth_year": null,
            "eps_4q": null,
            "eps_4q_growth_year": null,
            "roe": null,
            "roe_4q": 0,
            "gross_profit": null,
            "gross_margin": null,
            "gross_margin_4q_avg": 0,
            "net_income": null,
            "revenue": null,
            "common_shares": 263764,
            "book_valuer_per_share": 10.61,
            "book_valuer_per_share_4q_avg": 2.65,
            "equity": 279950,
            "current_ratio": 159.74,
            "debt_ratio": 33.59,
            "inventory_turnover_ratio": null,
            "account_receivable_turnover_ratio": null,
            "reinvestment_rate": null,
            "research_to_sale_ratio": null,
            "price_fair": 0,
            "eps_avg_yearly": 0,
            "eps_latest_yearly": 0,
            "eps_growth_yearly": 0
        },
        "20081": {
            "year_quarter": 20081,
            "year": 2008,
            "quarter": 1,
            "eps": null,
            "eps_growth_year": null,
            "eps_4q": null,
            "eps_4q_growth_year": null,
            "roe": null,
            "roe_4q": 0,
            "gross_profit": null,
            "gross_margin": null,
            "gross_margin_4q_avg": 0,
            "net_income": null,
            "revenue": null,
            "common_shares": null,
            "book_valuer_per_share": null,
            "book_valuer_per_share_4q_avg": 2.65,
            "equity": null,
            "current_ratio": null,
            "debt_ratio": null,
            "inventory_turnover_ratio": null,
            "account_receivable_turnover_ratio": null,
            "reinvestment_rate": null,
            "research_to_sale_ratio": null,
            "price_fair": 0,
            "eps_avg_yearly": 0,
            "eps_latest_yearly": 0,
            "eps_growth_yearly": 0
        },
        "20082": {
            "year_quarter": 20082,
            "year": 2008,
            "quarter": 2,
            "eps": null,
            "eps_growth_year": null,
            "eps_4q": null,
            "eps_4q_growth_year": null,
            "roe": null,
            "roe_4q": 0,
            "gross_profit": null,
            "gross_margin": null,
            "gross_margin_4q_avg": 0,
            "net_income": null,
            "revenue": null,
            "common_shares": null,
            "book_valuer_per_share": null,
            "book_valuer_per_share_4q_avg": 2.65,
            "equity": null,
            "current_ratio": null,
            "debt_ratio": null,
            "inventory_turnover_ratio": null,
            "account_receivable_turnover_ratio": null,
            "reinvestment_rate": null,
            "research_to_sale_ratio": null,
            "price_fair": 0,
            "eps_avg_yearly": 0,
            "eps_latest_yearly": 0,
            "eps_growth_yearly": 0
        },
        "20083": {
            "year_quarter": 20083,
            "year": 2008,
            "quarter": 3,
            "eps": null,
            "eps_growth_year": null,
            "eps_4q": null,
            "eps_4q_growth_year": null,
            "roe": null,
            "roe_4q": 0,
            "gross_profit": null,
            "gross_margin": null,
            "gross_margin_4q_avg": 0,
            "net_income": null,
            "revenue": null,
            "common_shares": null,
            "book_valuer_per_share": null,
            "book_valuer_per_share_4q_avg": 2.65,
            "equity": null,
            "current_ratio": null,
            "debt_ratio": null,
            "inventory_turnover_ratio": null,
            "account_receivable_turnover_ratio": null,
            "reinvestment_rate": null,
            "research_to_sale_ratio": null,
            "price_fair": 0,
            "eps_avg_yearly": 0,
            "eps_latest_yearly": 0,
            "eps_growth_yearly": 0
        },
        "20084": {
            "year_quarter": 20084,
            "year": 2008,
            "quarter": 4,
            "eps": null,
            "eps_growth_year": null,
            "eps_4q": null,
            "eps_4q_growth_year": null,
            "roe": null,
            "roe_4q": 0,
            "gross_profit": null,
            "gross_margin": null,
            "gross_margin_4q_avg": 0,
            "net_income": null,
            "revenue": null,
            "common_shares": 263764,
            "book_valuer_per_share": 10.86,
            "book_valuer_per_share_4q_avg": 2.72,
            "equity": 286350,
            "current_ratio": 84.83,
            "debt_ratio": 47.49,
            "inventory_turnover_ratio": null,
            "account_receivable_turnover_ratio": null,
            "reinvestment_rate": null,
            "research_to_sale_ratio": null,
            "price_fair": 0,
            "eps_avg_yearly": 0,
            "eps_latest_yearly": 0,
            "eps_growth_yearly": 0
        },
        "20091": {
            "year_quarter": 20091,
            "year": 2009,
            "quarter": 1,
            "eps": null,
            "eps_growth_year": null,
            "eps_4q": null,
            "eps_4q_growth_year": null,
            "roe": null,
            "roe_4q": 0,
            "gross_profit": null,
            "gross_margin": null,
            "gross_margin_4q_avg": 0,
            "net_income": null,
            "revenue": null,
            "common_shares": null,
            "book_valuer_per_share": null,
            "book_valuer_per_share_4q_avg": 2.72,
            "equity": null,
            "current_ratio": null,
            "debt_ratio": null,
            "inventory_turnover_ratio": null,
            "account_receivable_turnover_ratio": null,
            "reinvestment_rate": null,
            "research_to_sale_ratio": null,
            "price_fair": 0,
            "eps_avg_yearly": 0,
            "eps_latest_yearly": 0,
            "eps_growth_yearly": 0
        },
        "20092": {
            "year_quarter": 20092,
            "year": 2009,
            "quarter": 2,
            "eps": null,
            "eps_growth_year": null,
            "eps_4q": null,
            "eps_4q_growth_year": null,
            "roe": null,
            "roe_4q": 0,
            "gross_profit": null,
            "gross_margin": null,
            "gross_margin_4q_avg": 0,
            "net_income": null,
            "revenue": null,
            "common_shares": null,
            "book_valuer_per_share": null,
            "book_valuer_per_share_4q_avg": 2.72,
            "equity": null,
            "current_ratio": null,
            "debt_ratio": null,
            "inventory_turnover_ratio": null,
            "account_receivable_turnover_ratio": null,
            "reinvestment_rate": null,
            "research_to_sale_ratio": null,
            "price_fair": 0,
            "eps_avg_yearly": 0,
            "eps_latest_yearly": 0,
            "eps_growth_yearly": 0
        },
        "20093": {
            "year_quarter": 20093,
            "year": 2009,
            "quarter": 3,
            "eps": null,
            "eps_growth_year": null,
            "eps_4q": null,
            "eps_4q_growth_year": null,
            "roe": null,
            "roe_4q": 0,
            "gross_profit": null,
            "gross_margin": null,
            "gross_margin_4q_avg": 0,
            "net_income": null,
            "revenue": null,
            "common_shares": null,
            "book_valuer_per_share": null,
            "book_valuer_per_share_4q_avg": 2.72,
            "equity": null,
            "current_ratio": null,
            "debt_ratio": null,
            "inventory_turnover_ratio": null,
            "account_receivable_turnover_ratio": null,
            "reinvestment_rate": null,
            "research_to_sale_ratio": null,
            "price_fair": 0,
            "eps_avg_yearly": 0,
            "eps_latest_yearly": 0,
            "eps_growth_yearly": 0
        },
        "20094": {
            "year_quarter": 20094,
            "year": 2009,
            "quarter": 4,
            "eps": null,
            "eps_growth_year": null,
            "eps_4q": null,
            "eps_4q_growth_year": null,
            "roe": null,
            "roe_4q": 0,
            "gross_profit": null,
            "gross_margin": null,
            "gross_margin_4q_avg": 0,
            "net_income": null,
            "revenue": null,
            "common_shares": 263764,
            "book_valuer_per_share": 10.68,
            "book_valuer_per_share_4q_avg": 2.67,
            "equity": 281696,
            "current_ratio": 95.6,
            "debt_ratio": 48.96,
            "inventory_turnover_ratio": null,
            "account_receivable_turnover_ratio": null,
            "reinvestment_rate": null,
            "research_to_sale_ratio": null,
            "price_fair": 0,
            "eps_avg_yearly": 0,
            "eps_latest_yearly": 0,
            "eps_growth_yearly": 0
        },
        "20101": {
            "year_quarter": 20101,
            "year": 2010,
            "quarter": 1,
            "eps": null,
            "eps_growth_year": null,
            "eps_4q": null,
            "eps_4q_growth_year": null,
            "roe": null,
            "roe_4q": 0,
            "gross_profit": null,
            "gross_margin": null,
            "gross_margin_4q_avg": 0,
            "net_income": null,
            "revenue": null,
            "common_shares": null,
            "book_valuer_per_share": null,
            "book_valuer_per_share_4q_avg": 2.67,
            "equity": null,
            "current_ratio": null,
            "debt_ratio": null,
            "inventory_turnover_ratio": null,
            "account_receivable_turnover_ratio": null,
            "reinvestment_rate": null,
            "research_to_sale_ratio": null,
            "price_fair": 0,
            "eps_avg_yearly": 0,
            "eps_latest_yearly": 0,
            "eps_growth_yearly": 0
        },
        "20102": {
            "year_quarter": 20102,
            "year": 2010,
            "quarter": 2,
            "eps": null,
            "eps_growth_year": null,
            "eps_4q": null,
            "eps_4q_growth_year": null,
            "roe": null,
            "roe_4q": 0,
            "gross_profit": null,
            "gross_margin": null,
            "gross_margin_4q_avg": 0,
            "net_income": null,
            "revenue": null,
            "common_shares": null,
            "book_valuer_per_share": null,
            "book_valuer_per_share_4q_avg": 2.67,
            "equity": null,
            "current_ratio": null,
            "debt_ratio": null,
            "inventory_turnover_ratio": null,
            "account_receivable_turnover_ratio": null,
            "reinvestment_rate": null,
            "research_to_sale_ratio": null,
            "price_fair": 0,
            "eps_avg_yearly": 0,
            "eps_latest_yearly": 0,
            "eps_growth_yearly": 0
        },
        "20103": {
            "year_quarter": 20103,
            "year": 2010,
            "quarter": 3,
            "eps": null,
            "eps_growth_year": null,
            "eps_4q": null,
            "eps_4q_growth_year": null,
            "roe": null,
            "roe_4q": 0,
            "gross_profit": null,
            "gross_margin": null,
            "gross_margin_4q_avg": 0,
            "net_income": null,
            "revenue": null,
            "common_shares": null,
            "book_valuer_per_share": null,
            "book_valuer_per_share_4q_avg": 2.67,
            "equity": null,
            "current_ratio": null,
            "debt_ratio": null,
            "inventory_turnover_ratio": null,
            "account_receivable_turnover_ratio": null,
            "reinvestment_rate": null,
            "research_to_sale_ratio": null,
            "price_fair": 0,
            "eps_avg_yearly": 0,
            "eps_latest_yearly": 0,
            "eps_growth_yearly": 0
        },
        "20104": {
            "year_quarter": 20104,
            "year": 2010,
            "quarter": 4,
            "eps": null,
            "eps_growth_year": null,
            "eps_4q": null,
            "eps_4q_growth_year": null,
            "roe": null,
            "roe_4q": 0,
            "gross_profit": null,
            "gross_margin": null,
            "gross_margin_4q_avg": 0,
            "net_income": null,
            "revenue": null,
            "common_shares": 580316,
            "book_valuer_per_share": 8.65,
            "book_valuer_per_share_4q_avg": 2.16,
            "equity": 502195,
            "current_ratio": 186.35,
            "debt_ratio": 29.1,
            "inventory_turnover_ratio": null,
            "account_receivable_turnover_ratio": null,
            "reinvestment_rate": null,
            "research_to_sale_ratio": null,
            "price_fair": 0,
            "eps_avg_yearly": 0,
            "eps_latest_yearly": 0,
            "eps_growth_yearly": 0
        },
        "20111": {
            "year_quarter": 20111,
            "year": 2011,
            "quarter": 1,
            "eps": null,
            "eps_growth_year": null,
            "eps_4q": null,
            "eps_4q_growth_year": null,
            "roe": null,
            "roe_4q": 0,
            "gross_profit": null,
            "gross_margin": null,
            "gross_margin_4q_avg": 0,
            "net_income": null,
            "revenue": null,
            "common_shares": null,
            "book_valuer_per_share": null,
            "book_valuer_per_share_4q_avg": 2.16,
            "equity": null,
            "current_ratio": null,
            "debt_ratio": null,
            "inventory_turnover_ratio": null,
            "account_receivable_turnover_ratio": null,
            "reinvestment_rate": null,
            "research_to_sale_ratio": null,
            "price_fair": 0,
            "eps_avg_yearly": 0,
            "eps_latest_yearly": 0,
            "eps_growth_yearly": 0
        },
        "20112": {
            "year_quarter": 20112,
            "year": 2011,
            "quarter": 2,
            "eps": null,
            "eps_growth_year": null,
            "eps_4q": null,
            "eps_4q_growth_year": null,
            "roe": null,
            "roe_4q": 0,
            "gross_profit": null,
            "gross_margin": null,
            "gross_margin_4q_avg": 0,
            "net_income": null,
            "revenue": null,
            "common_shares": 680316,
            "book_valuer_per_share": null,
            "book_valuer_per_share_4q_avg": 2.16,
            "equity": 564162,
            "current_ratio": null,
            "debt_ratio": null,
            "inventory_turnover_ratio": null,
            "account_receivable_turnover_ratio": null,
            "reinvestment_rate": null,
            "research_to_sale_ratio": null,
            "price_fair": 0,
            "eps_avg_yearly": 0,
            "eps_latest_yearly": 0,
            "eps_growth_yearly": 0
        },
        "20113": {
            "year_quarter": 20113,
            "year": 2011,
            "quarter": 3,
            "eps": null,
            "eps_growth_year": null,
            "eps_4q": null,
            "eps_4q_growth_year": null,
            "roe": null,
            "roe_4q": 0,
            "gross_profit": null,
            "gross_margin": null,
            "gross_margin_4q_avg": 0,
            "net_income": null,
            "revenue": null,
            "common_shares": null,
            "book_valuer_per_share": null,
            "book_valuer_per_share_4q_avg": 2.16,
            "equity": null,
            "current_ratio": null,
            "debt_ratio": null,
            "inventory_turnover_ratio": null,
            "account_receivable_turnover_ratio": null,
            "reinvestment_rate": null,
            "research_to_sale_ratio": null,
            "price_fair": 0,
            "eps_avg_yearly": 0,
            "eps_latest_yearly": 0,
            "eps_growth_yearly": 0
        },
        "20114": {
            "year_quarter": 20114,
            "year": 2011,
            "quarter": 4,
            "eps": null,
            "eps_growth_year": null,
            "eps_4q": null,
            "eps_4q_growth_year": null,
            "roe": null,
            "roe_4q": 0,
            "gross_profit": null,
            "gross_margin": null,
            "gross_margin_4q_avg": 0,
            "net_income": null,
            "revenue": null,
            "common_shares": 776542,
            "book_valuer_per_share": 7.37,
            "book_valuer_per_share_4q_avg": 1.84,
            "equity": 572629,
            "current_ratio": 124.97,
            "debt_ratio": 36.43,
            "inventory_turnover_ratio": null,
            "account_receivable_turnover_ratio": null,
            "reinvestment_rate": null,
            "research_to_sale_ratio": null,
            "price_fair": 0,
            "eps_avg_yearly": 0,
            "eps_latest_yearly": 0,
            "eps_growth_yearly": 0
        },
        "20121": {
            "year_quarter": 20121,
            "year": 2012,
            "quarter": 1,
            "eps": null,
            "eps_growth_year": null,
            "eps_4q": null,
            "eps_4q_growth_year": null,
            "roe": null,
            "roe_4q": 0,
            "gross_profit": 20816,
            "gross_margin": null,
            "gross_margin_4q_avg": 0,
            "net_income": -97560,
            "revenue": 73509,
            "common_shares": 925483,
            "book_valuer_per_share": null,
            "book_valuer_per_share_4q_avg": 1.84,
            "equity": 1360663,
            "current_ratio": null,
            "debt_ratio": null,
            "inventory_turnover_ratio": null,
            "account_receivable_turnover_ratio": null,
            "reinvestment_rate": null,
            "research_to_sale_ratio": null,
            "price_fair": 0,
            "eps_avg_yearly": 0,
            "eps_latest_yearly": 0,
            "eps_growth_yearly": 0
        },
        "20122": {
            "year_quarter": 20122,
            "year": 2012,
            "quarter": 2,
            "eps": null,
            "eps_growth_year": null,
            "eps_4q": null,
            "eps_4q_growth_year": null,
            "roe": null,
            "roe_4q": 0,
            "gross_profit": 26007,
            "gross_margin": null,
            "gross_margin_4q_avg": 0,
            "net_income": -126522,
            "revenue": 103536,
            "common_shares": 925743,
            "book_valuer_per_share": 0,
            "book_valuer_per_share_4q_avg": 1.84,
            "equity": 1250868,
            "current_ratio": 444.47,
            "debt_ratio": 14.52,
            "inventory_turnover_ratio": null,
            "account_receivable_turnover_ratio": null,
            "reinvestment_rate": null,
            "research_to_sale_ratio": null,
            "price_fair": 0,
            "eps_avg_yearly": 0,
            "eps_latest_yearly": 0,
            "eps_growth_yearly": 0
        },
        "20123": {
            "year_quarter": 20123,
            "year": 2012,
            "quarter": 3,
            "eps": null,
            "eps_growth_year": null,
            "eps_4q": null,
            "eps_4q_growth_year": null,
            "roe": null,
            "roe_4q": 0,
            "gross_profit": 23938,
            "gross_margin": null,
            "gross_margin_4q_avg": 0,
            "net_income": -89567,
            "revenue": 97396,
            "common_shares": 925743,
            "book_valuer_per_share": null,
            "book_valuer_per_share_4q_avg": 1.84,
            "equity": 1158140,
            "current_ratio": null,
            "debt_ratio": null,
            "inventory_turnover_ratio": null,
            "account_receivable_turnover_ratio": null,
            "reinvestment_rate": null,
            "research_to_sale_ratio": null,
            "price_fair": 0,
            "eps_avg_yearly": 0,
            "eps_latest_yearly": 0,
            "eps_growth_yearly": 0
        },
        "20124": {
            "year_quarter": 20124,
            "year": 2012,
            "quarter": 4,
            "eps": null,
            "eps_growth_year": null,
            "eps_4q": null,
            "eps_4q_growth_year": null,
            "roe": null,
            "roe_4q": 0,
            "gross_profit": 22291,
            "gross_margin": null,
            "gross_margin_4q_avg": 0,
            "net_income": -253781,
            "revenue": 80264,
            "common_shares": 986294,
            "book_valuer_per_share": 13.77,
            "book_valuer_per_share_4q_avg": 3.44,
            "equity": 1358083,
            "current_ratio": 420.71,
            "debt_ratio": 18.84,
            "inventory_turnover_ratio": null,
            "account_receivable_turnover_ratio": null,
            "reinvestment_rate": null,
            "research_to_sale_ratio": null,
            "price_fair": 0,
            "eps_avg_yearly": 0,
            "eps_latest_yearly": 0,
            "eps_growth_yearly": 0
        },
        "20131": {
            "year_quarter": 20131,
            "year": 2013,
            "quarter": 1,
            "eps": -1.62,
            "eps_growth_year": null,
            "eps_4q": -1.62,
            "eps_4q_growth_year": null,
            "roe": -12.51,
            "roe_4q": -12.51,
            "gross_profit": -3129,
            "gross_margin": -8.59,
            "gross_margin_4q_avg": -2.15,
            "net_income": -159364,
            "revenue": 36444,
            "common_shares": 986294,
            "book_valuer_per_share": 12.07,
            "book_valuer_per_share_4q_avg": 6.46,
            "equity": 1189970,
            "current_ratio": 182.55,
            "debt_ratio": 24.99,
            "inventory_turnover_ratio": 0.75,
            "account_receivable_turnover_ratio": 1.19,
            "reinvestment_rate": null,
            "research_to_sale_ratio": 388.57,
            "price_fair": 0,
            "eps_avg_yearly": 0,
            "eps_latest_yearly": 0,
            "eps_growth_yearly": 0
        },
        "20132": {
            "year_quarter": 20132,
            "year": 2013,
            "quarter": 2,
            "eps": -1.69,
            "eps_growth_year": null,
            "eps_4q": -3.28,
            "eps_4q_growth_year": null,
            "roe": -14.9,
            "roe_4q": -27.41,
            "gross_profit": -8073,
            "gross_margin": -26.16,
            "gross_margin_4q_avg": -8.69,
            "net_income": -166402,
            "revenue": 30860,
            "common_shares": 992294,
            "book_valuer_per_share": 10.51,
            "book_valuer_per_share_4q_avg": 9.09,
            "equity": 1043262,
            "current_ratio": 197.08,
            "debt_ratio": 26.62,
            "inventory_turnover_ratio": 0.68,
            "account_receivable_turnover_ratio": 1.78,
            "reinvestment_rate": null,
            "research_to_sale_ratio": 443.17,
            "price_fair": 0,
            "eps_avg_yearly": 0,
            "eps_latest_yearly": 0,
            "eps_growth_yearly": 0
        },
        "20133": {
            "year_quarter": 20133,
            "year": 2013,
            "quarter": 3,
            "eps": 0.06,
            "eps_growth_year": null,
            "eps_4q": -3.22,
            "eps_4q_growth_year": null,
            "roe": 0.59,
            "roe_4q": -26.82,
            "gross_profit": 36220,
            "gross_margin": 29.01,
            "gross_margin_4q_avg": -1.44,
            "net_income": 6261,
            "revenue": 124839,
            "common_shares": 992915,
            "book_valuer_per_share": 10.79,
            "book_valuer_per_share_4q_avg": 11.79,
            "equity": 1071655,
            "current_ratio": 184.35,
            "debt_ratio": 31.55,
            "inventory_turnover_ratio": 1.29,
            "account_receivable_turnover_ratio": 4.47,
            "reinvestment_rate": null,
            "research_to_sale_ratio": 142.99,
            "price_fair": 0,
            "eps_avg_yearly": 0,
            "eps_latest_yearly": 0,
            "eps_growth_yearly": 0
        },
        "20134": {
            "year_quarter": 20134,
            "year": 2013,
            "quarter": 4,
            "eps": -1.61,
            "eps_growth_year": null,
            "eps_4q": -4.44,
            "eps_4q_growth_year": null,
            "roe": -6.88,
            "roe_4q": -33.7,
            "gross_profit": 70475,
            "gross_margin": 39.52,
            "gross_margin_4q_avg": 8.45,
            "net_income": -182726,
            "revenue": 178344,
            "common_shares": 1132028,
            "book_valuer_per_share": 37.46,
            "book_valuer_per_share_4q_avg": 17.71,
            "equity": 4240840,
            "current_ratio": 878.96,
            "debt_ratio": 9.36,
            "inventory_turnover_ratio": 1.5,
            "account_receivable_turnover_ratio": 4.05,
            "reinvestment_rate": null,
            "research_to_sale_ratio": 113.84,
            "price_fair": 0,
            "eps_avg_yearly": 0,
            "eps_latest_yearly": 0,
            "eps_growth_yearly": 0
        },
        "20141": {
            "year_quarter": 20141,
            "year": 2014,
            "quarter": 1,
            "eps": -1.44,
            "eps_growth_year": null,
            "eps_4q": -4.46,
            "eps_4q_growth_year": null,
            "roe": -3.87,
            "roe_4q": -25.060000000000002,
            "gross_profit": -782,
            "gross_margin": -0.84,
            "gross_margin_4q_avg": 10.38,
            "net_income": -161745,
            "revenue": 93377,
            "common_shares": 1132099,
            "book_valuer_per_share": 36.32,
            "book_valuer_per_share_4q_avg": 23.77,
            "equity": 4112404,
            "current_ratio": 1938.84,
            "debt_ratio": 4.4,
            "inventory_turnover_ratio": 1.29,
            "account_receivable_turnover_ratio": 2.09,
            "reinvestment_rate": null,
            "research_to_sale_ratio": 157.8,
            "price_fair": 0,
            "eps_avg_yearly": 0,
            "eps_latest_yearly": 0,
            "eps_growth_yearly": 0
        },
        "20142": {
            "year_quarter": 20142,
            "year": 2014,
            "quarter": 2,
            "eps": -2.46,
            "eps_growth_year": null,
            "eps_4q": -5.43,
            "eps_4q_growth_year": null,
            "roe": -6.92,
            "roe_4q": -17.08,
            "gross_profit": -12294,
            "gross_margin": -14.49,
            "gross_margin_4q_avg": 13.3,
            "net_income": -276284,
            "revenue": 84834,
            "common_shares": 1132427,
            "book_valuer_per_share": 34.18,
            "book_valuer_per_share_4q_avg": 29.69,
            "equity": 3871088,
            "current_ratio": 1629.25,
            "debt_ratio": 4.92,
            "inventory_turnover_ratio": 1.32,
            "account_receivable_turnover_ratio": 1.29,
            "reinvestment_rate": null,
            "research_to_sale_ratio": 208.09,
            "price_fair": 0,
            "eps_avg_yearly": 0,
            "eps_latest_yearly": 0,
            "eps_growth_yearly": 0
        },
        "20143": {
            "year_quarter": 20143,
            "year": 2014,
            "quarter": 3,
            "eps": -1.08,
            "eps_growth_year": -1900,
            "eps_4q": -6.56,
            "eps_4q_growth_year": null,
            "roe": -3.18,
            "roe_4q": -20.849999999999998,
            "gross_profit": 51470,
            "gross_margin": 64.15,
            "gross_margin_4q_avg": 22.09,
            "net_income": -121549,
            "revenue": 80234,
            "common_shares": 1130727,
            "book_valuer_per_share": 33.53,
            "book_valuer_per_share_4q_avg": 35.37,
            "equity": 3785401,
            "current_ratio": 1118.37,
            "debt_ratio": 5.96,
            "inventory_turnover_ratio": 0.39,
            "account_receivable_turnover_ratio": 0.68,
            "reinvestment_rate": null,
            "research_to_sale_ratio": 185.7,
            "price_fair": 0,
            "eps_avg_yearly": 0,
            "eps_latest_yearly": 0,
            "eps_growth_yearly": 0
        },
        "20144": {
            "year_quarter": 20144,
            "year": 2014,
            "quarter": 4,
            "eps": -3.04,
            "eps_growth_year": null,
            "eps_4q": -7.99,
            "eps_4q_growth_year": null,
            "roe": -9.41,
            "roe_4q": -23.38,
            "gross_profit": 16609,
            "gross_margin": 16.91,
            "gross_margin_4q_avg": 16.43,
            "net_income": -347306,
            "revenue": 98242,
            "common_shares": 1131057,
            "book_valuer_per_share": 30.92,
            "book_valuer_per_share_4q_avg": 33.74,
            "equity": 3595050,
            "current_ratio": 544.49,
            "debt_ratio": 10.43,
            "inventory_turnover_ratio": 0.94,
            "account_receivable_turnover_ratio": 0.62,
            "reinvestment_rate": null,
            "research_to_sale_ratio": 162.56,
            "price_fair": 0,
            "eps_avg_yearly": 0,
            "eps_latest_yearly": 0,
            "eps_growth_yearly": 0
        },
        "20151": {
            "year_quarter": 20151,
            "year": 2015,
            "quarter": 1,
            "eps": -2.5,
            "eps_growth_year": null,
            "eps_4q": -9.03,
            "eps_4q_growth_year": null,
            "roe": -8.32,
            "roe_4q": -27.83,
            "gross_profit": 12299,
            "gross_margin": 16.64,
            "gross_margin_4q_avg": 20.8,
            "net_income": -288466,
            "revenue": 73924,
            "common_shares": 1131042,
            "book_valuer_per_share": 27.92,
            "book_valuer_per_share_4q_avg": 31.64,
            "equity": 3336288,
            "current_ratio": 527.89,
            "debt_ratio": 10,
            "inventory_turnover_ratio": 0.56,
            "account_receivable_turnover_ratio": 0.56,
            "reinvestment_rate": null,
            "research_to_sale_ratio": 212.93,
            "price_fair": 0,
            "eps_avg_yearly": 0,
            "eps_latest_yearly": 0,
            "eps_growth_yearly": 0
        },
        "20152": {
            "year_quarter": 20152,
            "year": 2015,
            "quarter": 2,
            "eps": 0.69,
            "eps_growth_year": null,
            "eps_4q": -5.9,
            "eps_4q_growth_year": null,
            "roe": 1.73,
            "roe_4q": -19.18,
            "gross_profit": 21322,
            "gross_margin": 25.49,
            "gross_margin_4q_avg": 30.8,
            "net_income": 61715,
            "revenue": 83652,
            "common_shares": 1131237,
            "book_valuer_per_share": 31.57,
            "book_valuer_per_share_4q_avg": 30.99,
            "equity": 3802754,
            "current_ratio": 802.4,
            "debt_ratio": 7.49,
            "inventory_turnover_ratio": 0.43,
            "account_receivable_turnover_ratio": 0.89,
            "reinvestment_rate": null,
            "research_to_sale_ratio": 199.39,
            "price_fair": 0,
            "eps_avg_yearly": 0,
            "eps_latest_yearly": 0,
            "eps_growth_yearly": 0
        },
        "20153": {
            "year_quarter": 20153,
            "year": 2015,
            "quarter": 3,
            "eps": -0.64,
            "eps_growth_year": null,
            "eps_4q": -4.85,
            "eps_4q_growth_year": null,
            "roe": -1.97,
            "roe_4q": -17.97,
            "gross_profit": 25025,
            "gross_margin": 17.79,
            "gross_margin_4q_avg": 19.21,
            "net_income": -104682,
            "revenue": 140674,
            "common_shares": 1273227,
            "book_valuer_per_share": 49.91,
            "book_valuer_per_share_4q_avg": 35.08,
            "equity": 6823098,
            "current_ratio": 1727.77,
            "debt_ratio": 6.57,
            "inventory_turnover_ratio": 0.74,
            "account_receivable_turnover_ratio": 1.2,
            "reinvestment_rate": null,
            "research_to_sale_ratio": 136.31,
            "price_fair": 0,
            "eps_avg_yearly": 0,
            "eps_latest_yearly": 0,
            "eps_growth_yearly": 0
        },
        "20154": {
            "year_quarter": 20154,
            "year": 2015,
            "quarter": 4,
            "eps": -0.57,
            "eps_growth_year": null,
            "eps_4q": -2.73,
            "eps_4q_growth_year": null,
            "roe": -1.54,
            "roe_4q": -10.1,
            "gross_profit": 70380,
            "gross_margin": 50.59,
            "gross_margin_4q_avg": 27.63,
            "net_income": -103461,
            "revenue": 139118,
            "common_shares": 1274091,
            "book_valuer_per_share": 49.49,
            "book_valuer_per_share_4q_avg": 39.72,
            "equity": 6629914,
            "current_ratio": 1542.18,
            "debt_ratio": 7.06,
            "inventory_turnover_ratio": 0.52,
            "account_receivable_turnover_ratio": 1.16,
            "reinvestment_rate": null,
            "research_to_sale_ratio": 200.39,
            "price_fair": 0,
            "eps_avg_yearly": 0,
            "eps_latest_yearly": 0,
            "eps_growth_yearly": 0
        },
        "20161": {
            "year_quarter": 20161,
            "year": 2016,
            "quarter": 1,
            "eps": -1.76,
            "eps_growth_year": null,
            "eps_4q": -2.28,
            "eps_4q_growth_year": null,
            "roe": -3.65,
            "roe_4q": -5.43,
            "gross_profit": 91581,
            "gross_margin": 50,
            "gross_margin_4q_avg": 35.97,
            "net_income": -238028,
            "revenue": 183152,
            "common_shares": 1274043,
            "book_valuer_per_share": 47.78,
            "book_valuer_per_share_4q_avg": 44.69,
            "equity": 6395886,
            "current_ratio": 1578.25,
            "debt_ratio": 7.03,
            "inventory_turnover_ratio": 0.84,
            "account_receivable_turnover_ratio": 1.63,
            "reinvestment_rate": null,
            "research_to_sale_ratio": 110.56,
            "price_fair": 0,
            "eps_avg_yearly": 0,
            "eps_latest_yearly": 0,
            "eps_growth_yearly": 0
        },
        "20162": {
            "year_quarter": 20162,
            "year": 2016,
            "quarter": 2,
            "eps": -1.26,
            "eps_growth_year": -282.61,
            "eps_4q": -4.14,
            "eps_4q_growth_year": null,
            "roe": -2.79,
            "roe_4q": -9.95,
            "gross_profit": 45951,
            "gross_margin": 25.7,
            "gross_margin_4q_avg": 36.02,
            "net_income": -180743,
            "revenue": 178817,
            "common_shares": 1274043,
            "book_valuer_per_share": 48.93,
            "book_valuer_per_share_4q_avg": 49.03,
            "equity": 6551043,
            "current_ratio": 1888.11,
            "debt_ratio": 6.15,
            "inventory_turnover_ratio": 1.15,
            "account_receivable_turnover_ratio": 1.19,
            "reinvestment_rate": null,
            "research_to_sale_ratio": 106.21,
            "price_fair": 0,
            "eps_avg_yearly": 0,
            "eps_latest_yearly": 0,
            "eps_growth_yearly": 0
        },
        "20163": {
            "year_quarter": 20163,
            "year": 2016,
            "quarter": 3,
            "eps": -1.83,
            "eps_growth_year": null,
            "eps_4q": -5.4,
            "eps_4q_growth_year": null,
            "roe": -3.89,
            "roe_4q": -11.870000000000001,
            "gross_profit": 71780,
            "gross_margin": 34.37,
            "gross_margin_4q_avg": 40.17,
            "net_income": -250644,
            "revenue": 208857,
            "common_shares": 1273118,
            "book_valuer_per_share": 47.37,
            "book_valuer_per_share_4q_avg": 48.39,
            "equity": 6326921,
            "current_ratio": 1786.75,
            "debt_ratio": 6.28,
            "inventory_turnover_ratio": 1.1,
            "account_receivable_turnover_ratio": 1.4,
            "reinvestment_rate": null,
            "research_to_sale_ratio": 80.05,
            "price_fair": 0,
            "eps_avg_yearly": 0,
            "eps_latest_yearly": 0,
            "eps_growth_yearly": 0
        },
        "20164": {
            "year_quarter": 20164,
            "year": 2016,
            "quarter": 4,
            "eps": 3.14,
            "eps_growth_year": null,
            "eps_4q": -1.77,
            "eps_4q_growth_year": null,
            "roe": 5.84,
            "roe_4q": -4.49,
            "gross_profit": 49028,
            "gross_margin": 28.35,
            "gross_margin_4q_avg": 34.61,
            "net_income": 377522,
            "revenue": 172952,
            "common_shares": 1273274,
            "book_valuer_per_share": 50.45,
            "book_valuer_per_share_4q_avg": 48.63,
            "equity": 6609830,
            "current_ratio": 1502.92,
            "debt_ratio": 5.77,
            "inventory_turnover_ratio": 1.16,
            "account_receivable_turnover_ratio": 1.47,
            "reinvestment_rate": null,
            "research_to_sale_ratio": 93.06,
            "price_fair": 0,
            "eps_avg_yearly": 0,
            "eps_latest_yearly": 0,
            "eps_growth_yearly": 0
        },
        "20171": {
            "year_quarter": 20171,
            "year": 2017,
            "quarter": 1,
            "eps": -2.93,
            "eps_growth_year": null,
            "eps_4q": -2.92,
            "eps_4q_growth_year": null,
            "roe": -6.05,
            "roe_4q": -6.89,
            "gross_profit": 70751,
            "gross_margin": 41.1,
            "gross_margin_4q_avg": 32.38,
            "net_income": -386649,
            "revenue": 172143,
            "common_shares": 1273274,
            "book_valuer_per_share": 48.2,
            "book_valuer_per_share_4q_avg": 48.74,
            "equity": 6162804,
            "current_ratio": 591.42,
            "debt_ratio": 14.35,
            "inventory_turnover_ratio": 1.08,
            "account_receivable_turnover_ratio": 1.26,
            "reinvestment_rate": null,
            "research_to_sale_ratio": 96.94,
            "price_fair": 0,
            "eps_avg_yearly": 0,
            "eps_latest_yearly": 0,
            "eps_growth_yearly": 0
        },
        "20172": {
            "year_quarter": 20172,
            "year": 2017,
            "quarter": 2,
            "eps": 2.82,
            "eps_growth_year": null,
            "eps_4q": 1.19,
            "eps_4q_growth_year": null,
            "roe": 5.69,
            "roe_4q": 1.5900000000000003,
            "gross_profit": 73164,
            "gross_margin": 41.76,
            "gross_margin_4q_avg": 36.4,
            "net_income": 348826,
            "revenue": 175189,
            "common_shares": 1251016,
            "book_valuer_per_share": 49.3,
            "book_valuer_per_share_4q_avg": 48.83,
            "equity": 6100246,
            "current_ratio": 2496.89,
            "debt_ratio": 3.69,
            "inventory_turnover_ratio": 0.93,
            "account_receivable_turnover_ratio": 1.16,
            "reinvestment_rate": null,
            "research_to_sale_ratio": 70.14,
            "price_fair": 0,
            "eps_avg_yearly": 0,
            "eps_latest_yearly": 0,
            "eps_growth_yearly": 0
        },
        "20173": {
            "year_quarter": 20173,
            "year": 2017,
            "quarter": 3,
            "eps": -0.35,
            "eps_growth_year": null,
            "eps_4q": 2.79,
            "eps_4q_growth_year": null,
            "roe": -0.8,
            "roe_4q": 4.680000000000001,
            "gross_profit": 116344,
            "gross_margin": 48.9,
            "gross_margin_4q_avg": 40.03,
            "net_income": -48274,
            "revenue": 237937,
            "common_shares": 1203686,
            "book_valuer_per_share": 48.46,
            "book_valuer_per_share_4q_avg": 49.1,
            "equity": 5905691,
            "current_ratio": 2226.77,
            "debt_ratio": 4.06,
            "inventory_turnover_ratio": 0.94,
            "account_receivable_turnover_ratio": 1.43,
            "reinvestment_rate": null,
            "research_to_sale_ratio": 48.67,
            "price_fair": 0,
            "eps_avg_yearly": 0,
            "eps_latest_yearly": 0,
            "eps_growth_yearly": 0
        },
        "20174": {
            "year_quarter": 20174,
            "year": 2017,
            "quarter": 4,
            "eps": -1.58,
            "eps_growth_year": -150.38,
            "eps_4q": -2.06,
            "eps_4q_growth_year": null,
            "roe": -3.5,
            "roe_4q": -4.659999999999999,
            "gross_profit": 60200,
            "gross_margin": 27.21,
            "gross_margin_4q_avg": 39.74,
            "net_income": -203461,
            "revenue": 221275,
            "common_shares": 1203697,
            "book_valuer_per_share": 46.89,
            "book_valuer_per_share_4q_avg": 48.21,
            "equity": 5716905,
            "current_ratio": 746.96,
            "debt_ratio": 10.75,
            "inventory_turnover_ratio": 1,
            "account_receivable_turnover_ratio": 1.23,
            "reinvestment_rate": null,
            "research_to_sale_ratio": 78.81,
            "price_fair": 0,
            "eps_avg_yearly": 0,
            "eps_latest_yearly": 0,
            "eps_growth_yearly": 0
        },
        "20181": {
            "year_quarter": 20181,
            "year": 2018,
            "quarter": 1,
            "eps": -2.07,
            "eps_growth_year": null,
            "eps_4q": -1.09,
            "eps_4q_growth_year": null,
            "roe": -4.62,
            "roe_4q": -3.2300000000000013,
            "gross_profit": 9600,
            "gross_margin": 5.6,
            "gross_margin_4q_avg": 30.87,
            "net_income": -258322,
            "revenue": 171381,
            "common_shares": 1203400,
            "book_valuer_per_share": 44.87,
            "book_valuer_per_share_4q_avg": 47.38,
            "equity": 5463340,
            "current_ratio": 1111.16,
            "debt_ratio": 7.16,
            "inventory_turnover_ratio": 0.8,
            "account_receivable_turnover_ratio": 1.19,
            "reinvestment_rate": null,
            "research_to_sale_ratio": 78.15,
            "price_fair": 0,
            "eps_avg_yearly": 0,
            "eps_latest_yearly": 0,
            "eps_growth_yearly": 0
        },
        "20182": {
            "year_quarter": 20182,
            "year": 2018,
            "quarter": 2,
            "eps": 0.21,
            "eps_growth_year": -92.55,
            "eps_4q": -3.79,
            "eps_4q_growth_year": -419.24,
            "roe": 0.27,
            "roe_4q": -8.65,
            "gross_profit": 24808,
            "gross_margin": 12.56,
            "gross_margin_4q_avg": 23.57,
            "net_income": 14859,
            "revenue": 197489,
            "common_shares": 1203415,
            "book_valuer_per_share": 45.11,
            "book_valuer_per_share_4q_avg": 46.33,
            "equity": 5481914,
            "current_ratio": 771.12,
            "debt_ratio": 10.08,
            "inventory_turnover_ratio": 0.75,
            "account_receivable_turnover_ratio": 1.24,
            "reinvestment_rate": null,
            "research_to_sale_ratio": 70.84,
            "price_fair": 0,
            "eps_avg_yearly": 0,
            "eps_latest_yearly": 0,
            "eps_growth_yearly": 0
        },
        "20183": {
            "year_quarter": 20183,
            "year": 2018,
            "quarter": 3,
            "eps": -1.13,
            "eps_growth_year": null,
            "eps_4q": -4.56,
            "eps_4q_growth_year": -263.79,
            "roe": -2.63,
            "roe_4q": -10.48,
            "gross_profit": 17013,
            "gross_margin": 8.34,
            "gross_margin_4q_avg": 13.43,
            "net_income": -147500,
            "revenue": 204111,
            "common_shares": 1203425,
            "book_valuer_per_share": 45.77,
            "book_valuer_per_share_4q_avg": 45.66,
            "equity": 5716625,
            "current_ratio": 886.24,
            "debt_ratio": 9.01,
            "inventory_turnover_ratio": 0.69,
            "account_receivable_turnover_ratio": 1.07,
            "reinvestment_rate": null,
            "research_to_sale_ratio": 62.05,
            "price_fair": 0,
            "eps_avg_yearly": 0,
            "eps_latest_yearly": 0,
            "eps_growth_yearly": 0
        },
        "20184": {
            "year_quarter": 20184,
            "year": 2018,
            "quarter": 4,
            "eps": -1.24,
            "eps_growth_year": null,
            "eps_4q": -4.23,
            "eps_4q_growth_year": null,
            "roe": -2.82,
            "roe_4q": -9.8,
            "gross_profit": 11526,
            "gross_margin": 4.61,
            "gross_margin_4q_avg": 7.78,
            "net_income": -159226,
            "revenue": 249964,
            "common_shares": 1203556,
            "book_valuer_per_share": 44.62,
            "book_valuer_per_share_4q_avg": 45.09,
            "equity": 5568015,
            "current_ratio": 574.96,
            "debt_ratio": 13.17,
            "inventory_turnover_ratio": 0.77,
            "account_receivable_turnover_ratio": 0.79,
            "reinvestment_rate": null,
            "research_to_sale_ratio": 56.03,
            "price_fair": 0,
            "eps_avg_yearly": 0,
            "eps_latest_yearly": 0,
            "eps_growth_yearly": 0
        },
        "20191": {
            "year_quarter": 20191,
            "year": 2019,
            "quarter": 1,
            "eps": -1.02,
            "eps_growth_year": null,
            "eps_4q": -3.18,
            "eps_4q_growth_year": null,
            "roe": -2.47,
            "roe_4q": -7.65,
            "gross_profit": 19725,
            "gross_margin": 8.82,
            "gross_margin_4q_avg": 8.58,
            "net_income": -136113,
            "revenue": 223688,
            "common_shares": 1203568,
            "book_valuer_per_share": 43.64,
            "book_valuer_per_share_4q_avg": 44.79,
            "equity": 5437531,
            "current_ratio": 503.33,
            "debt_ratio": 18.41,
            "inventory_turnover_ratio": 0.57,
            "account_receivable_turnover_ratio": 0.46,
            "reinvestment_rate": null,
            "research_to_sale_ratio": 58.13,
            "price_fair": 0,
            "eps_avg_yearly": 0,
            "eps_latest_yearly": 0,
            "eps_growth_yearly": 0
        }
    },
    "months": {
        "2012-11": {
            "month": "2012-11",
            "price": "144.65",
            "revenue": 24885
        },
        "2012-12": {
            "month": "2012-12",
            "price": "141.73",
            "revenue": 21300
        },
        "2013-01": {
            "month": "2013-01",
            "price": "177.39",
            "revenue": 10546
        },
        "2013-02": {
            "month": "2013-02",
            "price": "263.73",
            "revenue": 12113
        },
        "2013-03": {
            "month": "2013-03",
            "price": "238.71",
            "revenue": 13785
        },
        "2013-04": {
            "month": "2013-04",
            "price": "215.09",
            "revenue": 11931
        },
        "2013-05": {
            "month": "2013-05",
            "price": "214.62",
            "revenue": 13493
        },
        "2013-06": {
            "month": "2013-06",
            "price": "246.38",
            "revenue": 8889
        },
        "2013-07": {
            "month": "2013-07",
            "price": "256.48",
            "revenue": 36472
        },
        "2013-08": {
            "month": "2013-08",
            "price": "244.79",
            "revenue": 48840
        },
        "2013-09": {
            "month": "2013-09",
            "price": "272.14",
            "revenue": 39528
        },
        "2013-10": {
            "month": "2013-10",
            "price": "330.23",
            "revenue": 52986
        },
        "2013-11": {
            "month": "2013-11",
            "price": "322.63",
            "revenue": 76679
        },
        "2013-12": {
            "month": "2013-12",
            "price": "315.14",
            "revenue": 48678
        },
        "2014-01": {
            "month": "2014-01",
            "price": "304.36",
            "revenue": 63448
        },
        "2014-02": {
            "month": "2014-02",
            "price": "314.18",
            "revenue": 16036
        },
        "2014-03": {
            "month": "2014-03",
            "price": "285.38",
            "revenue": 13894
        },
        "2014-04": {
            "month": "2014-04",
            "price": "267.88",
            "revenue": 65879
        },
        "2014-05": {
            "month": "2014-05",
            "price": "298.90",
            "revenue": 10299
        },
        "2014-06": {
            "month": "2014-06",
            "price": "297.22",
            "revenue": 8656
        },
        "2014-07": {
            "month": "2014-07",
            "price": "267.30",
            "revenue": 10453
        },
        "2014-08": {
            "month": "2014-08",
            "price": "225.71",
            "revenue": 68002
        },
        "2014-09": {
            "month": "2014-09",
            "price": "243.71",
            "revenue": 1780
        },
        "2014-10": {
            "month": "2014-10",
            "price": "242.23",
            "revenue": 15545
        },
        "2014-11": {
            "month": "2014-11",
            "price": "248.52",
            "revenue": 40196
        },
        "2014-12": {
            "month": "2014-12",
            "price": "272.02",
            "revenue": 38244
        },
        "2015-01": {
            "month": "2015-01",
            "price": "239.60",
            "revenue": 16063
        },
        "2015-02": {
            "month": "2015-02",
            "price": "236.00",
            "revenue": 18155
        },
        "2015-03": {
            "month": "2015-03",
            "price": "230.55",
            "revenue": 39638
        },
        "2015-04": {
            "month": "2015-04",
            "price": "193.52",
            "revenue": 19328
        },
        "2015-05": {
            "month": "2015-05",
            "price": "207.62",
            "revenue": 19039
        },
        "2015-06": {
            "month": "2015-06",
            "price": "200.14",
            "revenue": 35174
        },
        "2015-07": {
            "month": "2015-07",
            "price": "205.89",
            "revenue": 38769
        },
        "2015-08": {
            "month": "2015-08",
            "price": "216.10",
            "revenue": 54033
        },
        "2015-09": {
            "month": "2015-09",
            "price": "219.10",
            "revenue": 47873
        },
        "2015-10": {
            "month": "2015-10",
            "price": "183.93",
            "revenue": 63540
        },
        "2015-11": {
            "month": "2015-11",
            "price": "174.93",
            "revenue": 46490
        },
        "2015-12": {
            "month": "2015-12",
            "price": "185.43",
            "revenue": 26079
        },
        "2016-01": {
            "month": "2016-01",
            "price": "162.26",
            "revenue": 77972
        },
        "2016-02": {
            "month": "2016-02",
            "price": "157.54",
            "revenue": 54211
        },
        "2016-03": {
            "month": "2016-03",
            "price": "143.24",
            "revenue": 41277
        },
        "2016-04": {
            "month": "2016-04",
            "price": "115.34",
            "revenue": 63437
        },
        "2016-05": {
            "month": "2016-05",
            "price": "117.76",
            "revenue": 58809
        },
        "2016-06": {
            "month": "2016-06",
            "price": "123.12",
            "revenue": 66888
        },
        "2016-07": {
            "month": "2016-07",
            "price": "133.02",
            "revenue": 58845
        },
        "2016-08": {
            "month": "2016-08",
            "price": "116.26",
            "revenue": 60822
        },
        "2016-09": {
            "month": "2016-09",
            "price": "112.32",
            "revenue": 71598
        },
        "2016-10": {
            "month": "2016-10",
            "price": "109.05",
            "revenue": 88061
        },
        "2016-11": {
            "month": "2016-11",
            "price": "100.84",
            "revenue": 37775
        },
        "2016-12": {
            "month": "2016-12",
            "price": "104.70",
            "revenue": 67798
        },
        "2017-01": {
            "month": "2017-01",
            "price": "100.36",
            "revenue": 54314
        },
        "2017-02": {
            "month": "2017-02",
            "price": "101.18",
            "revenue": 44604
        },
        "2017-03": {
            "month": "2017-03",
            "price": "96.30",
            "revenue": 58083
        },
        "2017-04": {
            "month": "2017-04",
            "price": "86.68",
            "revenue": 57714
        },
        "2017-05": {
            "month": "2017-05",
            "price": "82.54",
            "revenue": 53003
        },
        "2017-06": {
            "month": "2017-06",
            "price": "89.13",
            "revenue": 60747
        },
        "2017-07": {
            "month": "2017-07",
            "price": "81.71",
            "revenue": 78473
        },
        "2017-08": {
            "month": "2017-08",
            "price": "71.75",
            "revenue": 73517
        },
        "2017-09": {
            "month": "2017-09",
            "price": "70.60",
            "revenue": 89192
        },
        "2017-10": {
            "month": "2017-10",
            "price": "67.28",
            "revenue": 87421
        },
        "2017-11": {
            "month": "2017-11",
            "price": "71.97",
            "revenue": 85931
        },
        "2017-12": {
            "month": "2017-12",
            "price": "77.88",
            "revenue": 70792
        },
        "2018-01": {
            "month": "2018-01",
            "price": "82.78",
            "revenue": 62311
        },
        "2018-02": {
            "month": "2018-02",
            "price": "75.32",
            "revenue": 58552
        },
        "2018-03": {
            "month": "2018-03",
            "price": "84.46",
            "revenue": 50539
        },
        "2018-04": {
            "month": "2018-04",
            "price": "95.25",
            "revenue": 63251
        },
        "2018-05": {
            "month": "2018-05",
            "price": "84.27",
            "revenue": 66867
        },
        "2018-06": {
            "month": "2018-06",
            "price": "81.68",
            "revenue": 67494
        },
        "2018-07": {
            "month": "2018-07",
            "price": "72.36",
            "revenue": 75679
        },
        "2018-08": {
            "month": "2018-08",
            "price": "67.41",
            "revenue": 73167
        },
        "2018-09": {
            "month": "2018-09",
            "price": "65.06",
            "revenue": 54922
        },
        "2018-10": {
            "month": "2018-10",
            "price": "61.38",
            "revenue": 94519
        },
        "2018-11": {
            "month": "2018-11",
            "price": "59.85",
            "revenue": 78701
        },
        "2018-12": {
            "month": "2018-12",
            "price": "57.80",
            "revenue": 77772
        },
        "2019-01": {
            "month": "2019-01",
            "price": "60.68",
            "revenue": 71277
        },
        "2019-02": {
            "month": "2019-02",
            "price": "61.94",
            "revenue": 91696
        },
        "2019-03": {
            "month": "2019-03",
            "price": "66.79",
            "revenue": 60697
        },
        "2019-04": {
            "month": "2019-04",
            "price": "70.86",
            "revenue": 80962
        },
        "2019-05": {
            "month": "2019-05",
            "price": "70.40",
            "revenue": 91358
        },
        "2019-06": {
            "month": "2019-06",
            "price": "70.58",
            "revenue": 132483
        }
    }
}
