{
    "summary": {
        "stock_name": "福永生技",
        "stock_id": "4183",
        "category": "生技醫療",
        "main_business": "醫療器材製造業<br>國際貿易業<br>智慧財產權業",
        "website_url": "http://www.epsbio.com.tw/",
        "ceo": "卓振輝",
        "pe_ratio": 19,
        "report_year_from": 2012,
        "report_year_to": 2023,
        "age": 11,
        "eps_negative_percentage": 0,
        "eps_growth_avg": {
            "last_all": 15.25,
            "last_2y": 21.78,
            "last_4y": 36.35,
            "last_8y": null,
            "last_12y": null,
            "last_16y": null,
            "last_20y": null,
            "at_2006_last_3y": null,
            "at_2007_last_3y": null,
            "at_2008_last_3y": null,
            "at_2009_last_3y": null,
            "at_2010_last_3y": null,
            "at_2011_last_3y": null,
            "at_2012_last_3y": null,
            "at_2013_last_3y": null,
            "at_2014_last_3y": null,
            "at_2015_last_3y": null,
            "at_2016_last_3y": null,
            "at_2017_last_3y": null,
            "at_2018_last_3y": null,
            "at_2019_last_3y": null,
            "at_2020_last_3y": 24.17,
            "at_2021_last_3y": 36.58,
            "at_2022_last_3y": 20.44,
            "at_2023_last_3y": 20.44,
            "at_2006_last_all": null,
            "at_2007_last_all": null,
            "at_2008_last_all": null,
            "at_2009_last_all": null,
            "at_2010_last_all": null,
            "at_2011_last_all": null,
            "at_2012_last_all": null,
            "at_2013_last_all": null,
            "at_2014_last_all": null,
            "at_2015_last_all": null,
            "at_2016_last_all": null,
            "at_2017_last_all": null,
            "at_2018_last_all": 4.88,
            "at_2019_last_all": 8.72,
            "at_2020_last_all": 24.17,
            "at_2021_last_all": 11.22,
            "at_2022_last_all": 15.25,
            "at_2023_last_all": 15.25
        },
        "latest_eps": 1.06,
        "latest_price": 20.6,
        "latest_roe": 8.25,
        "latest_gross_margin": 24.94,
        "latest_equity": 310768,
        "latest_revenue": 90871,
        "latest_gross_profit": 22664,
        "latest_net_income": 2413,
        "latest_debt_ratio": 40.27,
        "latest_current_ratio": 361.81,
        "latest_account_receivable_turnover_ratio": 1.29,
        "latest_inventory_turnover_ratio": 0.79,
        "latest_reinvestment_rate": -3,
        "latest_research_to_sale_ratio": 9.32
    },
    "eps_dividends": {
        "2001": {
            "cash": 0,
            "stock": 0,
            "eps": 0
        },
        "2002": {
            "cash": 0,
            "stock": 0,
            "eps": 0
        },
        "2003": {
            "cash": 0,
            "stock": 0,
            "eps": 0
        },
        "2004": {
            "cash": 0,
            "stock": 0,
            "eps": 0
        },
        "2005": {
            "cash": 0,
            "stock": 0,
            "eps": 0
        },
        "2006": {
            "cash": 0,
            "stock": 0,
            "eps": 0
        },
        "2007": {
            "cash": 0,
            "stock": 0,
            "eps": 0
        },
        "2008": {
            "cash": 0,
            "stock": 0,
            "eps": 0
        },
        "2009": {
            "cash": 0,
            "stock": 0,
            "eps": 0
        },
        "2010": {
            "cash": 0,
            "stock": 0,
            "eps": 0
        },
        "2011": {
            "cash": 0,
            "stock": 0,
            "eps": 0
        },
        "2012": {
            "cash": 0,
            "stock": 0,
            "eps": 0
        },
        "2013": {
            "cash": 0.6,
            "stock": 0,
            "eps": 0
        },
        "2014": {
            "cash": 0.1,
            "stock": 0.4,
            "eps": 0
        },
        "2015": {
            "cash": 0,
            "stock": 0,
            "eps": 0
        },
        "2016": {
            "cash": 0.4,
            "stock": 0,
            "eps": 0.82
        },
        "2017": {
            "cash": 0.8,
            "stock": 0,
            "eps": 0.08
        },
        "2018": {
            "cash": 0.3,
            "stock": 0,
            "eps": 0.67
        },
        "2019": {
            "cash": 0.7,
            "stock": 0,
            "eps": 0.78
        },
        "2020": {
            "cash": 0.7,
            "stock": 0,
            "eps": 1.33
        },
        "2021": {
            "cash": 1.2,
            "stock": 0,
            "eps": 0.79
        },
        "2022": {
            "cash": 0.7,
            "stock": 0,
            "eps": 1.07
        },
        "2023": {
            "cash": 0.98,
            "stock": 0,
            "eps": 0.1
        }
    },
    "dividends": {
        "2013-06-24": {
            "cash": 0.6,
            "stock": 0
        },
        "2014-11-20": {
            "cash": 0.1,
            "stock": 0.4
        },
        "2016-09-29": {
            "cash": 0.4,
            "stock": 0
        },
        "2017-09-20": {
            "cash": 0.8,
            "stock": 0
        },
        "2018-09-20": {
            "cash": 0.3,
            "stock": 0
        },
        "2019-07-26": {
            "cash": 0.7,
            "stock": 0
        },
        "2020-08-07": {
            "cash": 0.7,
            "stock": 0
        },
        "2021-08-13": {
            "cash": 1.2,
            "stock": 0
        },
        "2022-08-04": {
            "cash": 0.7,
            "stock": 0
        },
        "2023-08-04": {
            "cash": 0.98,
            "stock": 0
        }
    },
    "prices": {
        "200101": "無",
        "200102": "無",
        "200103": "無",
        "200104": "無",
        "200105": "無",
        "200106": "無",
        "200107": "無",
        "200108": "無",
        "200109": "無",
        "200110": "無",
        "200111": "無",
        "200112": "無",
        "200201": "無",
        "200202": "無",
        "200203": "無",
        "200204": "無",
        "200205": "無",
        "200206": "無",
        "200207": "無",
        "200208": "無",
        "200209": "無",
        "200210": "無",
        "200211": "無",
        "200212": "無",
        "200301": "無",
        "200302": "無",
        "200303": "無",
        "200304": "無",
        "200305": "無",
        "200306": "無",
        "200307": "無",
        "200308": "無",
        "200309": "無",
        "200310": "無",
        "200311": "無",
        "200312": "無",
        "200401": "無",
        "200402": "無",
        "200403": "無",
        "200404": "無",
        "200405": "無",
        "200406": "無",
        "200407": "無",
        "200408": "無",
        "200409": "無",
        "200410": "無",
        "200411": "無",
        "200412": "無",
        "200501": "無",
        "200502": "無",
        "200503": "無",
        "200504": "無",
        "200505": "無",
        "200506": "無",
        "200507": "無",
        "200508": "無",
        "200509": "無",
        "200510": "無",
        "200511": "無",
        "200512": "無",
        "200601": "無",
        "200602": "無",
        "200603": "無",
        "200604": "無",
        "200605": "無",
        "200606": "無",
        "200607": "無",
        "200608": "無",
        "200609": "無",
        "200610": "無",
        "200611": "無",
        "200612": "無",
        "200701": "無",
        "200702": "無",
        "200703": "無",
        "200704": "無",
        "200705": "無",
        "200706": "無",
        "200707": "無",
        "200708": "無",
        "200709": "無",
        "200710": "無",
        "200711": "無",
        "200712": "無",
        "200801": "無",
        "200802": "無",
        "200803": "無",
        "200804": "無",
        "200805": "無",
        "200806": "無",
        "200807": "無",
        "200808": "無",
        "200809": "無",
        "200810": "無",
        "200811": "無",
        "200812": "無",
        "200901": "無",
        "200902": "無",
        "200903": "無",
        "200904": "無",
        "200905": "無",
        "200906": "無",
        "200907": "無",
        "200908": "無",
        "200909": "無",
        "200910": "無",
        "200911": "無",
        "200912": "無",
        "201001": "無",
        "201002": "無",
        "201003": "無",
        "201004": "無",
        "201005": "無",
        "201006": "無",
        "201007": "無",
        "201008": "無",
        "201009": "無",
        "201010": "無",
        "201011": "無",
        "201012": "無",
        "201101": "無",
        "201102": "無",
        "201103": "無",
        "201104": "無",
        "201105": "無",
        "201106": "無",
        "201107": "無",
        "201108": "無",
        "201109": "無",
        "201110": "無",
        "201111": "無",
        "201112": "無",
        "201201": "無",
        "201202": "無",
        "201203": "無",
        "201204": "無",
        "201205": "無",
        "201206": "無",
        "201207": "無",
        "201208": "無",
        "201209": "無",
        "201210": "無",
        "201211": "15.79",
        "201212": "15.95",
        "201301": "16.49",
        "201302": "17.16",
        "201303": "17.19",
        "201304": "17.34",
        "201305": "17.41",
        "201306": "17.35",
        "201307": "17.11",
        "201308": "16.90",
        "201309": "16.95",
        "201310": "18.45",
        "201311": "18.03",
        "201312": "17.52",
        "201401": "17.39",
        "201402": "17.57",
        "201403": "17.95",
        "201404": "18.08",
        "201405": "16.44",
        "201406": "16.67",
        "201407": "16.74",
        "201408": "16.42",
        "201409": "15.75",
        "201410": "13.13",
        "201411": "12.01",
        "201412": "12.30",
        "201501": "14.28",
        "201502": "13.84",
        "201503": "16.00",
        "201504": "15.87",
        "201505": "14.95",
        "201506": "14.91",
        "201507": "14.77",
        "201508": "15.19",
        "201509": "15.73",
        "201510": "15.65",
        "201511": "15.91",
        "201512": "16.25",
        "201601": "16.30",
        "201602": "16.04",
        "201603": "16.30",
        "201604": "18.55",
        "201605": "18.83",
        "201606": "19.10",
        "201607": "19.30",
        "201608": "19.45",
        "201609": "20.41",
        "201610": "19.79",
        "201611": "22.31",
        "201612": "23.48",
        "201701": "24.70",
        "201702": "31.17",
        "201703": "38.15",
        "201704": "31.11",
        "201705": "26.62",
        "201706": "25.33",
        "201707": "23.94",
        "201708": "21.20",
        "201709": "19.91",
        "201710": "18.76",
        "201711": "19.26",
        "201712": "17.90",
        "201801": "18.48",
        "201802": "17.85",
        "201803": "19.82",
        "201804": "20.24",
        "201805": "18.68",
        "201806": "18.25",
        "201807": "17.56",
        "201808": "17.52",
        "201809": "16.84",
        "201810": "15.40",
        "201811": "14.19",
        "201812": "14.58",
        "201901": "14.94",
        "201902": "15.55",
        "201903": "17.20",
        "201904": "18.46",
        "201905": "17.02",
        "201906": "17.05",
        "201907": "17.27",
        "201908": "16.89",
        "201909": "16.91",
        "201910": "16.89",
        "201911": "17.14",
        "201912": "19.43",
        "202001": "19.62",
        "202002": "20.25",
        "202003": "16.73",
        "202004": "17.05",
        "202005": "18.53",
        "202006": "20.56",
        "202007": "23.03",
        "202008": "22.03",
        "202009": "22.30",
        "202010": "20.59",
        "202011": "20.83",
        "202012": "21.03",
        "202101": "21.16",
        "202102": "21.23",
        "202103": "21.92",
        "202104": "22.50",
        "202105": "20.96",
        "202106": "20.34",
        "202107": "20.15",
        "202108": "19.23",
        "202109": "18.38",
        "202110": "18.52",
        "202111": "18.43",
        "202112": "18.30",
        "202201": "18.17",
        "202202": "18.21",
        "202203": "18.15",
        "202204": "18.75",
        "202205": "18.86",
        "202206": "18.28",
        "202207": "17.52",
        "202208": "18.16",
        "202209": "18.51",
        "202210": "18.09",
        "202211": "17.98",
        "202212": "18.78",
        "202301": "18.44",
        "202302": "18.59",
        "202303": "18.78",
        "202304": "19.42",
        "202305": "20.03",
        "202306": "20.74"
    },
    "quarters": {
        "20011": {
            "year_quarter": 20011,
            "year": 2001,
            "quarter": 1,
            "eps": null,
            "eps_growth_year": null,
            "eps_4q": null,
            "eps_4q_growth_year": null,
            "roe": null,
            "roe_4q": 0,
            "gross_profit": null,
            "gross_margin": null,
            "gross_margin_4q_avg": 0,
            "net_income": null,
            "revenue": null,
            "common_shares": null,
            "book_valuer_per_share": null,
            "book_valuer_per_share_4q_avg": 0,
            "equity": null,
            "current_ratio": null,
            "debt_ratio": null,
            "inventory_turnover_ratio": null,
            "account_receivable_turnover_ratio": null,
            "reinvestment_rate": null,
            "research_to_sale_ratio": null,
            "price_fair": 0,
            "eps_avg_yearly": 0,
            "eps_latest_yearly": 0,
            "eps_growth_yearly": 0
        },
        "20012": {
            "year_quarter": 20012,
            "year": 2001,
            "quarter": 2,
            "eps": null,
            "eps_growth_year": null,
            "eps_4q": null,
            "eps_4q_growth_year": null,
            "roe": null,
            "roe_4q": 0,
            "gross_profit": null,
            "gross_margin": null,
            "gross_margin_4q_avg": 0,
            "net_income": null,
            "revenue": null,
            "common_shares": null,
            "book_valuer_per_share": null,
            "book_valuer_per_share_4q_avg": 0,
            "equity": null,
            "current_ratio": null,
            "debt_ratio": null,
            "inventory_turnover_ratio": null,
            "account_receivable_turnover_ratio": null,
            "reinvestment_rate": null,
            "research_to_sale_ratio": null,
            "price_fair": 0,
            "eps_avg_yearly": 0,
            "eps_latest_yearly": 0,
            "eps_growth_yearly": 0
        },
        "20013": {
            "year_quarter": 20013,
            "year": 2001,
            "quarter": 3,
            "eps": null,
            "eps_growth_year": null,
            "eps_4q": null,
            "eps_4q_growth_year": null,
            "roe": null,
            "roe_4q": 0,
            "gross_profit": null,
            "gross_margin": null,
            "gross_margin_4q_avg": 0,
            "net_income": null,
            "revenue": null,
            "common_shares": null,
            "book_valuer_per_share": null,
            "book_valuer_per_share_4q_avg": 0,
            "equity": null,
            "current_ratio": null,
            "debt_ratio": null,
            "inventory_turnover_ratio": null,
            "account_receivable_turnover_ratio": null,
            "reinvestment_rate": null,
            "research_to_sale_ratio": null,
            "price_fair": 0,
            "eps_avg_yearly": 0,
            "eps_latest_yearly": 0,
            "eps_growth_yearly": 0
        },
        "20014": {
            "year_quarter": 20014,
            "year": 2001,
            "quarter": 4,
            "eps": null,
            "eps_growth_year": null,
            "eps_4q": null,
            "eps_4q_growth_year": null,
            "roe": null,
            "roe_4q": 0,
            "gross_profit": null,
            "gross_margin": null,
            "gross_margin_4q_avg": 0,
            "net_income": null,
            "revenue": null,
            "common_shares": null,
            "book_valuer_per_share": null,
            "book_valuer_per_share_4q_avg": 0,
            "equity": null,
            "current_ratio": null,
            "debt_ratio": null,
            "inventory_turnover_ratio": null,
            "account_receivable_turnover_ratio": null,
            "reinvestment_rate": null,
            "research_to_sale_ratio": null,
            "price_fair": 0,
            "eps_avg_yearly": 0,
            "eps_latest_yearly": 0,
            "eps_growth_yearly": 0
        },
        "20021": {
            "year_quarter": 20021,
            "year": 2002,
            "quarter": 1,
            "eps": null,
            "eps_growth_year": null,
            "eps_4q": null,
            "eps_4q_growth_year": null,
            "roe": null,
            "roe_4q": 0,
            "gross_profit": null,
            "gross_margin": null,
            "gross_margin_4q_avg": 0,
            "net_income": null,
            "revenue": null,
            "common_shares": null,
            "book_valuer_per_share": null,
            "book_valuer_per_share_4q_avg": 0,
            "equity": null,
            "current_ratio": null,
            "debt_ratio": null,
            "inventory_turnover_ratio": null,
            "account_receivable_turnover_ratio": null,
            "reinvestment_rate": null,
            "research_to_sale_ratio": null,
            "price_fair": 0,
            "eps_avg_yearly": 0,
            "eps_latest_yearly": 0,
            "eps_growth_yearly": 0
        },
        "20022": {
            "year_quarter": 20022,
            "year": 2002,
            "quarter": 2,
            "eps": null,
            "eps_growth_year": null,
            "eps_4q": null,
            "eps_4q_growth_year": null,
            "roe": null,
            "roe_4q": 0,
            "gross_profit": null,
            "gross_margin": null,
            "gross_margin_4q_avg": 0,
            "net_income": null,
            "revenue": null,
            "common_shares": null,
            "book_valuer_per_share": null,
            "book_valuer_per_share_4q_avg": 0,
            "equity": null,
            "current_ratio": null,
            "debt_ratio": null,
            "inventory_turnover_ratio": null,
            "account_receivable_turnover_ratio": null,
            "reinvestment_rate": null,
            "research_to_sale_ratio": null,
            "price_fair": 0,
            "eps_avg_yearly": 0,
            "eps_latest_yearly": 0,
            "eps_growth_yearly": 0
        },
        "20023": {
            "year_quarter": 20023,
            "year": 2002,
            "quarter": 3,
            "eps": null,
            "eps_growth_year": null,
            "eps_4q": null,
            "eps_4q_growth_year": null,
            "roe": null,
            "roe_4q": 0,
            "gross_profit": null,
            "gross_margin": null,
            "gross_margin_4q_avg": 0,
            "net_income": null,
            "revenue": null,
            "common_shares": null,
            "book_valuer_per_share": null,
            "book_valuer_per_share_4q_avg": 0,
            "equity": null,
            "current_ratio": null,
            "debt_ratio": null,
            "inventory_turnover_ratio": null,
            "account_receivable_turnover_ratio": null,
            "reinvestment_rate": null,
            "research_to_sale_ratio": null,
            "price_fair": 0,
            "eps_avg_yearly": 0,
            "eps_latest_yearly": 0,
            "eps_growth_yearly": 0
        },
        "20024": {
            "year_quarter": 20024,
            "year": 2002,
            "quarter": 4,
            "eps": null,
            "eps_growth_year": null,
            "eps_4q": null,
            "eps_4q_growth_year": null,
            "roe": null,
            "roe_4q": 0,
            "gross_profit": null,
            "gross_margin": null,
            "gross_margin_4q_avg": 0,
            "net_income": null,
            "revenue": null,
            "common_shares": null,
            "book_valuer_per_share": null,
            "book_valuer_per_share_4q_avg": 0,
            "equity": null,
            "current_ratio": null,
            "debt_ratio": null,
            "inventory_turnover_ratio": null,
            "account_receivable_turnover_ratio": null,
            "reinvestment_rate": null,
            "research_to_sale_ratio": null,
            "price_fair": 0,
            "eps_avg_yearly": 0,
            "eps_latest_yearly": 0,
            "eps_growth_yearly": 0
        },
        "20031": {
            "year_quarter": 20031,
            "year": 2003,
            "quarter": 1,
            "eps": null,
            "eps_growth_year": null,
            "eps_4q": null,
            "eps_4q_growth_year": null,
            "roe": null,
            "roe_4q": 0,
            "gross_profit": null,
            "gross_margin": null,
            "gross_margin_4q_avg": 0,
            "net_income": null,
            "revenue": null,
            "common_shares": null,
            "book_valuer_per_share": null,
            "book_valuer_per_share_4q_avg": 0,
            "equity": null,
            "current_ratio": null,
            "debt_ratio": null,
            "inventory_turnover_ratio": null,
            "account_receivable_turnover_ratio": null,
            "reinvestment_rate": null,
            "research_to_sale_ratio": null,
            "price_fair": 0,
            "eps_avg_yearly": 0,
            "eps_latest_yearly": 0,
            "eps_growth_yearly": 0
        },
        "20032": {
            "year_quarter": 20032,
            "year": 2003,
            "quarter": 2,
            "eps": null,
            "eps_growth_year": null,
            "eps_4q": null,
            "eps_4q_growth_year": null,
            "roe": null,
            "roe_4q": 0,
            "gross_profit": null,
            "gross_margin": null,
            "gross_margin_4q_avg": 0,
            "net_income": null,
            "revenue": null,
            "common_shares": null,
            "book_valuer_per_share": null,
            "book_valuer_per_share_4q_avg": 0,
            "equity": null,
            "current_ratio": null,
            "debt_ratio": null,
            "inventory_turnover_ratio": null,
            "account_receivable_turnover_ratio": null,
            "reinvestment_rate": null,
            "research_to_sale_ratio": null,
            "price_fair": 0,
            "eps_avg_yearly": 0,
            "eps_latest_yearly": 0,
            "eps_growth_yearly": 0
        },
        "20033": {
            "year_quarter": 20033,
            "year": 2003,
            "quarter": 3,
            "eps": null,
            "eps_growth_year": null,
            "eps_4q": null,
            "eps_4q_growth_year": null,
            "roe": null,
            "roe_4q": 0,
            "gross_profit": null,
            "gross_margin": null,
            "gross_margin_4q_avg": 0,
            "net_income": null,
            "revenue": null,
            "common_shares": null,
            "book_valuer_per_share": null,
            "book_valuer_per_share_4q_avg": 0,
            "equity": null,
            "current_ratio": null,
            "debt_ratio": null,
            "inventory_turnover_ratio": null,
            "account_receivable_turnover_ratio": null,
            "reinvestment_rate": null,
            "research_to_sale_ratio": null,
            "price_fair": 0,
            "eps_avg_yearly": 0,
            "eps_latest_yearly": 0,
            "eps_growth_yearly": 0
        },
        "20034": {
            "year_quarter": 20034,
            "year": 2003,
            "quarter": 4,
            "eps": null,
            "eps_growth_year": null,
            "eps_4q": null,
            "eps_4q_growth_year": null,
            "roe": null,
            "roe_4q": 0,
            "gross_profit": null,
            "gross_margin": null,
            "gross_margin_4q_avg": 0,
            "net_income": null,
            "revenue": null,
            "common_shares": null,
            "book_valuer_per_share": null,
            "book_valuer_per_share_4q_avg": 0,
            "equity": null,
            "current_ratio": null,
            "debt_ratio": null,
            "inventory_turnover_ratio": null,
            "account_receivable_turnover_ratio": null,
            "reinvestment_rate": null,
            "research_to_sale_ratio": null,
            "price_fair": 0,
            "eps_avg_yearly": 0,
            "eps_latest_yearly": 0,
            "eps_growth_yearly": 0
        },
        "20041": {
            "year_quarter": 20041,
            "year": 2004,
            "quarter": 1,
            "eps": null,
            "eps_growth_year": null,
            "eps_4q": null,
            "eps_4q_growth_year": null,
            "roe": null,
            "roe_4q": 0,
            "gross_profit": null,
            "gross_margin": null,
            "gross_margin_4q_avg": 0,
            "net_income": null,
            "revenue": null,
            "common_shares": null,
            "book_valuer_per_share": null,
            "book_valuer_per_share_4q_avg": 0,
            "equity": null,
            "current_ratio": null,
            "debt_ratio": null,
            "inventory_turnover_ratio": null,
            "account_receivable_turnover_ratio": null,
            "reinvestment_rate": null,
            "research_to_sale_ratio": null,
            "price_fair": 0,
            "eps_avg_yearly": 0,
            "eps_latest_yearly": 0,
            "eps_growth_yearly": 0
        },
        "20042": {
            "year_quarter": 20042,
            "year": 2004,
            "quarter": 2,
            "eps": null,
            "eps_growth_year": null,
            "eps_4q": null,
            "eps_4q_growth_year": null,
            "roe": null,
            "roe_4q": 0,
            "gross_profit": null,
            "gross_margin": null,
            "gross_margin_4q_avg": 0,
            "net_income": null,
            "revenue": null,
            "common_shares": null,
            "book_valuer_per_share": null,
            "book_valuer_per_share_4q_avg": 0,
            "equity": null,
            "current_ratio": null,
            "debt_ratio": null,
            "inventory_turnover_ratio": null,
            "account_receivable_turnover_ratio": null,
            "reinvestment_rate": null,
            "research_to_sale_ratio": null,
            "price_fair": 0,
            "eps_avg_yearly": 0,
            "eps_latest_yearly": 0,
            "eps_growth_yearly": 0
        },
        "20043": {
            "year_quarter": 20043,
            "year": 2004,
            "quarter": 3,
            "eps": null,
            "eps_growth_year": null,
            "eps_4q": null,
            "eps_4q_growth_year": null,
            "roe": null,
            "roe_4q": 0,
            "gross_profit": null,
            "gross_margin": null,
            "gross_margin_4q_avg": 0,
            "net_income": null,
            "revenue": null,
            "common_shares": null,
            "book_valuer_per_share": null,
            "book_valuer_per_share_4q_avg": 0,
            "equity": null,
            "current_ratio": null,
            "debt_ratio": null,
            "inventory_turnover_ratio": null,
            "account_receivable_turnover_ratio": null,
            "reinvestment_rate": null,
            "research_to_sale_ratio": null,
            "price_fair": 0,
            "eps_avg_yearly": 0,
            "eps_latest_yearly": 0,
            "eps_growth_yearly": 0
        },
        "20044": {
            "year_quarter": 20044,
            "year": 2004,
            "quarter": 4,
            "eps": null,
            "eps_growth_year": null,
            "eps_4q": null,
            "eps_4q_growth_year": null,
            "roe": null,
            "roe_4q": 0,
            "gross_profit": null,
            "gross_margin": null,
            "gross_margin_4q_avg": 0,
            "net_income": null,
            "revenue": null,
            "common_shares": null,
            "book_valuer_per_share": null,
            "book_valuer_per_share_4q_avg": 0,
            "equity": null,
            "current_ratio": null,
            "debt_ratio": null,
            "inventory_turnover_ratio": null,
            "account_receivable_turnover_ratio": null,
            "reinvestment_rate": null,
            "research_to_sale_ratio": null,
            "price_fair": 0,
            "eps_avg_yearly": 0,
            "eps_latest_yearly": 0,
            "eps_growth_yearly": 0
        },
        "20051": {
            "year_quarter": 20051,
            "year": 2005,
            "quarter": 1,
            "eps": null,
            "eps_growth_year": null,
            "eps_4q": null,
            "eps_4q_growth_year": null,
            "roe": null,
            "roe_4q": 0,
            "gross_profit": null,
            "gross_margin": null,
            "gross_margin_4q_avg": 0,
            "net_income": null,
            "revenue": null,
            "common_shares": null,
            "book_valuer_per_share": null,
            "book_valuer_per_share_4q_avg": 0,
            "equity": null,
            "current_ratio": null,
            "debt_ratio": null,
            "inventory_turnover_ratio": null,
            "account_receivable_turnover_ratio": null,
            "reinvestment_rate": null,
            "research_to_sale_ratio": null,
            "price_fair": 0,
            "eps_avg_yearly": 0,
            "eps_latest_yearly": 0,
            "eps_growth_yearly": 0
        },
        "20052": {
            "year_quarter": 20052,
            "year": 2005,
            "quarter": 2,
            "eps": null,
            "eps_growth_year": null,
            "eps_4q": null,
            "eps_4q_growth_year": null,
            "roe": null,
            "roe_4q": 0,
            "gross_profit": null,
            "gross_margin": null,
            "gross_margin_4q_avg": 0,
            "net_income": null,
            "revenue": null,
            "common_shares": null,
            "book_valuer_per_share": null,
            "book_valuer_per_share_4q_avg": 0,
            "equity": null,
            "current_ratio": null,
            "debt_ratio": null,
            "inventory_turnover_ratio": null,
            "account_receivable_turnover_ratio": null,
            "reinvestment_rate": null,
            "research_to_sale_ratio": null,
            "price_fair": 0,
            "eps_avg_yearly": 0,
            "eps_latest_yearly": 0,
            "eps_growth_yearly": 0
        },
        "20053": {
            "year_quarter": 20053,
            "year": 2005,
            "quarter": 3,
            "eps": null,
            "eps_growth_year": null,
            "eps_4q": null,
            "eps_4q_growth_year": null,
            "roe": null,
            "roe_4q": 0,
            "gross_profit": null,
            "gross_margin": null,
            "gross_margin_4q_avg": 0,
            "net_income": null,
            "revenue": null,
            "common_shares": null,
            "book_valuer_per_share": null,
            "book_valuer_per_share_4q_avg": 0,
            "equity": null,
            "current_ratio": null,
            "debt_ratio": null,
            "inventory_turnover_ratio": null,
            "account_receivable_turnover_ratio": null,
            "reinvestment_rate": null,
            "research_to_sale_ratio": null,
            "price_fair": 0,
            "eps_avg_yearly": 0,
            "eps_latest_yearly": 0,
            "eps_growth_yearly": 0
        },
        "20054": {
            "year_quarter": 20054,
            "year": 2005,
            "quarter": 4,
            "eps": null,
            "eps_growth_year": null,
            "eps_4q": null,
            "eps_4q_growth_year": null,
            "roe": null,
            "roe_4q": 0,
            "gross_profit": null,
            "gross_margin": null,
            "gross_margin_4q_avg": 0,
            "net_income": null,
            "revenue": null,
            "common_shares": null,
            "book_valuer_per_share": null,
            "book_valuer_per_share_4q_avg": 0,
            "equity": null,
            "current_ratio": null,
            "debt_ratio": null,
            "inventory_turnover_ratio": null,
            "account_receivable_turnover_ratio": null,
            "reinvestment_rate": null,
            "research_to_sale_ratio": null,
            "price_fair": 0,
            "eps_avg_yearly": 0,
            "eps_latest_yearly": 0,
            "eps_growth_yearly": 0
        },
        "20061": {
            "year_quarter": 20061,
            "year": 2006,
            "quarter": 1,
            "eps": null,
            "eps_growth_year": null,
            "eps_4q": null,
            "eps_4q_growth_year": null,
            "roe": null,
            "roe_4q": 0,
            "gross_profit": null,
            "gross_margin": null,
            "gross_margin_4q_avg": 0,
            "net_income": null,
            "revenue": null,
            "common_shares": null,
            "book_valuer_per_share": null,
            "book_valuer_per_share_4q_avg": 0,
            "equity": null,
            "current_ratio": null,
            "debt_ratio": null,
            "inventory_turnover_ratio": null,
            "account_receivable_turnover_ratio": null,
            "reinvestment_rate": null,
            "research_to_sale_ratio": null,
            "price_fair": 0,
            "eps_avg_yearly": 0,
            "eps_latest_yearly": 0,
            "eps_growth_yearly": 0
        },
        "20062": {
            "year_quarter": 20062,
            "year": 2006,
            "quarter": 2,
            "eps": null,
            "eps_growth_year": null,
            "eps_4q": null,
            "eps_4q_growth_year": null,
            "roe": null,
            "roe_4q": 0,
            "gross_profit": null,
            "gross_margin": null,
            "gross_margin_4q_avg": 0,
            "net_income": null,
            "revenue": null,
            "common_shares": null,
            "book_valuer_per_share": null,
            "book_valuer_per_share_4q_avg": 0,
            "equity": null,
            "current_ratio": null,
            "debt_ratio": null,
            "inventory_turnover_ratio": null,
            "account_receivable_turnover_ratio": null,
            "reinvestment_rate": null,
            "research_to_sale_ratio": null,
            "price_fair": 0,
            "eps_avg_yearly": 0,
            "eps_latest_yearly": 0,
            "eps_growth_yearly": 0
        },
        "20063": {
            "year_quarter": 20063,
            "year": 2006,
            "quarter": 3,
            "eps": null,
            "eps_growth_year": null,
            "eps_4q": null,
            "eps_4q_growth_year": null,
            "roe": null,
            "roe_4q": 0,
            "gross_profit": null,
            "gross_margin": null,
            "gross_margin_4q_avg": 0,
            "net_income": null,
            "revenue": null,
            "common_shares": null,
            "book_valuer_per_share": null,
            "book_valuer_per_share_4q_avg": 0,
            "equity": null,
            "current_ratio": null,
            "debt_ratio": null,
            "inventory_turnover_ratio": null,
            "account_receivable_turnover_ratio": null,
            "reinvestment_rate": null,
            "research_to_sale_ratio": null,
            "price_fair": 0,
            "eps_avg_yearly": 0,
            "eps_latest_yearly": 0,
            "eps_growth_yearly": 0
        },
        "20064": {
            "year_quarter": 20064,
            "year": 2006,
            "quarter": 4,
            "eps": null,
            "eps_growth_year": null,
            "eps_4q": null,
            "eps_4q_growth_year": null,
            "roe": null,
            "roe_4q": 0,
            "gross_profit": null,
            "gross_margin": null,
            "gross_margin_4q_avg": 0,
            "net_income": null,
            "revenue": null,
            "common_shares": null,
            "book_valuer_per_share": null,
            "book_valuer_per_share_4q_avg": 0,
            "equity": null,
            "current_ratio": null,
            "debt_ratio": null,
            "inventory_turnover_ratio": null,
            "account_receivable_turnover_ratio": null,
            "reinvestment_rate": null,
            "research_to_sale_ratio": null,
            "price_fair": 0,
            "eps_avg_yearly": 0,
            "eps_latest_yearly": 0,
            "eps_growth_yearly": 0
        },
        "20071": {
            "year_quarter": 20071,
            "year": 2007,
            "quarter": 1,
            "eps": null,
            "eps_growth_year": null,
            "eps_4q": null,
            "eps_4q_growth_year": null,
            "roe": null,
            "roe_4q": 0,
            "gross_profit": null,
            "gross_margin": null,
            "gross_margin_4q_avg": 0,
            "net_income": null,
            "revenue": null,
            "common_shares": null,
            "book_valuer_per_share": null,
            "book_valuer_per_share_4q_avg": 0,
            "equity": null,
            "current_ratio": null,
            "debt_ratio": null,
            "inventory_turnover_ratio": null,
            "account_receivable_turnover_ratio": null,
            "reinvestment_rate": null,
            "research_to_sale_ratio": null,
            "price_fair": 0,
            "eps_avg_yearly": 0,
            "eps_latest_yearly": 0,
            "eps_growth_yearly": 0
        },
        "20072": {
            "year_quarter": 20072,
            "year": 2007,
            "quarter": 2,
            "eps": null,
            "eps_growth_year": null,
            "eps_4q": null,
            "eps_4q_growth_year": null,
            "roe": null,
            "roe_4q": 0,
            "gross_profit": null,
            "gross_margin": null,
            "gross_margin_4q_avg": 0,
            "net_income": null,
            "revenue": null,
            "common_shares": null,
            "book_valuer_per_share": null,
            "book_valuer_per_share_4q_avg": 0,
            "equity": null,
            "current_ratio": null,
            "debt_ratio": null,
            "inventory_turnover_ratio": null,
            "account_receivable_turnover_ratio": null,
            "reinvestment_rate": null,
            "research_to_sale_ratio": null,
            "price_fair": 0,
            "eps_avg_yearly": 0,
            "eps_latest_yearly": 0,
            "eps_growth_yearly": 0
        },
        "20073": {
            "year_quarter": 20073,
            "year": 2007,
            "quarter": 3,
            "eps": null,
            "eps_growth_year": null,
            "eps_4q": null,
            "eps_4q_growth_year": null,
            "roe": null,
            "roe_4q": 0,
            "gross_profit": null,
            "gross_margin": null,
            "gross_margin_4q_avg": 0,
            "net_income": null,
            "revenue": null,
            "common_shares": null,
            "book_valuer_per_share": null,
            "book_valuer_per_share_4q_avg": 0,
            "equity": null,
            "current_ratio": null,
            "debt_ratio": null,
            "inventory_turnover_ratio": null,
            "account_receivable_turnover_ratio": null,
            "reinvestment_rate": null,
            "research_to_sale_ratio": null,
            "price_fair": 0,
            "eps_avg_yearly": 0,
            "eps_latest_yearly": 0,
            "eps_growth_yearly": 0
        },
        "20074": {
            "year_quarter": 20074,
            "year": 2007,
            "quarter": 4,
            "eps": null,
            "eps_growth_year": null,
            "eps_4q": null,
            "eps_4q_growth_year": null,
            "roe": null,
            "roe_4q": 0,
            "gross_profit": null,
            "gross_margin": null,
            "gross_margin_4q_avg": 0,
            "net_income": null,
            "revenue": null,
            "common_shares": null,
            "book_valuer_per_share": null,
            "book_valuer_per_share_4q_avg": 0,
            "equity": null,
            "current_ratio": null,
            "debt_ratio": null,
            "inventory_turnover_ratio": null,
            "account_receivable_turnover_ratio": null,
            "reinvestment_rate": null,
            "research_to_sale_ratio": null,
            "price_fair": 0,
            "eps_avg_yearly": 0,
            "eps_latest_yearly": 0,
            "eps_growth_yearly": 0
        },
        "20081": {
            "year_quarter": 20081,
            "year": 2008,
            "quarter": 1,
            "eps": null,
            "eps_growth_year": null,
            "eps_4q": null,
            "eps_4q_growth_year": null,
            "roe": null,
            "roe_4q": 0,
            "gross_profit": null,
            "gross_margin": null,
            "gross_margin_4q_avg": 0,
            "net_income": null,
            "revenue": null,
            "common_shares": null,
            "book_valuer_per_share": null,
            "book_valuer_per_share_4q_avg": 0,
            "equity": null,
            "current_ratio": null,
            "debt_ratio": null,
            "inventory_turnover_ratio": null,
            "account_receivable_turnover_ratio": null,
            "reinvestment_rate": null,
            "research_to_sale_ratio": null,
            "price_fair": 0,
            "eps_avg_yearly": 0,
            "eps_latest_yearly": 0,
            "eps_growth_yearly": 0
        },
        "20082": {
            "year_quarter": 20082,
            "year": 2008,
            "quarter": 2,
            "eps": null,
            "eps_growth_year": null,
            "eps_4q": null,
            "eps_4q_growth_year": null,
            "roe": null,
            "roe_4q": 0,
            "gross_profit": null,
            "gross_margin": null,
            "gross_margin_4q_avg": 0,
            "net_income": null,
            "revenue": null,
            "common_shares": null,
            "book_valuer_per_share": null,
            "book_valuer_per_share_4q_avg": 0,
            "equity": null,
            "current_ratio": null,
            "debt_ratio": null,
            "inventory_turnover_ratio": null,
            "account_receivable_turnover_ratio": null,
            "reinvestment_rate": null,
            "research_to_sale_ratio": null,
            "price_fair": 0,
            "eps_avg_yearly": 0,
            "eps_latest_yearly": 0,
            "eps_growth_yearly": 0
        },
        "20083": {
            "year_quarter": 20083,
            "year": 2008,
            "quarter": 3,
            "eps": null,
            "eps_growth_year": null,
            "eps_4q": null,
            "eps_4q_growth_year": null,
            "roe": null,
            "roe_4q": 0,
            "gross_profit": null,
            "gross_margin": null,
            "gross_margin_4q_avg": 0,
            "net_income": null,
            "revenue": null,
            "common_shares": null,
            "book_valuer_per_share": null,
            "book_valuer_per_share_4q_avg": 0,
            "equity": null,
            "current_ratio": null,
            "debt_ratio": null,
            "inventory_turnover_ratio": null,
            "account_receivable_turnover_ratio": null,
            "reinvestment_rate": null,
            "research_to_sale_ratio": null,
            "price_fair": 0,
            "eps_avg_yearly": 0,
            "eps_latest_yearly": 0,
            "eps_growth_yearly": 0
        },
        "20084": {
            "year_quarter": 20084,
            "year": 2008,
            "quarter": 4,
            "eps": null,
            "eps_growth_year": null,
            "eps_4q": null,
            "eps_4q_growth_year": null,
            "roe": null,
            "roe_4q": 0,
            "gross_profit": null,
            "gross_margin": null,
            "gross_margin_4q_avg": 0,
            "net_income": null,
            "revenue": null,
            "common_shares": null,
            "book_valuer_per_share": null,
            "book_valuer_per_share_4q_avg": 0,
            "equity": null,
            "current_ratio": null,
            "debt_ratio": null,
            "inventory_turnover_ratio": null,
            "account_receivable_turnover_ratio": null,
            "reinvestment_rate": null,
            "research_to_sale_ratio": null,
            "price_fair": 0,
            "eps_avg_yearly": 0,
            "eps_latest_yearly": 0,
            "eps_growth_yearly": 0
        },
        "20091": {
            "year_quarter": 20091,
            "year": 2009,
            "quarter": 1,
            "eps": null,
            "eps_growth_year": null,
            "eps_4q": null,
            "eps_4q_growth_year": null,
            "roe": null,
            "roe_4q": 0,
            "gross_profit": null,
            "gross_margin": null,
            "gross_margin_4q_avg": 0,
            "net_income": null,
            "revenue": null,
            "common_shares": null,
            "book_valuer_per_share": null,
            "book_valuer_per_share_4q_avg": 0,
            "equity": null,
            "current_ratio": null,
            "debt_ratio": null,
            "inventory_turnover_ratio": null,
            "account_receivable_turnover_ratio": null,
            "reinvestment_rate": null,
            "research_to_sale_ratio": null,
            "price_fair": 0,
            "eps_avg_yearly": 0,
            "eps_latest_yearly": 0,
            "eps_growth_yearly": 0
        },
        "20092": {
            "year_quarter": 20092,
            "year": 2009,
            "quarter": 2,
            "eps": null,
            "eps_growth_year": null,
            "eps_4q": null,
            "eps_4q_growth_year": null,
            "roe": null,
            "roe_4q": 0,
            "gross_profit": null,
            "gross_margin": null,
            "gross_margin_4q_avg": 0,
            "net_income": null,
            "revenue": null,
            "common_shares": null,
            "book_valuer_per_share": null,
            "book_valuer_per_share_4q_avg": 0,
            "equity": null,
            "current_ratio": null,
            "debt_ratio": null,
            "inventory_turnover_ratio": null,
            "account_receivable_turnover_ratio": null,
            "reinvestment_rate": null,
            "research_to_sale_ratio": null,
            "price_fair": 0,
            "eps_avg_yearly": 0,
            "eps_latest_yearly": 0,
            "eps_growth_yearly": 0
        },
        "20093": {
            "year_quarter": 20093,
            "year": 2009,
            "quarter": 3,
            "eps": null,
            "eps_growth_year": null,
            "eps_4q": null,
            "eps_4q_growth_year": null,
            "roe": null,
            "roe_4q": 0,
            "gross_profit": null,
            "gross_margin": null,
            "gross_margin_4q_avg": 0,
            "net_income": null,
            "revenue": null,
            "common_shares": null,
            "book_valuer_per_share": null,
            "book_valuer_per_share_4q_avg": 0,
            "equity": null,
            "current_ratio": null,
            "debt_ratio": null,
            "inventory_turnover_ratio": null,
            "account_receivable_turnover_ratio": null,
            "reinvestment_rate": null,
            "research_to_sale_ratio": null,
            "price_fair": 0,
            "eps_avg_yearly": 0,
            "eps_latest_yearly": 0,
            "eps_growth_yearly": 0
        },
        "20094": {
            "year_quarter": 20094,
            "year": 2009,
            "quarter": 4,
            "eps": null,
            "eps_growth_year": null,
            "eps_4q": null,
            "eps_4q_growth_year": null,
            "roe": null,
            "roe_4q": 0,
            "gross_profit": null,
            "gross_margin": null,
            "gross_margin_4q_avg": 0,
            "net_income": null,
            "revenue": null,
            "common_shares": null,
            "book_valuer_per_share": null,
            "book_valuer_per_share_4q_avg": 0,
            "equity": null,
            "current_ratio": null,
            "debt_ratio": null,
            "inventory_turnover_ratio": null,
            "account_receivable_turnover_ratio": null,
            "reinvestment_rate": null,
            "research_to_sale_ratio": null,
            "price_fair": 0,
            "eps_avg_yearly": 0,
            "eps_latest_yearly": 0,
            "eps_growth_yearly": 0
        },
        "20101": {
            "year_quarter": 20101,
            "year": 2010,
            "quarter": 1,
            "eps": null,
            "eps_growth_year": null,
            "eps_4q": null,
            "eps_4q_growth_year": null,
            "roe": null,
            "roe_4q": 0,
            "gross_profit": null,
            "gross_margin": null,
            "gross_margin_4q_avg": 0,
            "net_income": null,
            "revenue": null,
            "common_shares": null,
            "book_valuer_per_share": null,
            "book_valuer_per_share_4q_avg": 0,
            "equity": null,
            "current_ratio": null,
            "debt_ratio": null,
            "inventory_turnover_ratio": null,
            "account_receivable_turnover_ratio": null,
            "reinvestment_rate": null,
            "research_to_sale_ratio": null,
            "price_fair": 0,
            "eps_avg_yearly": 0,
            "eps_latest_yearly": 0,
            "eps_growth_yearly": 0
        },
        "20102": {
            "year_quarter": 20102,
            "year": 2010,
            "quarter": 2,
            "eps": null,
            "eps_growth_year": null,
            "eps_4q": null,
            "eps_4q_growth_year": null,
            "roe": null,
            "roe_4q": 0,
            "gross_profit": null,
            "gross_margin": null,
            "gross_margin_4q_avg": 0,
            "net_income": null,
            "revenue": null,
            "common_shares": null,
            "book_valuer_per_share": null,
            "book_valuer_per_share_4q_avg": 0,
            "equity": null,
            "current_ratio": null,
            "debt_ratio": null,
            "inventory_turnover_ratio": null,
            "account_receivable_turnover_ratio": null,
            "reinvestment_rate": null,
            "research_to_sale_ratio": null,
            "price_fair": 0,
            "eps_avg_yearly": 0,
            "eps_latest_yearly": 0,
            "eps_growth_yearly": 0
        },
        "20103": {
            "year_quarter": 20103,
            "year": 2010,
            "quarter": 3,
            "eps": null,
            "eps_growth_year": null,
            "eps_4q": null,
            "eps_4q_growth_year": null,
            "roe": null,
            "roe_4q": 0,
            "gross_profit": null,
            "gross_margin": null,
            "gross_margin_4q_avg": 0,
            "net_income": null,
            "revenue": null,
            "common_shares": null,
            "book_valuer_per_share": null,
            "book_valuer_per_share_4q_avg": 0,
            "equity": null,
            "current_ratio": null,
            "debt_ratio": null,
            "inventory_turnover_ratio": null,
            "account_receivable_turnover_ratio": null,
            "reinvestment_rate": null,
            "research_to_sale_ratio": null,
            "price_fair": 0,
            "eps_avg_yearly": 0,
            "eps_latest_yearly": 0,
            "eps_growth_yearly": 0
        },
        "20104": {
            "year_quarter": 20104,
            "year": 2010,
            "quarter": 4,
            "eps": null,
            "eps_growth_year": null,
            "eps_4q": null,
            "eps_4q_growth_year": null,
            "roe": null,
            "roe_4q": 0,
            "gross_profit": null,
            "gross_margin": null,
            "gross_margin_4q_avg": 0,
            "net_income": null,
            "revenue": null,
            "common_shares": 160000,
            "book_valuer_per_share": null,
            "book_valuer_per_share_4q_avg": 0,
            "equity": 169791,
            "current_ratio": null,
            "debt_ratio": null,
            "inventory_turnover_ratio": null,
            "account_receivable_turnover_ratio": null,
            "reinvestment_rate": null,
            "research_to_sale_ratio": null,
            "price_fair": 0,
            "eps_avg_yearly": 0,
            "eps_latest_yearly": 0,
            "eps_growth_yearly": 0
        },
        "20111": {
            "year_quarter": 20111,
            "year": 2011,
            "quarter": 1,
            "eps": null,
            "eps_growth_year": null,
            "eps_4q": null,
            "eps_4q_growth_year": null,
            "roe": null,
            "roe_4q": 0,
            "gross_profit": null,
            "gross_margin": null,
            "gross_margin_4q_avg": 0,
            "net_income": null,
            "revenue": null,
            "common_shares": null,
            "book_valuer_per_share": null,
            "book_valuer_per_share_4q_avg": 0,
            "equity": null,
            "current_ratio": null,
            "debt_ratio": null,
            "inventory_turnover_ratio": null,
            "account_receivable_turnover_ratio": null,
            "reinvestment_rate": null,
            "research_to_sale_ratio": null,
            "price_fair": 0,
            "eps_avg_yearly": 0,
            "eps_latest_yearly": 0,
            "eps_growth_yearly": 0
        },
        "20112": {
            "year_quarter": 20112,
            "year": 2011,
            "quarter": 2,
            "eps": null,
            "eps_growth_year": null,
            "eps_4q": null,
            "eps_4q_growth_year": null,
            "roe": null,
            "roe_4q": 0,
            "gross_profit": null,
            "gross_margin": null,
            "gross_margin_4q_avg": 0,
            "net_income": null,
            "revenue": null,
            "common_shares": 168498,
            "book_valuer_per_share": null,
            "book_valuer_per_share_4q_avg": 0,
            "equity": 163174,
            "current_ratio": null,
            "debt_ratio": null,
            "inventory_turnover_ratio": null,
            "account_receivable_turnover_ratio": null,
            "reinvestment_rate": null,
            "research_to_sale_ratio": null,
            "price_fair": 0,
            "eps_avg_yearly": 0,
            "eps_latest_yearly": 0,
            "eps_growth_yearly": 0
        },
        "20113": {
            "year_quarter": 20113,
            "year": 2011,
            "quarter": 3,
            "eps": null,
            "eps_growth_year": null,
            "eps_4q": null,
            "eps_4q_growth_year": null,
            "roe": null,
            "roe_4q": 0,
            "gross_profit": null,
            "gross_margin": null,
            "gross_margin_4q_avg": 0,
            "net_income": null,
            "revenue": null,
            "common_shares": null,
            "book_valuer_per_share": null,
            "book_valuer_per_share_4q_avg": 0,
            "equity": null,
            "current_ratio": null,
            "debt_ratio": null,
            "inventory_turnover_ratio": null,
            "account_receivable_turnover_ratio": null,
            "reinvestment_rate": null,
            "research_to_sale_ratio": null,
            "price_fair": 0,
            "eps_avg_yearly": 0,
            "eps_latest_yearly": 0,
            "eps_growth_yearly": 0
        },
        "20114": {
            "year_quarter": 20114,
            "year": 2011,
            "quarter": 4,
            "eps": null,
            "eps_growth_year": null,
            "eps_4q": null,
            "eps_4q_growth_year": null,
            "roe": null,
            "roe_4q": 0,
            "gross_profit": null,
            "gross_margin": null,
            "gross_margin_4q_avg": 0,
            "net_income": null,
            "revenue": null,
            "common_shares": 168498,
            "book_valuer_per_share": 11.17,
            "book_valuer_per_share_4q_avg": 2.79,
            "equity": 188158,
            "current_ratio": 251.5,
            "debt_ratio": 40.01,
            "inventory_turnover_ratio": null,
            "account_receivable_turnover_ratio": null,
            "reinvestment_rate": null,
            "research_to_sale_ratio": null,
            "price_fair": 0,
            "eps_avg_yearly": 0,
            "eps_latest_yearly": 0,
            "eps_growth_yearly": 0
        },
        "20121": {
            "year_quarter": 20121,
            "year": 2012,
            "quarter": 1,
            "eps": null,
            "eps_growth_year": null,
            "eps_4q": null,
            "eps_4q_growth_year": null,
            "roe": null,
            "roe_4q": 0,
            "gross_profit": null,
            "gross_margin": null,
            "gross_margin_4q_avg": 0,
            "net_income": null,
            "revenue": null,
            "common_shares": null,
            "book_valuer_per_share": null,
            "book_valuer_per_share_4q_avg": 2.79,
            "equity": null,
            "current_ratio": null,
            "debt_ratio": null,
            "inventory_turnover_ratio": null,
            "account_receivable_turnover_ratio": null,
            "reinvestment_rate": null,
            "research_to_sale_ratio": null,
            "price_fair": 0,
            "eps_avg_yearly": 0,
            "eps_latest_yearly": 0,
            "eps_growth_yearly": 0
        },
        "20122": {
            "year_quarter": 20122,
            "year": 2012,
            "quarter": 2,
            "eps": null,
            "eps_growth_year": null,
            "eps_4q": null,
            "eps_4q_growth_year": null,
            "roe": null,
            "roe_4q": 0,
            "gross_profit": null,
            "gross_margin": null,
            "gross_margin_4q_avg": 0,
            "net_income": null,
            "revenue": null,
            "common_shares": 200000,
            "book_valuer_per_share": 10.56,
            "book_valuer_per_share_4q_avg": 5.43,
            "equity": 211162,
            "current_ratio": 263.61,
            "debt_ratio": 38.31,
            "inventory_turnover_ratio": null,
            "account_receivable_turnover_ratio": null,
            "reinvestment_rate": null,
            "research_to_sale_ratio": null,
            "price_fair": 0,
            "eps_avg_yearly": 0,
            "eps_latest_yearly": 0,
            "eps_growth_yearly": 0
        },
        "20123": {
            "year_quarter": 20123,
            "year": 2012,
            "quarter": 3,
            "eps": null,
            "eps_growth_year": null,
            "eps_4q": null,
            "eps_4q_growth_year": null,
            "roe": null,
            "roe_4q": 0,
            "gross_profit": null,
            "gross_margin": null,
            "gross_margin_4q_avg": 0,
            "net_income": null,
            "revenue": null,
            "common_shares": null,
            "book_valuer_per_share": null,
            "book_valuer_per_share_4q_avg": 5.43,
            "equity": null,
            "current_ratio": null,
            "debt_ratio": null,
            "inventory_turnover_ratio": null,
            "account_receivable_turnover_ratio": null,
            "reinvestment_rate": null,
            "research_to_sale_ratio": null,
            "price_fair": 0,
            "eps_avg_yearly": 0,
            "eps_latest_yearly": 0,
            "eps_growth_yearly": 0
        },
        "20124": {
            "year_quarter": 20124,
            "year": 2012,
            "quarter": 4,
            "eps": null,
            "eps_growth_year": null,
            "eps_4q": null,
            "eps_4q_growth_year": null,
            "roe": null,
            "roe_4q": 0,
            "gross_profit": null,
            "gross_margin": null,
            "gross_margin_4q_avg": 0,
            "net_income": null,
            "revenue": null,
            "common_shares": 200000,
            "book_valuer_per_share": 11.09,
            "book_valuer_per_share_4q_avg": 5.41,
            "equity": 221734,
            "current_ratio": 327.99,
            "debt_ratio": 32.99,
            "inventory_turnover_ratio": null,
            "account_receivable_turnover_ratio": null,
            "reinvestment_rate": null,
            "research_to_sale_ratio": null,
            "price_fair": 0,
            "eps_avg_yearly": 0,
            "eps_latest_yearly": 0,
            "eps_growth_yearly": 0
        },
        "20131": {
            "year_quarter": 20131,
            "year": 2013,
            "quarter": 1,
            "eps": null,
            "eps_growth_year": null,
            "eps_4q": null,
            "eps_4q_growth_year": null,
            "roe": null,
            "roe_4q": 0,
            "gross_profit": null,
            "gross_margin": null,
            "gross_margin_4q_avg": 0,
            "net_income": null,
            "revenue": null,
            "common_shares": null,
            "book_valuer_per_share": null,
            "book_valuer_per_share_4q_avg": 5.41,
            "equity": null,
            "current_ratio": null,
            "debt_ratio": null,
            "inventory_turnover_ratio": null,
            "account_receivable_turnover_ratio": null,
            "reinvestment_rate": null,
            "research_to_sale_ratio": null,
            "price_fair": 0,
            "eps_avg_yearly": 0,
            "eps_latest_yearly": 0,
            "eps_growth_yearly": 0
        },
        "20132": {
            "year_quarter": 20132,
            "year": 2013,
            "quarter": 2,
            "eps": null,
            "eps_growth_year": null,
            "eps_4q": null,
            "eps_4q_growth_year": null,
            "roe": null,
            "roe_4q": 0,
            "gross_profit": null,
            "gross_margin": null,
            "gross_margin_4q_avg": 0,
            "net_income": null,
            "revenue": null,
            "common_shares": 200000,
            "book_valuer_per_share": 10.74,
            "book_valuer_per_share_4q_avg": 5.46,
            "equity": 214792,
            "current_ratio": 209.34,
            "debt_ratio": 42.81,
            "inventory_turnover_ratio": null,
            "account_receivable_turnover_ratio": null,
            "reinvestment_rate": null,
            "research_to_sale_ratio": null,
            "price_fair": 0,
            "eps_avg_yearly": 0,
            "eps_latest_yearly": 0,
            "eps_growth_yearly": 0
        },
        "20133": {
            "year_quarter": 20133,
            "year": 2013,
            "quarter": 3,
            "eps": null,
            "eps_growth_year": null,
            "eps_4q": null,
            "eps_4q_growth_year": null,
            "roe": null,
            "roe_4q": 0,
            "gross_profit": null,
            "gross_margin": null,
            "gross_margin_4q_avg": 0,
            "net_income": null,
            "revenue": null,
            "common_shares": null,
            "book_valuer_per_share": null,
            "book_valuer_per_share_4q_avg": 5.46,
            "equity": null,
            "current_ratio": null,
            "debt_ratio": null,
            "inventory_turnover_ratio": null,
            "account_receivable_turnover_ratio": null,
            "reinvestment_rate": null,
            "research_to_sale_ratio": null,
            "price_fair": 0,
            "eps_avg_yearly": 0,
            "eps_latest_yearly": 0,
            "eps_growth_yearly": 0
        },
        "20134": {
            "year_quarter": 20134,
            "year": 2013,
            "quarter": 4,
            "eps": null,
            "eps_growth_year": null,
            "eps_4q": null,
            "eps_4q_growth_year": null,
            "roe": null,
            "roe_4q": 0,
            "gross_profit": null,
            "gross_margin": null,
            "gross_margin_4q_avg": 0,
            "net_income": null,
            "revenue": null,
            "common_shares": 200000,
            "book_valuer_per_share": 11.02,
            "book_valuer_per_share_4q_avg": 5.44,
            "equity": 220432,
            "current_ratio": 192.29,
            "debt_ratio": 46.5,
            "inventory_turnover_ratio": null,
            "account_receivable_turnover_ratio": null,
            "reinvestment_rate": null,
            "research_to_sale_ratio": null,
            "price_fair": 0,
            "eps_avg_yearly": 0,
            "eps_latest_yearly": 0,
            "eps_growth_yearly": 0
        },
        "20141": {
            "year_quarter": 20141,
            "year": 2014,
            "quarter": 1,
            "eps": null,
            "eps_growth_year": null,
            "eps_4q": null,
            "eps_4q_growth_year": null,
            "roe": null,
            "roe_4q": 0,
            "gross_profit": null,
            "gross_margin": null,
            "gross_margin_4q_avg": 0,
            "net_income": null,
            "revenue": null,
            "common_shares": null,
            "book_valuer_per_share": null,
            "book_valuer_per_share_4q_avg": 5.44,
            "equity": null,
            "current_ratio": null,
            "debt_ratio": null,
            "inventory_turnover_ratio": null,
            "account_receivable_turnover_ratio": null,
            "reinvestment_rate": null,
            "research_to_sale_ratio": null,
            "price_fair": 0,
            "eps_avg_yearly": 0,
            "eps_latest_yearly": 0,
            "eps_growth_yearly": 0
        },
        "20142": {
            "year_quarter": 20142,
            "year": 2014,
            "quarter": 2,
            "eps": null,
            "eps_growth_year": null,
            "eps_4q": null,
            "eps_4q_growth_year": null,
            "roe": null,
            "roe_4q": 0,
            "gross_profit": null,
            "gross_margin": null,
            "gross_margin_4q_avg": 0,
            "net_income": null,
            "revenue": null,
            "common_shares": 200000,
            "book_valuer_per_share": 9.72,
            "book_valuer_per_share_4q_avg": 5.19,
            "equity": 194340,
            "current_ratio": 212.22,
            "debt_ratio": 43.42,
            "inventory_turnover_ratio": null,
            "account_receivable_turnover_ratio": null,
            "reinvestment_rate": null,
            "research_to_sale_ratio": null,
            "price_fair": 0,
            "eps_avg_yearly": 0,
            "eps_latest_yearly": 0,
            "eps_growth_yearly": 0
        },
        "20143": {
            "year_quarter": 20143,
            "year": 2014,
            "quarter": 3,
            "eps": null,
            "eps_growth_year": null,
            "eps_4q": null,
            "eps_4q_growth_year": null,
            "roe": null,
            "roe_4q": 0,
            "gross_profit": null,
            "gross_margin": null,
            "gross_margin_4q_avg": 0,
            "net_income": null,
            "revenue": null,
            "common_shares": null,
            "book_valuer_per_share": null,
            "book_valuer_per_share_4q_avg": 5.19,
            "equity": null,
            "current_ratio": null,
            "debt_ratio": null,
            "inventory_turnover_ratio": null,
            "account_receivable_turnover_ratio": null,
            "reinvestment_rate": null,
            "research_to_sale_ratio": null,
            "price_fair": 0,
            "eps_avg_yearly": 0,
            "eps_latest_yearly": 0,
            "eps_growth_yearly": 0
        },
        "20144": {
            "year_quarter": 20144,
            "year": 2014,
            "quarter": 4,
            "eps": null,
            "eps_growth_year": null,
            "eps_4q": null,
            "eps_4q_growth_year": null,
            "roe": null,
            "roe_4q": 0,
            "gross_profit": null,
            "gross_margin": null,
            "gross_margin_4q_avg": 0,
            "net_income": null,
            "revenue": null,
            "common_shares": 208000,
            "book_valuer_per_share": 8.92,
            "book_valuer_per_share_4q_avg": 4.66,
            "equity": 185533,
            "current_ratio": 215.72,
            "debt_ratio": 42.61,
            "inventory_turnover_ratio": null,
            "account_receivable_turnover_ratio": null,
            "reinvestment_rate": null,
            "research_to_sale_ratio": null,
            "price_fair": 0,
            "eps_avg_yearly": 0,
            "eps_latest_yearly": 0,
            "eps_growth_yearly": 0
        },
        "20151": {
            "year_quarter": 20151,
            "year": 2015,
            "quarter": 1,
            "eps": null,
            "eps_growth_year": null,
            "eps_4q": null,
            "eps_4q_growth_year": null,
            "roe": null,
            "roe_4q": 0,
            "gross_profit": null,
            "gross_margin": null,
            "gross_margin_4q_avg": 0,
            "net_income": null,
            "revenue": null,
            "common_shares": null,
            "book_valuer_per_share": null,
            "book_valuer_per_share_4q_avg": 4.66,
            "equity": null,
            "current_ratio": null,
            "debt_ratio": null,
            "inventory_turnover_ratio": null,
            "account_receivable_turnover_ratio": null,
            "reinvestment_rate": null,
            "research_to_sale_ratio": null,
            "price_fair": 0,
            "eps_avg_yearly": 0,
            "eps_latest_yearly": 0,
            "eps_growth_yearly": 0
        },
        "20152": {
            "year_quarter": 20152,
            "year": 2015,
            "quarter": 2,
            "eps": null,
            "eps_growth_year": null,
            "eps_4q": null,
            "eps_4q_growth_year": null,
            "roe": null,
            "roe_4q": 0,
            "gross_profit": null,
            "gross_margin": null,
            "gross_margin_4q_avg": 0,
            "net_income": null,
            "revenue": null,
            "common_shares": 208000,
            "book_valuer_per_share": 9.67,
            "book_valuer_per_share_4q_avg": 4.65,
            "equity": 201034,
            "current_ratio": 209.62,
            "debt_ratio": 44.4,
            "inventory_turnover_ratio": null,
            "account_receivable_turnover_ratio": null,
            "reinvestment_rate": null,
            "research_to_sale_ratio": null,
            "price_fair": 0,
            "eps_avg_yearly": 0,
            "eps_latest_yearly": 0,
            "eps_growth_yearly": 0
        },
        "20153": {
            "year_quarter": 20153,
            "year": 2015,
            "quarter": 3,
            "eps": null,
            "eps_growth_year": null,
            "eps_4q": null,
            "eps_4q_growth_year": null,
            "roe": null,
            "roe_4q": 0,
            "gross_profit": 36349,
            "gross_margin": null,
            "gross_margin_4q_avg": 0,
            "net_income": 17921,
            "revenue": 106844,
            "common_shares": 208000,
            "book_valuer_per_share": null,
            "book_valuer_per_share_4q_avg": 4.65,
            "equity": 218955,
            "current_ratio": null,
            "debt_ratio": null,
            "inventory_turnover_ratio": null,
            "account_receivable_turnover_ratio": null,
            "reinvestment_rate": null,
            "research_to_sale_ratio": null,
            "price_fair": 0,
            "eps_avg_yearly": 0,
            "eps_latest_yearly": 0,
            "eps_growth_yearly": 0
        },
        "20154": {
            "year_quarter": 20154,
            "year": 2015,
            "quarter": 4,
            "eps": null,
            "eps_growth_year": null,
            "eps_4q": null,
            "eps_4q_growth_year": null,
            "roe": null,
            "roe_4q": 0,
            "gross_profit": 22678,
            "gross_margin": null,
            "gross_margin_4q_avg": 0,
            "net_income": 3455,
            "revenue": 98653,
            "common_shares": 208000,
            "book_valuer_per_share": 10.69,
            "book_valuer_per_share_4q_avg": 5.09,
            "equity": 222320,
            "current_ratio": 299.95,
            "debt_ratio": 34.41,
            "inventory_turnover_ratio": null,
            "account_receivable_turnover_ratio": null,
            "reinvestment_rate": null,
            "research_to_sale_ratio": null,
            "price_fair": 0,
            "eps_avg_yearly": 0,
            "eps_latest_yearly": 0,
            "eps_growth_yearly": 0
        },
        "20161": {
            "year_quarter": 20161,
            "year": 2016,
            "quarter": 1,
            "eps": null,
            "eps_growth_year": null,
            "eps_4q": null,
            "eps_4q_growth_year": null,
            "roe": null,
            "roe_4q": 0,
            "gross_profit": null,
            "gross_margin": null,
            "gross_margin_4q_avg": 0,
            "net_income": null,
            "revenue": null,
            "common_shares": null,
            "book_valuer_per_share": null,
            "book_valuer_per_share_4q_avg": 5.09,
            "equity": null,
            "current_ratio": null,
            "debt_ratio": null,
            "inventory_turnover_ratio": null,
            "account_receivable_turnover_ratio": null,
            "reinvestment_rate": null,
            "research_to_sale_ratio": null,
            "price_fair": 0,
            "eps_avg_yearly": 0,
            "eps_latest_yearly": 0,
            "eps_growth_yearly": 0
        },
        "20162": {
            "year_quarter": 20162,
            "year": 2016,
            "quarter": 2,
            "eps": null,
            "eps_growth_year": null,
            "eps_4q": null,
            "eps_4q_growth_year": null,
            "roe": null,
            "roe_4q": 0,
            "gross_profit": null,
            "gross_margin": null,
            "gross_margin_4q_avg": 0,
            "net_income": null,
            "revenue": null,
            "common_shares": 208000,
            "book_valuer_per_share": 10.87,
            "book_valuer_per_share_4q_avg": 5.39,
            "equity": 226007,
            "current_ratio": 243.09,
            "debt_ratio": 39.82,
            "inventory_turnover_ratio": null,
            "account_receivable_turnover_ratio": null,
            "reinvestment_rate": null,
            "research_to_sale_ratio": null,
            "price_fair": 0,
            "eps_avg_yearly": 0,
            "eps_latest_yearly": 0,
            "eps_growth_yearly": 0
        },
        "20163": {
            "year_quarter": 20163,
            "year": 2016,
            "quarter": 3,
            "eps": 0.11,
            "eps_growth_year": null,
            "eps_4q": null,
            "eps_4q_growth_year": null,
            "roe": 1,
            "roe_4q": 1,
            "gross_profit": 31667,
            "gross_margin": 31.61,
            "gross_margin_4q_avg": 7.9,
            "net_income": 2277,
            "revenue": 100180,
            "common_shares": 208000,
            "book_valuer_per_share": 10.98,
            "book_valuer_per_share_4q_avg": 8.14,
            "equity": 228284,
            "current_ratio": 273.38,
            "debt_ratio": 36.26,
            "inventory_turnover_ratio": 1.31,
            "account_receivable_turnover_ratio": 1.28,
            "reinvestment_rate": null,
            "research_to_sale_ratio": 8.48,
            "price_fair": 0,
            "eps_avg_yearly": 0,
            "eps_latest_yearly": 0,
            "eps_growth_yearly": 0
        },
        "20164": {
            "year_quarter": 20164,
            "year": 2016,
            "quarter": 4,
            "eps": 0.71,
            "eps_growth_year": null,
            "eps_4q": null,
            "eps_4q_growth_year": null,
            "roe": 6.25,
            "roe_4q": 7.25,
            "gross_profit": 47067,
            "gross_margin": 32.27,
            "gross_margin_4q_avg": 15.97,
            "net_income": 14737,
            "revenue": 145843,
            "common_shares": 208000,
            "book_valuer_per_share": 11.7,
            "book_valuer_per_share_4q_avg": 8.39,
            "equity": 243284,
            "current_ratio": 261.95,
            "debt_ratio": 37.5,
            "inventory_turnover_ratio": 2.31,
            "account_receivable_turnover_ratio": 1.5,
            "reinvestment_rate": null,
            "research_to_sale_ratio": 6.32,
            "price_fair": 99.4,
            "eps_avg_yearly": 2.84,
            "eps_latest_yearly": 2.84,
            "eps_growth_yearly": 2181.82
        },
        "20171": {
            "year_quarter": 20171,
            "year": 2017,
            "quarter": 1,
            "eps": -0.36,
            "eps_growth_year": null,
            "eps_4q": null,
            "eps_4q_growth_year": null,
            "roe": -2.89,
            "roe_4q": 4.359999999999999,
            "gross_profit": 22783,
            "gross_margin": 22.94,
            "gross_margin_4q_avg": 21.71,
            "net_income": -7741,
            "revenue": 99298,
            "common_shares": 238000,
            "book_valuer_per_share": 12.28,
            "book_valuer_per_share_4q_avg": 11.46,
            "equity": 292157,
            "current_ratio": 297.29,
            "debt_ratio": 33.65,
            "inventory_turnover_ratio": 1.71,
            "account_receivable_turnover_ratio": 0.98,
            "reinvestment_rate": null,
            "research_to_sale_ratio": 7.89,
            "price_fair": 99.4,
            "eps_avg_yearly": 2.84,
            "eps_latest_yearly": 2.84,
            "eps_growth_yearly": 2181.82
        },
        "20172": {
            "year_quarter": 20172,
            "year": 2017,
            "quarter": 2,
            "eps": -0.23,
            "eps_growth_year": null,
            "eps_4q": 0.16,
            "eps_4q_growth_year": null,
            "roe": -1.96,
            "roe_4q": 2.4000000000000004,
            "gross_profit": 18380,
            "gross_margin": 17.07,
            "gross_margin_4q_avg": 25.97,
            "net_income": -5482,
            "revenue": 107659,
            "common_shares": 238000,
            "book_valuer_per_share": 11.25,
            "book_valuer_per_share_4q_avg": 11.55,
            "equity": 267635,
            "current_ratio": 250.72,
            "debt_ratio": 38.43,
            "inventory_turnover_ratio": 1.6,
            "account_receivable_turnover_ratio": 1.32,
            "reinvestment_rate": null,
            "research_to_sale_ratio": 7.6,
            "price_fair": 99.4,
            "eps_avg_yearly": 2.84,
            "eps_latest_yearly": 2.84,
            "eps_growth_yearly": 2181.82
        },
        "20173": {
            "year_quarter": 20173,
            "year": 2017,
            "quarter": 3,
            "eps": 0.04,
            "eps_growth_year": -63.64,
            "eps_4q": 0.1,
            "eps_4q_growth_year": null,
            "roe": 0.34,
            "roe_4q": 1.7400000000000002,
            "gross_profit": 22903,
            "gross_margin": 28.31,
            "gross_margin_4q_avg": 25.15,
            "net_income": 907,
            "revenue": 80892,
            "common_shares": 238000,
            "book_valuer_per_share": 11.28,
            "book_valuer_per_share_4q_avg": 11.63,
            "equity": 268542,
            "current_ratio": 271.01,
            "debt_ratio": 35.93,
            "inventory_turnover_ratio": 0.83,
            "account_receivable_turnover_ratio": 1.08,
            "reinvestment_rate": null,
            "research_to_sale_ratio": 9.28,
            "price_fair": 99.4,
            "eps_avg_yearly": 2.84,
            "eps_latest_yearly": 2.84,
            "eps_growth_yearly": 2181.82
        },
        "20174": {
            "year_quarter": 20174,
            "year": 2017,
            "quarter": 4,
            "eps": 0.63,
            "eps_growth_year": -10.81,
            "eps_4q": 0.11,
            "eps_4q_growth_year": null,
            "roe": 5.45,
            "roe_4q": 0.94,
            "gross_profit": 37507,
            "gross_margin": 28.41,
            "gross_margin_4q_avg": 24.18,
            "net_income": 15040,
            "revenue": 132003,
            "common_shares": 238000,
            "book_valuer_per_share": 11.92,
            "book_valuer_per_share_4q_avg": 11.68,
            "equity": 283617,
            "current_ratio": 356.83,
            "debt_ratio": 28.78,
            "inventory_turnover_ratio": 1.49,
            "account_receivable_turnover_ratio": 2.06,
            "reinvestment_rate": null,
            "research_to_sale_ratio": 4.99,
            "price_fair": 93.8,
            "eps_avg_yearly": 2.68,
            "eps_latest_yearly": 2.52,
            "eps_growth_yearly": 4040.91
        },
        "20181": {
            "year_quarter": 20181,
            "year": 2018,
            "quarter": 1,
            "eps": -0.93,
            "eps_growth_year": null,
            "eps_4q": -0.49,
            "eps_4q_growth_year": null,
            "roe": -8.13,
            "roe_4q": -4.300000000000001,
            "gross_profit": 3392,
            "gross_margin": 4.89,
            "gross_margin_4q_avg": 19.67,
            "net_income": -22166,
            "revenue": 69435,
            "common_shares": 238000,
            "book_valuer_per_share": 10.99,
            "book_valuer_per_share_4q_avg": 11.36,
            "equity": 261444,
            "current_ratio": 289.57,
            "debt_ratio": 33.78,
            "inventory_turnover_ratio": 1.19,
            "account_receivable_turnover_ratio": 1.23,
            "reinvestment_rate": null,
            "research_to_sale_ratio": 10.38,
            "price_fair": 93.8,
            "eps_avg_yearly": 2.68,
            "eps_latest_yearly": 2.52,
            "eps_growth_yearly": 4040.91
        },
        "20182": {
            "year_quarter": 20182,
            "year": 2018,
            "quarter": 2,
            "eps": 0.65,
            "eps_growth_year": null,
            "eps_4q": 0.39,
            "eps_4q_growth_year": 141.89,
            "roe": 5.79,
            "roe_4q": 3.4499999999999993,
            "gross_profit": 28092,
            "gross_margin": 23,
            "gross_margin_4q_avg": 21.15,
            "net_income": 15389,
            "revenue": 122135,
            "common_shares": 238000,
            "book_valuer_per_share": 11.33,
            "book_valuer_per_share_4q_avg": 11.38,
            "equity": 269693,
            "current_ratio": 283.36,
            "debt_ratio": 34.63,
            "inventory_turnover_ratio": 1.47,
            "account_receivable_turnover_ratio": 1.89,
            "reinvestment_rate": null,
            "research_to_sale_ratio": 6.3,
            "price_fair": 93.8,
            "eps_avg_yearly": 2.68,
            "eps_latest_yearly": 2.52,
            "eps_growth_yearly": 4040.91
        },
        "20183": {
            "year_quarter": 20183,
            "year": 2018,
            "quarter": 3,
            "eps": 0.21,
            "eps_growth_year": 425,
            "eps_4q": 0.55,
            "eps_4q_growth_year": 443.33,
            "roe": 1.8,
            "roe_4q": 4.909999999999999,
            "gross_profit": 24888,
            "gross_margin": 23.09,
            "gross_margin_4q_avg": 19.85,
            "net_income": 4891,
            "revenue": 107794,
            "common_shares": 238000,
            "book_valuer_per_share": 11.54,
            "book_valuer_per_share_4q_avg": 11.45,
            "equity": 274584,
            "current_ratio": 314.16,
            "debt_ratio": 31.58,
            "inventory_turnover_ratio": 1.37,
            "account_receivable_turnover_ratio": 1.33,
            "reinvestment_rate": null,
            "research_to_sale_ratio": 8.19,
            "price_fair": 72.33,
            "eps_avg_yearly": 2.07,
            "eps_latest_yearly": 0.84,
            "eps_growth_yearly": 2603.68
        },
        "20184": {
            "year_quarter": 20184,
            "year": 2018,
            "quarter": 4,
            "eps": 0.74,
            "eps_growth_year": 17.57,
            "eps_4q": 0.66,
            "eps_4q_growth_year": 479.92,
            "roe": 6.24,
            "roe_4q": 5.700000000000001,
            "gross_profit": 39337,
            "gross_margin": 34.25,
            "gross_margin_4q_avg": 21.31,
            "net_income": 17683,
            "revenue": 114853,
            "common_shares": 238000,
            "book_valuer_per_share": 12.28,
            "book_valuer_per_share_4q_avg": 11.54,
            "equity": 292293,
            "current_ratio": 321.09,
            "debt_ratio": 30.83,
            "inventory_turnover_ratio": 1.23,
            "account_receivable_turnover_ratio": 1.44,
            "reinvestment_rate": null,
            "research_to_sale_ratio": 6.76,
            "price_fair": 80.15,
            "eps_avg_yearly": 2.29,
            "eps_latest_yearly": 2.96,
            "eps_growth_yearly": 2205.14
        },
        "20191": {
            "year_quarter": 20191,
            "year": 2019,
            "quarter": 1,
            "eps": 0.15,
            "eps_growth_year": null,
            "eps_4q": 1.74,
            "eps_4q_growth_year": null,
            "roe": 1.19,
            "roe_4q": 15.02,
            "gross_profit": 25308,
            "gross_margin": 25.33,
            "gross_margin_4q_avg": 26.42,
            "net_income": 3508,
            "revenue": 99903,
            "common_shares": 238000,
            "book_valuer_per_share": 12.43,
            "book_valuer_per_share_4q_avg": 11.9,
            "equity": 295801,
            "current_ratio": 287.99,
            "debt_ratio": 46.7,
            "inventory_turnover_ratio": 0.99,
            "account_receivable_turnover_ratio": 1.54,
            "reinvestment_rate": null,
            "research_to_sale_ratio": 7.3,
            "price_fair": 68.32,
            "eps_avg_yearly": 1.95,
            "eps_latest_yearly": 0.6,
            "eps_growth_yearly": 1700.33
        },
        "20192": {
            "year_quarter": 20192,
            "year": 2019,
            "quarter": 2,
            "eps": 0.21,
            "eps_growth_year": -67.69,
            "eps_4q": 1.31,
            "eps_4q_growth_year": 238.86,
            "roe": 1.72,
            "roe_4q": 10.950000000000001,
            "gross_profit": 25398,
            "gross_margin": 21.14,
            "gross_margin_4q_avg": 25.95,
            "net_income": 4991,
            "revenue": 120117,
            "common_shares": 238000,
            "book_valuer_per_share": 11.94,
            "book_valuer_per_share_4q_avg": 12.05,
            "equity": 284132,
            "current_ratio": 261.56,
            "debt_ratio": 48.67,
            "inventory_turnover_ratio": 1.16,
            "account_receivable_turnover_ratio": 1.6,
            "reinvestment_rate": null,
            "research_to_sale_ratio": 6.91,
            "price_fair": 61.83,
            "eps_avg_yearly": 1.77,
            "eps_latest_yearly": 0.84,
            "eps_growth_yearly": 1443.61
        },
        "20193": {
            "year_quarter": 20193,
            "year": 2019,
            "quarter": 3,
            "eps": 0.27,
            "eps_growth_year": 28.57,
            "eps_4q": 1.37,
            "eps_4q_growth_year": 147.32,
            "roe": 2.21,
            "roe_4q": 11.36,
            "gross_profit": 34442,
            "gross_margin": 33.65,
            "gross_margin_4q_avg": 28.59,
            "net_income": 6351,
            "revenue": 102352,
            "common_shares": 238000,
            "book_valuer_per_share": 12.21,
            "book_valuer_per_share_4q_avg": 12.22,
            "equity": 290483,
            "current_ratio": 313.11,
            "debt_ratio": 44.82,
            "inventory_turnover_ratio": 0.89,
            "account_receivable_turnover_ratio": 1.09,
            "reinvestment_rate": null,
            "research_to_sale_ratio": 8.42,
            "price_fair": 58.4,
            "eps_avg_yearly": 1.67,
            "eps_latest_yearly": 1.08,
            "eps_growth_yearly": 1253.71
        },
        "20194": {
            "year_quarter": 20194,
            "year": 2019,
            "quarter": 4,
            "eps": 0.15,
            "eps_growth_year": -79.71,
            "eps_4q": 0.77,
            "eps_4q_growth_year": 16.72,
            "roe": 1.23,
            "roe_4q": 6.35,
            "gross_profit": 30311,
            "gross_margin": 22.13,
            "gross_margin_4q_avg": 25.56,
            "net_income": 3588,
            "revenue": 136974,
            "common_shares": 238000,
            "book_valuer_per_share": 12.36,
            "book_valuer_per_share_4q_avg": 12.24,
            "equity": 294067,
            "current_ratio": 306.45,
            "debt_ratio": 44.99,
            "inventory_turnover_ratio": 1.7,
            "account_receivable_turnover_ratio": 1.38,
            "reinvestment_rate": null,
            "research_to_sale_ratio": 6.44,
            "price_fair": 53.73,
            "eps_avg_yearly": 1.54,
            "eps_latest_yearly": 0.6,
            "eps_growth_yearly": 1074.77
        },
        "20201": {
            "year_quarter": 20201,
            "year": 2020,
            "quarter": 1,
            "eps": 0.18,
            "eps_growth_year": 20,
            "eps_4q": 0.81,
            "eps_4q_growth_year": -53.66,
            "roe": 1.45,
            "roe_4q": 6.609999999999999,
            "gross_profit": 29413,
            "gross_margin": 27.48,
            "gross_margin_4q_avg": 26.1,
            "net_income": 4286,
            "revenue": 107046,
            "common_shares": 238000,
            "book_valuer_per_share": 12.54,
            "book_valuer_per_share_4q_avg": 12.26,
            "equity": 298353,
            "current_ratio": 282.07,
            "debt_ratio": 46.27,
            "inventory_turnover_ratio": 1.37,
            "account_receivable_turnover_ratio": 1.26,
            "reinvestment_rate": null,
            "research_to_sale_ratio": 7,
            "price_fair": 50.56,
            "eps_avg_yearly": 1.44,
            "eps_latest_yearly": 0.72,
            "eps_growth_yearly": 964.24
        },
        "20202": {
            "year_quarter": 20202,
            "year": 2020,
            "quarter": 2,
            "eps": 0.59,
            "eps_growth_year": 180.95,
            "eps_4q": 1.19,
            "eps_4q_growth_year": -9.23,
            "roe": 4.71,
            "roe_4q": 9.600000000000001,
            "gross_profit": 42158,
            "gross_margin": 29.48,
            "gross_margin_4q_avg": 28.19,
            "net_income": 13979,
            "revenue": 142993,
            "common_shares": 238000,
            "book_valuer_per_share": 12.42,
            "book_valuer_per_share_4q_avg": 12.38,
            "equity": 295672,
            "current_ratio": 248.99,
            "debt_ratio": 48.93,
            "inventory_turnover_ratio": 1.51,
            "account_receivable_turnover_ratio": 1.94,
            "reinvestment_rate": 7.37,
            "research_to_sale_ratio": 5.43,
            "price_fair": 53.76,
            "eps_avg_yearly": 1.54,
            "eps_latest_yearly": 2.36,
            "eps_growth_yearly": 958.93
        },
        "20203": {
            "year_quarter": 20203,
            "year": 2020,
            "quarter": 3,
            "eps": 0.49,
            "eps_growth_year": 81.48,
            "eps_4q": 1.41,
            "eps_4q_growth_year": 3.05,
            "roe": 3.87,
            "roe_4q": 11.26,
            "gross_profit": 38898,
            "gross_margin": 35.5,
            "gross_margin_4q_avg": 28.65,
            "net_income": 11671,
            "revenue": 109583,
            "common_shares": 238000,
            "book_valuer_per_share": 12.91,
            "book_valuer_per_share_4q_avg": 12.56,
            "equity": 307343,
            "current_ratio": 293.83,
            "debt_ratio": 45.06,
            "inventory_turnover_ratio": 0.96,
            "account_receivable_turnover_ratio": 1.67,
            "reinvestment_rate": 10.55,
            "research_to_sale_ratio": 7.45,
            "price_fair": 55.11,
            "eps_avg_yearly": 1.57,
            "eps_latest_yearly": 1.96,
            "eps_growth_yearly": 865.59
        },
        "20204": {
            "year_quarter": 20204,
            "year": 2020,
            "quarter": 4,
            "eps": 0.07,
            "eps_growth_year": -50.81,
            "eps_4q": 1.33,
            "eps_4q_growth_year": 71.93,
            "roe": 0.57,
            "roe_4q": 10.6,
            "gross_profit": 24283,
            "gross_margin": 20.58,
            "gross_margin_4q_avg": 28.26,
            "net_income": 1765,
            "revenue": 117976,
            "common_shares": 238000,
            "book_valuer_per_share": 12.99,
            "book_valuer_per_share_4q_avg": 12.72,
            "equity": 309154,
            "current_ratio": 319.28,
            "debt_ratio": 43.48,
            "inventory_turnover_ratio": 1.45,
            "account_receivable_turnover_ratio": 1.83,
            "reinvestment_rate": 11.29,
            "research_to_sale_ratio": 5.91,
            "price_fair": 46.96,
            "eps_avg_yearly": 1.34,
            "eps_latest_yearly": 0.28,
            "eps_growth_yearly": 636.07
        },
        "20211": {
            "year_quarter": 20211,
            "year": 2021,
            "quarter": 1,
            "eps": -0.22,
            "eps_growth_year": -222.22,
            "eps_4q": 0.93,
            "eps_4q_growth_year": 14.83,
            "roe": -1.75,
            "roe_4q": 7.4,
            "gross_profit": 19600,
            "gross_margin": 22.15,
            "gross_margin_4q_avg": 26.93,
            "net_income": -5350,
            "revenue": 88480,
            "common_shares": 238000,
            "book_valuer_per_share": 12.76,
            "book_valuer_per_share_4q_avg": 12.77,
            "equity": 303804,
            "current_ratio": 293.61,
            "debt_ratio": 45.09,
            "inventory_turnover_ratio": 1.13,
            "account_receivable_turnover_ratio": 1.24,
            "reinvestment_rate": 7.04,
            "research_to_sale_ratio": 10.2,
            "price_fair": 46.96,
            "eps_avg_yearly": 1.34,
            "eps_latest_yearly": 0.28,
            "eps_growth_yearly": 636.07
        },
        "20212": {
            "year_quarter": 20212,
            "year": 2021,
            "quarter": 2,
            "eps": 0.27,
            "eps_growth_year": -54.24,
            "eps_4q": 0.61,
            "eps_4q_growth_year": -48.41,
            "roe": 2.21,
            "roe_4q": 4.9,
            "gross_profit": 30904,
            "gross_margin": 25.88,
            "gross_margin_4q_avg": 26.03,
            "net_income": 6464,
            "revenue": 119411,
            "common_shares": 238000,
            "book_valuer_per_share": 11.84,
            "book_valuer_per_share_4q_avg": 12.63,
            "equity": 281708,
            "current_ratio": 231.05,
            "debt_ratio": 50.69,
            "inventory_turnover_ratio": 1.16,
            "account_receivable_turnover_ratio": 1.43,
            "reinvestment_rate": 1.77,
            "research_to_sale_ratio": 6.43,
            "price_fair": 46.96,
            "eps_avg_yearly": 1.34,
            "eps_latest_yearly": 0.28,
            "eps_growth_yearly": 636.07
        },
        "20213": {
            "year_quarter": 20213,
            "year": 2021,
            "quarter": 3,
            "eps": 0.16,
            "eps_growth_year": -67.35,
            "eps_4q": 0.28,
            "eps_4q_growth_year": -80.12,
            "roe": 1.34,
            "roe_4q": 2.3699999999999997,
            "gross_profit": 29330,
            "gross_margin": 23.37,
            "gross_margin_4q_avg": 23,
            "net_income": 3787,
            "revenue": 125525,
            "common_shares": 238000,
            "book_valuer_per_share": 12,
            "book_valuer_per_share_4q_avg": 12.4,
            "equity": 285495,
            "current_ratio": 246.47,
            "debt_ratio": 48.8,
            "inventory_turnover_ratio": 1.08,
            "account_receivable_turnover_ratio": 1.25,
            "reinvestment_rate": 3.48,
            "research_to_sale_ratio": 6.55,
            "price_fair": 44.92,
            "eps_avg_yearly": 1.28,
            "eps_latest_yearly": 0.64,
            "eps_growth_yearly": 569.49
        },
        "20214": {
            "year_quarter": 20214,
            "year": 2021,
            "quarter": 4,
            "eps": 0.58,
            "eps_growth_year": 678.35,
            "eps_4q": 0.78,
            "eps_4q_growth_year": -41.2,
            "roe": 4.7,
            "roe_4q": 6.5,
            "gross_profit": 40831,
            "gross_margin": 27.8,
            "gross_margin_4q_avg": 24.8,
            "net_income": 13738,
            "revenue": 146862,
            "common_shares": 238000,
            "book_valuer_per_share": 12.57,
            "book_valuer_per_share_4q_avg": 12.29,
            "equity": 299273,
            "current_ratio": 250.11,
            "debt_ratio": 48.17,
            "inventory_turnover_ratio": 1.18,
            "account_receivable_turnover_ratio": 1.49,
            "reinvestment_rate": -3.37,
            "research_to_sale_ratio": 5.01,
            "price_fair": 44.33,
            "eps_avg_yearly": 1.27,
            "eps_latest_yearly": 2.32,
            "eps_growth_yearly": 165.32
        },
        "20221": {
            "year_quarter": 20221,
            "year": 2022,
            "quarter": 1,
            "eps": 0.11,
            "eps_growth_year": null,
            "eps_4q": 1.11,
            "eps_4q_growth_year": 20.1,
            "roe": 0.84,
            "roe_4q": 9.09,
            "gross_profit": 23327,
            "gross_margin": 20.71,
            "gross_margin_4q_avg": 24.44,
            "net_income": 2510,
            "revenue": 112662,
            "common_shares": 238000,
            "book_valuer_per_share": 12.68,
            "book_valuer_per_share_4q_avg": 12.27,
            "equity": 301783,
            "current_ratio": 248.66,
            "debt_ratio": 48.41,
            "inventory_turnover_ratio": 0.93,
            "account_receivable_turnover_ratio": 1.49,
            "reinvestment_rate": -4.51,
            "research_to_sale_ratio": 7.06,
            "price_fair": 42.11,
            "eps_avg_yearly": 1.2,
            "eps_latest_yearly": 0.44,
            "eps_growth_yearly": 127.67
        },
        "20222": {
            "year_quarter": 20222,
            "year": 2022,
            "quarter": 2,
            "eps": 0.21,
            "eps_growth_year": -22.22,
            "eps_4q": 1.05,
            "eps_4q_growth_year": 71.71,
            "roe": 1.67,
            "roe_4q": 8.55,
            "gross_profit": 25756,
            "gross_margin": 25.65,
            "gross_margin_4q_avg": 24.38,
            "net_income": 4949,
            "revenue": 100396,
            "common_shares": 238000,
            "book_valuer_per_share": 12.19,
            "book_valuer_per_share_4q_avg": 12.36,
            "equity": 290072,
            "current_ratio": 231.56,
            "debt_ratio": 50.06,
            "inventory_turnover_ratio": 0.61,
            "account_receivable_turnover_ratio": 1.66,
            "reinvestment_rate": -7.87,
            "research_to_sale_ratio": 7.4,
            "price_fair": 41.2,
            "eps_avg_yearly": 1.18,
            "eps_latest_yearly": 0.84,
            "eps_growth_yearly": 144.52
        },
        "20223": {
            "year_quarter": 20223,
            "year": 2022,
            "quarter": 3,
            "eps": 0.64,
            "eps_growth_year": 300,
            "eps_4q": 1.53,
            "eps_4q_growth_year": 446.68,
            "roe": 5.12,
            "roe_4q": 12.33,
            "gross_profit": 36902,
            "gross_margin": 25.21,
            "gross_margin_4q_avg": 24.84,
            "net_income": 15245,
            "revenue": 146368,
            "common_shares": 238000,
            "book_valuer_per_share": 12.83,
            "book_valuer_per_share_4q_avg": 12.57,
            "equity": 305317,
            "current_ratio": 306.57,
            "debt_ratio": 43.64,
            "inventory_turnover_ratio": 0.93,
            "account_receivable_turnover_ratio": 1.72,
            "reinvestment_rate": -10.12,
            "research_to_sale_ratio": 5.52,
            "price_fair": 45.5,
            "eps_avg_yearly": 1.3,
            "eps_latest_yearly": 2.56,
            "eps_growth_yearly": 222.37
        },
        "20224": {
            "year_quarter": 20224,
            "year": 2022,
            "quarter": 4,
            "eps": 0.11,
            "eps_growth_year": -80.67,
            "eps_4q": 1.07,
            "eps_4q_growth_year": 36.06,
            "roe": 0.87,
            "roe_4q": 8.5,
            "gross_profit": 21432,
            "gross_margin": 20.6,
            "gross_margin_4q_avg": 23.04,
            "net_income": 2656,
            "revenue": 104026,
            "common_shares": 238000,
            "book_valuer_per_share": 12.96,
            "book_valuer_per_share_4q_avg": 12.67,
            "equity": 308355,
            "current_ratio": 336.59,
            "debt_ratio": 41.57,
            "inventory_turnover_ratio": 0.88,
            "account_receivable_turnover_ratio": 1.17,
            "reinvestment_rate": -2.61,
            "research_to_sale_ratio": 7.14,
            "price_fair": 39.2,
            "eps_avg_yearly": 1.12,
            "eps_latest_yearly": 0.44,
            "eps_growth_yearly": 126.6
        },
        "20231": {
            "year_quarter": 20231,
            "year": 2023,
            "quarter": 1,
            "eps": 0.1,
            "eps_growth_year": -9.09,
            "eps_4q": 1.06,
            "eps_4q_growth_year": -4.66,
            "roe": 0.78,
            "roe_4q": 8.44,
            "gross_profit": 22664,
            "gross_margin": 24.94,
            "gross_margin_4q_avg": 24.1,
            "net_income": 2413,
            "revenue": 90871,
            "common_shares": 238000,
            "book_valuer_per_share": 13.06,
            "book_valuer_per_share_4q_avg": 12.76,
            "equity": 310768,
            "current_ratio": 361.81,
            "debt_ratio": 40.27,
            "inventory_turnover_ratio": 0.79,
            "account_receivable_turnover_ratio": 1.29,
            "reinvestment_rate": -3,
            "research_to_sale_ratio": 9.32,
            "price_fair": 38.7,
            "eps_avg_yearly": 1.11,
            "eps_latest_yearly": 0.4,
            "eps_growth_yearly": 146.78
        }
    },
    "months": {
        "2012-11": {
            "month": "2012-11",
            "price": "15.79",
            "revenue": 18107
        },
        "2012-12": {
            "month": "2012-12",
            "price": "15.95",
            "revenue": 66609
        },
        "2013-01": {
            "month": "2013-01",
            "price": "16.49",
            "revenue": 10831
        },
        "2013-02": {
            "month": "2013-02",
            "price": "17.16",
            "revenue": 17343
        },
        "2013-03": {
            "month": "2013-03",
            "price": "17.19",
            "revenue": 24710
        },
        "2013-04": {
            "month": "2013-04",
            "price": "17.34",
            "revenue": 21461
        },
        "2013-05": {
            "month": "2013-05",
            "price": "17.41",
            "revenue": 40756
        },
        "2013-06": {
            "month": "2013-06",
            "price": "17.35",
            "revenue": 39391
        },
        "2013-07": {
            "month": "2013-07",
            "price": "17.11",
            "revenue": 18306
        },
        "2013-08": {
            "month": "2013-08",
            "price": "16.90",
            "revenue": 50166
        },
        "2013-09": {
            "month": "2013-09",
            "price": "16.95",
            "revenue": 53846
        },
        "2013-10": {
            "month": "2013-10",
            "price": "18.45",
            "revenue": 29548
        },
        "2013-11": {
            "month": "2013-11",
            "price": "18.03",
            "revenue": 29992
        },
        "2013-12": {
            "month": "2013-12",
            "price": "17.52",
            "revenue": 47539
        },
        "2014-01": {
            "month": "2014-01",
            "price": "17.39",
            "revenue": 19462
        },
        "2014-02": {
            "month": "2014-02",
            "price": "17.57",
            "revenue": 11372
        },
        "2014-03": {
            "month": "2014-03",
            "price": "17.95",
            "revenue": 29116
        },
        "2014-04": {
            "month": "2014-04",
            "price": "18.08",
            "revenue": 24825
        },
        "2014-05": {
            "month": "2014-05",
            "price": "16.44",
            "revenue": 11706
        },
        "2014-06": {
            "month": "2014-06",
            "price": "16.67",
            "revenue": 27428
        },
        "2014-07": {
            "month": "2014-07",
            "price": "16.74",
            "revenue": 21985
        },
        "2014-08": {
            "month": "2014-08",
            "price": "16.42",
            "revenue": 28566
        },
        "2014-09": {
            "month": "2014-09",
            "price": "15.75",
            "revenue": 62472
        },
        "2014-10": {
            "month": "2014-10",
            "price": "13.13",
            "revenue": 18460
        },
        "2014-11": {
            "month": "2014-11",
            "price": "12.01",
            "revenue": 37302
        },
        "2014-12": {
            "month": "2014-12",
            "price": "12.30",
            "revenue": 31203
        },
        "2015-01": {
            "month": "2015-01",
            "price": "14.28",
            "revenue": 18399
        },
        "2015-02": {
            "month": "2015-02",
            "price": "13.84",
            "revenue": 26703
        },
        "2015-03": {
            "month": "2015-03",
            "price": "16.00",
            "revenue": 46228
        },
        "2015-04": {
            "month": "2015-04",
            "price": "15.87",
            "revenue": 30331
        },
        "2015-05": {
            "month": "2015-05",
            "price": "14.95",
            "revenue": 56416
        },
        "2015-06": {
            "month": "2015-06",
            "price": "14.91",
            "revenue": 41169
        },
        "2015-07": {
            "month": "2015-07",
            "price": "14.77",
            "revenue": 41452
        },
        "2015-08": {
            "month": "2015-08",
            "price": "15.19",
            "revenue": 28479
        },
        "2015-09": {
            "month": "2015-09",
            "price": "15.73",
            "revenue": 38341
        },
        "2015-10": {
            "month": "2015-10",
            "price": "15.65",
            "revenue": 22940
        },
        "2015-11": {
            "month": "2015-11",
            "price": "15.91",
            "revenue": 22310
        },
        "2015-12": {
            "month": "2015-12",
            "price": "16.25",
            "revenue": 54175
        },
        "2016-01": {
            "month": "2016-01",
            "price": "16.30",
            "revenue": 17738
        },
        "2016-02": {
            "month": "2016-02",
            "price": "16.04",
            "revenue": 9096
        },
        "2016-03": {
            "month": "2016-03",
            "price": "16.30",
            "revenue": 73846
        },
        "2016-04": {
            "month": "2016-04",
            "price": "18.55",
            "revenue": 22165
        },
        "2016-05": {
            "month": "2016-05",
            "price": "18.83",
            "revenue": 51910
        },
        "2016-06": {
            "month": "2016-06",
            "price": "19.10",
            "revenue": 46228
        },
        "2016-07": {
            "month": "2016-07",
            "price": "19.30",
            "revenue": 33001
        },
        "2016-08": {
            "month": "2016-08",
            "price": "19.45",
            "revenue": 21272
        },
        "2016-09": {
            "month": "2016-09",
            "price": "20.41",
            "revenue": 45906
        },
        "2016-10": {
            "month": "2016-10",
            "price": "19.79",
            "revenue": 27902
        },
        "2016-11": {
            "month": "2016-11",
            "price": "22.31",
            "revenue": 58078
        },
        "2016-12": {
            "month": "2016-12",
            "price": "23.48",
            "revenue": 59862
        },
        "2017-01": {
            "month": "2017-01",
            "price": "24.70",
            "revenue": 11076
        },
        "2017-02": {
            "month": "2017-02",
            "price": "31.17",
            "revenue": 25774
        },
        "2017-03": {
            "month": "2017-03",
            "price": "38.15",
            "revenue": 62449
        },
        "2017-04": {
            "month": "2017-04",
            "price": "31.11",
            "revenue": 31433
        },
        "2017-05": {
            "month": "2017-05",
            "price": "26.62",
            "revenue": 29401
        },
        "2017-06": {
            "month": "2017-06",
            "price": "25.33",
            "revenue": 46825
        },
        "2017-07": {
            "month": "2017-07",
            "price": "23.94",
            "revenue": 16841
        },
        "2017-08": {
            "month": "2017-08",
            "price": "21.20",
            "revenue": 24907
        },
        "2017-09": {
            "month": "2017-09",
            "price": "19.91",
            "revenue": 39143
        },
        "2017-10": {
            "month": "2017-10",
            "price": "18.76",
            "revenue": 67949
        },
        "2017-11": {
            "month": "2017-11",
            "price": "19.26",
            "revenue": 20278
        },
        "2017-12": {
            "month": "2017-12",
            "price": "17.90",
            "revenue": 43776
        },
        "2018-01": {
            "month": "2018-01",
            "price": "18.48",
            "revenue": 23315
        },
        "2018-02": {
            "month": "2018-02",
            "price": "17.85",
            "revenue": 19504
        },
        "2018-03": {
            "month": "2018-03",
            "price": "19.82",
            "revenue": 26616
        },
        "2018-04": {
            "month": "2018-04",
            "price": "20.24",
            "revenue": 58651
        },
        "2018-05": {
            "month": "2018-05",
            "price": "18.68",
            "revenue": 14967
        },
        "2018-06": {
            "month": "2018-06",
            "price": "18.25",
            "revenue": 48516
        },
        "2018-07": {
            "month": "2018-07",
            "price": "17.56",
            "revenue": 39944
        },
        "2018-08": {
            "month": "2018-08",
            "price": "17.52",
            "revenue": 18217
        },
        "2018-09": {
            "month": "2018-09",
            "price": "16.84",
            "revenue": 49634
        },
        "2018-10": {
            "month": "2018-10",
            "price": "15.40",
            "revenue": 23957
        },
        "2018-11": {
            "month": "2018-11",
            "price": "14.19",
            "revenue": 19439
        },
        "2018-12": {
            "month": "2018-12",
            "price": "14.58",
            "revenue": 71456
        },
        "2019-01": {
            "month": "2019-01",
            "price": "14.94",
            "revenue": 43378
        },
        "2019-02": {
            "month": "2019-02",
            "price": "15.55",
            "revenue": 27610
        },
        "2019-03": {
            "month": "2019-03",
            "price": "17.20",
            "revenue": 28915
        },
        "2019-04": {
            "month": "2019-04",
            "price": "18.46",
            "revenue": 29410
        },
        "2019-05": {
            "month": "2019-05",
            "price": "17.02",
            "revenue": 45470
        },
        "2019-06": {
            "month": "2019-06",
            "price": "17.05",
            "revenue": 45237
        },
        "2019-07": {
            "month": "2019-07",
            "price": "17.27",
            "revenue": 29677
        },
        "2019-08": {
            "month": "2019-08",
            "price": "16.89",
            "revenue": 39192
        },
        "2019-09": {
            "month": "2019-09",
            "price": "16.91",
            "revenue": 33483
        },
        "2019-10": {
            "month": "2019-10",
            "price": "16.89",
            "revenue": 22072
        },
        "2019-11": {
            "month": "2019-11",
            "price": "17.14",
            "revenue": 40980
        },
        "2019-12": {
            "month": "2019-12",
            "price": "19.43",
            "revenue": 73922
        },
        "2020-01": {
            "month": "2020-01",
            "price": "19.62",
            "revenue": 28171
        },
        "2020-02": {
            "month": "2020-02",
            "price": "20.25",
            "revenue": 28839
        },
        "2020-03": {
            "month": "2020-03",
            "price": "16.73",
            "revenue": 50036
        },
        "2020-04": {
            "month": "2020-04",
            "price": "17.05",
            "revenue": 36258
        },
        "2020-05": {
            "month": "2020-05",
            "price": "18.53",
            "revenue": 50364
        },
        "2020-06": {
            "month": "2020-06",
            "price": "20.56",
            "revenue": 56371
        },
        "2020-07": {
            "month": "2020-07",
            "price": "23.03",
            "revenue": 42120
        },
        "2020-08": {
            "month": "2020-08",
            "price": "22.03",
            "revenue": 41394
        },
        "2020-09": {
            "month": "2020-09",
            "price": "22.30",
            "revenue": 26069
        },
        "2020-10": {
            "month": "2020-10",
            "price": "20.59",
            "revenue": 27088
        },
        "2020-11": {
            "month": "2020-11",
            "price": "20.83",
            "revenue": 28933
        },
        "2020-12": {
            "month": "2020-12",
            "price": "21.03",
            "revenue": 61955
        },
        "2021-01": {
            "month": "2021-01",
            "price": "21.16",
            "revenue": 32048
        },
        "2021-02": {
            "month": "2021-02",
            "price": "21.23",
            "revenue": 26788
        },
        "2021-03": {
            "month": "2021-03",
            "price": "21.92",
            "revenue": 29644
        },
        "2021-04": {
            "month": "2021-04",
            "price": "22.50",
            "revenue": 28384
        },
        "2021-05": {
            "month": "2021-05",
            "price": "20.96",
            "revenue": 36174
        },
        "2021-06": {
            "month": "2021-06",
            "price": "20.34",
            "revenue": 54853
        },
        "2021-07": {
            "month": "2021-07",
            "price": "20.15",
            "revenue": 50247
        },
        "2021-08": {
            "month": "2021-08",
            "price": "19.23",
            "revenue": 21733
        },
        "2021-09": {
            "month": "2021-09",
            "price": "18.38",
            "revenue": 53545
        },
        "2021-10": {
            "month": "2021-10",
            "price": "18.52",
            "revenue": 43862
        },
        "2021-11": {
            "month": "2021-11",
            "price": "18.43",
            "revenue": 20988
        },
        "2021-12": {
            "month": "2021-12",
            "price": "18.30",
            "revenue": 82013
        },
        "2022-01": {
            "month": "2022-01",
            "price": "18.17",
            "revenue": 62962
        },
        "2022-02": {
            "month": "2022-02",
            "price": "18.21",
            "revenue": 29599
        },
        "2022-03": {
            "month": "2022-03",
            "price": "18.15",
            "revenue": 20100
        },
        "2022-04": {
            "month": "2022-04",
            "price": "18.75",
            "revenue": 28397
        },
        "2022-05": {
            "month": "2022-05",
            "price": "18.86",
            "revenue": 25201
        },
        "2022-06": {
            "month": "2022-06",
            "price": "18.28",
            "revenue": 46798
        },
        "2022-07": {
            "month": "2022-07",
            "price": "17.52",
            "revenue": 47936
        },
        "2022-08": {
            "month": "2022-08",
            "price": "18.16",
            "revenue": 49052
        },
        "2022-09": {
            "month": "2022-09",
            "price": "18.51",
            "revenue": 49381
        },
        "2022-10": {
            "month": "2022-10",
            "price": "18.09",
            "revenue": 31236
        },
        "2022-11": {
            "month": "2022-11",
            "price": "17.98",
            "revenue": 35251
        },
        "2022-12": {
            "month": "2022-12",
            "price": "18.78",
            "revenue": 37539
        },
        "2023-01": {
            "month": "2023-01",
            "price": "18.44",
            "revenue": 34041
        },
        "2023-02": {
            "month": "2023-02",
            "price": "18.59",
            "revenue": 29624
        },
        "2023-03": {
            "month": "2023-03",
            "price": "18.78",
            "revenue": 27206
        },
        "2023-04": {
            "month": "2023-04",
            "price": "19.42",
            "revenue": 25352
        },
        "2023-05": {
            "month": "2023-05",
            "price": "20.03",
            "revenue": 30114
        }
    }
}
