{
    "summary": {
        "stock_name": "安克",
        "stock_id": "4188",
        "category": "生技醫療",
        "main_business": "電腦輔助診斷軟體高階醫材",
        "website_url": "https://www.amcad.com.tw/",
        "ceo": "李伊俐",
        "pe_ratio": -19,
        "report_year_from": 2012,
        "report_year_to": 2023,
        "age": 11,
        "eps_negative_percentage": 100,
        "eps_growth_avg": {
            "last_all": null,
            "last_2y": null,
            "last_4y": null,
            "last_8y": null,
            "last_12y": null,
            "last_16y": null,
            "last_20y": null,
            "at_2006_last_3y": null,
            "at_2007_last_3y": null,
            "at_2008_last_3y": null,
            "at_2009_last_3y": null,
            "at_2010_last_3y": null,
            "at_2011_last_3y": null,
            "at_2012_last_3y": null,
            "at_2013_last_3y": null,
            "at_2014_last_3y": null,
            "at_2015_last_3y": null,
            "at_2016_last_3y": null,
            "at_2017_last_3y": null,
            "at_2018_last_3y": null,
            "at_2019_last_3y": null,
            "at_2020_last_3y": null,
            "at_2021_last_3y": null,
            "at_2022_last_3y": null,
            "at_2023_last_3y": null,
            "at_2006_last_all": null,
            "at_2007_last_all": null,
            "at_2008_last_all": null,
            "at_2009_last_all": null,
            "at_2010_last_all": null,
            "at_2011_last_all": null,
            "at_2012_last_all": null,
            "at_2013_last_all": null,
            "at_2014_last_all": null,
            "at_2015_last_all": null,
            "at_2016_last_all": null,
            "at_2017_last_all": null,
            "at_2018_last_all": null,
            "at_2019_last_all": null,
            "at_2020_last_all": null,
            "at_2021_last_all": null,
            "at_2022_last_all": null,
            "at_2023_last_all": null
        },
        "latest_eps": -1.09,
        "latest_price": 21.1,
        "latest_roe": -11.07,
        "latest_gross_margin": 59.61,
        "latest_equity": 497469,
        "latest_revenue": 15612,
        "latest_gross_profit": 9307,
        "latest_net_income": -12054,
        "latest_debt_ratio": 5.44,
        "latest_current_ratio": 1451.37,
        "latest_account_receivable_turnover_ratio": 2.55,
        "latest_inventory_turnover_ratio": 0.26,
        "latest_reinvestment_rate": null,
        "latest_research_to_sale_ratio": 65.19
    },
    "eps_dividends": {
        "2001": {
            "cash": 0,
            "stock": 0,
            "eps": 0
        },
        "2002": {
            "cash": 0,
            "stock": 0,
            "eps": 0
        },
        "2003": {
            "cash": 0,
            "stock": 0,
            "eps": 0
        },
        "2004": {
            "cash": 0,
            "stock": 0,
            "eps": 0
        },
        "2005": {
            "cash": 0,
            "stock": 0,
            "eps": 0
        },
        "2006": {
            "cash": 0,
            "stock": 0,
            "eps": 0
        },
        "2007": {
            "cash": 0,
            "stock": 0,
            "eps": 0
        },
        "2008": {
            "cash": 0,
            "stock": 0,
            "eps": 0
        },
        "2009": {
            "cash": 0,
            "stock": 0,
            "eps": 0
        },
        "2010": {
            "cash": 0,
            "stock": 0,
            "eps": 0
        },
        "2011": {
            "cash": 0,
            "stock": 0,
            "eps": 0
        },
        "2012": {
            "cash": 0,
            "stock": 0,
            "eps": 0
        },
        "2013": {
            "cash": 0,
            "stock": 0,
            "eps": 0
        },
        "2014": {
            "cash": 0,
            "stock": 0,
            "eps": -0.99
        },
        "2015": {
            "cash": 0,
            "stock": 0,
            "eps": -1.57
        },
        "2016": {
            "cash": 0,
            "stock": 0,
            "eps": -1.23
        },
        "2017": {
            "cash": 0,
            "stock": 0,
            "eps": -1.11
        },
        "2018": {
            "cash": 0,
            "stock": 0,
            "eps": -0.85
        },
        "2019": {
            "cash": 0,
            "stock": 0,
            "eps": -0.71
        },
        "2020": {
            "cash": 0,
            "stock": 0,
            "eps": -0.67
        },
        "2021": {
            "cash": 0,
            "stock": 0,
            "eps": -0.49
        },
        "2022": {
            "cash": 0,
            "stock": 0,
            "eps": -1.02
        },
        "2023": {
            "cash": 0,
            "stock": 0,
            "eps": -0.44
        }
    },
    "dividends": [],
    "prices": {
        "200101": "無",
        "200102": "無",
        "200103": "無",
        "200104": "無",
        "200105": "無",
        "200106": "無",
        "200107": "無",
        "200108": "無",
        "200109": "無",
        "200110": "無",
        "200111": "無",
        "200112": "無",
        "200201": "無",
        "200202": "無",
        "200203": "無",
        "200204": "無",
        "200205": "無",
        "200206": "無",
        "200207": "無",
        "200208": "無",
        "200209": "無",
        "200210": "無",
        "200211": "無",
        "200212": "無",
        "200301": "無",
        "200302": "無",
        "200303": "無",
        "200304": "無",
        "200305": "無",
        "200306": "無",
        "200307": "無",
        "200308": "無",
        "200309": "無",
        "200310": "無",
        "200311": "無",
        "200312": "無",
        "200401": "無",
        "200402": "無",
        "200403": "無",
        "200404": "無",
        "200405": "無",
        "200406": "無",
        "200407": "無",
        "200408": "無",
        "200409": "無",
        "200410": "無",
        "200411": "無",
        "200412": "無",
        "200501": "無",
        "200502": "無",
        "200503": "無",
        "200504": "無",
        "200505": "無",
        "200506": "無",
        "200507": "無",
        "200508": "無",
        "200509": "無",
        "200510": "無",
        "200511": "無",
        "200512": "無",
        "200601": "無",
        "200602": "無",
        "200603": "無",
        "200604": "無",
        "200605": "無",
        "200606": "無",
        "200607": "無",
        "200608": "無",
        "200609": "無",
        "200610": "無",
        "200611": "無",
        "200612": "無",
        "200701": "無",
        "200702": "無",
        "200703": "無",
        "200704": "無",
        "200705": "無",
        "200706": "無",
        "200707": "無",
        "200708": "無",
        "200709": "無",
        "200710": "無",
        "200711": "無",
        "200712": "無",
        "200801": "無",
        "200802": "無",
        "200803": "無",
        "200804": "無",
        "200805": "無",
        "200806": "無",
        "200807": "無",
        "200808": "無",
        "200809": "無",
        "200810": "無",
        "200811": "無",
        "200812": "無",
        "200901": "無",
        "200902": "無",
        "200903": "無",
        "200904": "無",
        "200905": "無",
        "200906": "無",
        "200907": "無",
        "200908": "無",
        "200909": "無",
        "200910": "無",
        "200911": "無",
        "200912": "無",
        "201001": "無",
        "201002": "無",
        "201003": "無",
        "201004": "無",
        "201005": "無",
        "201006": "無",
        "201007": "無",
        "201008": "無",
        "201009": "無",
        "201010": "無",
        "201011": "無",
        "201012": "無",
        "201101": "無",
        "201102": "無",
        "201103": "無",
        "201104": "無",
        "201105": "無",
        "201106": "無",
        "201107": "無",
        "201108": "無",
        "201109": "無",
        "201110": "無",
        "201111": "無",
        "201112": "無",
        "201201": "無",
        "201202": "無",
        "201203": "無",
        "201204": "無",
        "201205": "無",
        "201206": "無",
        "201207": "無",
        "201208": "無",
        "201209": "無",
        "201210": "無",
        "201211": "無",
        "201212": "無",
        "201301": "無",
        "201302": "無",
        "201303": "無",
        "201304": "無",
        "201305": "無",
        "201306": "無",
        "201307": "無",
        "201308": "無",
        "201309": "無",
        "201310": "無",
        "201311": "無",
        "201312": "60.03",
        "201401": "56.64",
        "201402": "58.66",
        "201403": "55.41",
        "201404": "56.61",
        "201405": "59.79",
        "201406": "59.70",
        "201407": "55.36",
        "201408": "49.01",
        "201409": "47.47",
        "201410": "47.53",
        "201411": "43.46",
        "201412": "39.32",
        "201501": "39.97",
        "201502": "42.39",
        "201503": "38.02",
        "201504": "36.40",
        "201505": "32.04",
        "201506": "29.55",
        "201507": "27.64",
        "201508": "18.43",
        "201509": "23.40",
        "201510": "30.50",
        "201511": "34.46",
        "201512": "29.98",
        "201601": "27.08",
        "201602": "27.90",
        "201603": "32.14",
        "201604": "38.31",
        "201605": "36.28",
        "201606": "34.97",
        "201607": "33.07",
        "201608": "31.17",
        "201609": "30.60",
        "201610": "29.88",
        "201611": "29.26",
        "201612": "30.24",
        "201701": "29.88",
        "201702": "29.73",
        "201703": "28.41",
        "201704": "28.29",
        "201705": "28.38",
        "201706": "29.06",
        "201707": "29.79",
        "201708": "29.16",
        "201709": "31.74",
        "201710": "33.66",
        "201711": "31.27",
        "201712": "28.07",
        "201801": "28.06",
        "201802": "29.26",
        "201803": "30.46",
        "201804": "34.36",
        "201805": "32.52",
        "201806": "32.66",
        "201807": "30.87",
        "201808": "29.74",
        "201809": "30.20",
        "201810": "28.05",
        "201811": "27.23",
        "201812": "27.73",
        "201901": "28.01",
        "201902": "27.75",
        "201903": "27.32",
        "201904": "27.95",
        "201905": "25.88",
        "201906": "24.59",
        "201907": "25.46",
        "201908": "23.45",
        "201909": "23.33",
        "201910": "24.15",
        "201911": "24.48",
        "201912": "24.09",
        "202001": "23.83",
        "202002": "22.23",
        "202003": "15.67",
        "202004": "14.92",
        "202005": "18.32",
        "202006": "23.62",
        "202007": "27.72",
        "202008": "21.11",
        "202009": "20.25",
        "202010": "19.73",
        "202011": "20.17",
        "202012": "19.50",
        "202101": "19.32",
        "202102": "19.07",
        "202103": "19.25",
        "202104": "19.19",
        "202105": "18.57",
        "202106": "17.54",
        "202107": "16.76",
        "202108": "16.36",
        "202109": "18.19",
        "202110": "17.80",
        "202111": "18.42",
        "202112": "18.72",
        "202201": "18.52",
        "202202": "18.37",
        "202203": "18.04",
        "202204": "17.77",
        "202205": "17.13",
        "202206": "16.50",
        "202207": "16.60",
        "202208": "16.99",
        "202209": "16.97",
        "202210": "15.46",
        "202211": "14.92",
        "202212": "16.06",
        "202301": "16.03",
        "202302": "16.52",
        "202303": "16.26",
        "202304": "16.07",
        "202305": "16.39",
        "202306": "17.17",
        "202307": "20.73",
        "202308": "21.02",
        "202309": "21.58"
    },
    "quarters": {
        "20011": {
            "year_quarter": 20011,
            "year": 2001,
            "quarter": 1,
            "eps": null,
            "eps_growth_year": null,
            "eps_4q": null,
            "eps_4q_growth_year": null,
            "roe": null,
            "roe_4q": 0,
            "gross_profit": null,
            "gross_margin": null,
            "gross_margin_4q_avg": 0,
            "net_income": null,
            "revenue": null,
            "common_shares": null,
            "book_valuer_per_share": null,
            "book_valuer_per_share_4q_avg": 0,
            "equity": null,
            "current_ratio": null,
            "debt_ratio": null,
            "inventory_turnover_ratio": null,
            "account_receivable_turnover_ratio": null,
            "reinvestment_rate": null,
            "research_to_sale_ratio": null,
            "price_fair": 0,
            "eps_avg_yearly": 0,
            "eps_latest_yearly": 0,
            "eps_growth_yearly": 0
        },
        "20012": {
            "year_quarter": 20012,
            "year": 2001,
            "quarter": 2,
            "eps": null,
            "eps_growth_year": null,
            "eps_4q": null,
            "eps_4q_growth_year": null,
            "roe": null,
            "roe_4q": 0,
            "gross_profit": null,
            "gross_margin": null,
            "gross_margin_4q_avg": 0,
            "net_income": null,
            "revenue": null,
            "common_shares": null,
            "book_valuer_per_share": null,
            "book_valuer_per_share_4q_avg": 0,
            "equity": null,
            "current_ratio": null,
            "debt_ratio": null,
            "inventory_turnover_ratio": null,
            "account_receivable_turnover_ratio": null,
            "reinvestment_rate": null,
            "research_to_sale_ratio": null,
            "price_fair": 0,
            "eps_avg_yearly": 0,
            "eps_latest_yearly": 0,
            "eps_growth_yearly": 0
        },
        "20013": {
            "year_quarter": 20013,
            "year": 2001,
            "quarter": 3,
            "eps": null,
            "eps_growth_year": null,
            "eps_4q": null,
            "eps_4q_growth_year": null,
            "roe": null,
            "roe_4q": 0,
            "gross_profit": null,
            "gross_margin": null,
            "gross_margin_4q_avg": 0,
            "net_income": null,
            "revenue": null,
            "common_shares": null,
            "book_valuer_per_share": null,
            "book_valuer_per_share_4q_avg": 0,
            "equity": null,
            "current_ratio": null,
            "debt_ratio": null,
            "inventory_turnover_ratio": null,
            "account_receivable_turnover_ratio": null,
            "reinvestment_rate": null,
            "research_to_sale_ratio": null,
            "price_fair": 0,
            "eps_avg_yearly": 0,
            "eps_latest_yearly": 0,
            "eps_growth_yearly": 0
        },
        "20014": {
            "year_quarter": 20014,
            "year": 2001,
            "quarter": 4,
            "eps": null,
            "eps_growth_year": null,
            "eps_4q": null,
            "eps_4q_growth_year": null,
            "roe": null,
            "roe_4q": 0,
            "gross_profit": null,
            "gross_margin": null,
            "gross_margin_4q_avg": 0,
            "net_income": null,
            "revenue": null,
            "common_shares": null,
            "book_valuer_per_share": null,
            "book_valuer_per_share_4q_avg": 0,
            "equity": null,
            "current_ratio": null,
            "debt_ratio": null,
            "inventory_turnover_ratio": null,
            "account_receivable_turnover_ratio": null,
            "reinvestment_rate": null,
            "research_to_sale_ratio": null,
            "price_fair": 0,
            "eps_avg_yearly": 0,
            "eps_latest_yearly": 0,
            "eps_growth_yearly": 0
        },
        "20021": {
            "year_quarter": 20021,
            "year": 2002,
            "quarter": 1,
            "eps": null,
            "eps_growth_year": null,
            "eps_4q": null,
            "eps_4q_growth_year": null,
            "roe": null,
            "roe_4q": 0,
            "gross_profit": null,
            "gross_margin": null,
            "gross_margin_4q_avg": 0,
            "net_income": null,
            "revenue": null,
            "common_shares": null,
            "book_valuer_per_share": null,
            "book_valuer_per_share_4q_avg": 0,
            "equity": null,
            "current_ratio": null,
            "debt_ratio": null,
            "inventory_turnover_ratio": null,
            "account_receivable_turnover_ratio": null,
            "reinvestment_rate": null,
            "research_to_sale_ratio": null,
            "price_fair": 0,
            "eps_avg_yearly": 0,
            "eps_latest_yearly": 0,
            "eps_growth_yearly": 0
        },
        "20022": {
            "year_quarter": 20022,
            "year": 2002,
            "quarter": 2,
            "eps": null,
            "eps_growth_year": null,
            "eps_4q": null,
            "eps_4q_growth_year": null,
            "roe": null,
            "roe_4q": 0,
            "gross_profit": null,
            "gross_margin": null,
            "gross_margin_4q_avg": 0,
            "net_income": null,
            "revenue": null,
            "common_shares": null,
            "book_valuer_per_share": null,
            "book_valuer_per_share_4q_avg": 0,
            "equity": null,
            "current_ratio": null,
            "debt_ratio": null,
            "inventory_turnover_ratio": null,
            "account_receivable_turnover_ratio": null,
            "reinvestment_rate": null,
            "research_to_sale_ratio": null,
            "price_fair": 0,
            "eps_avg_yearly": 0,
            "eps_latest_yearly": 0,
            "eps_growth_yearly": 0
        },
        "20023": {
            "year_quarter": 20023,
            "year": 2002,
            "quarter": 3,
            "eps": null,
            "eps_growth_year": null,
            "eps_4q": null,
            "eps_4q_growth_year": null,
            "roe": null,
            "roe_4q": 0,
            "gross_profit": null,
            "gross_margin": null,
            "gross_margin_4q_avg": 0,
            "net_income": null,
            "revenue": null,
            "common_shares": null,
            "book_valuer_per_share": null,
            "book_valuer_per_share_4q_avg": 0,
            "equity": null,
            "current_ratio": null,
            "debt_ratio": null,
            "inventory_turnover_ratio": null,
            "account_receivable_turnover_ratio": null,
            "reinvestment_rate": null,
            "research_to_sale_ratio": null,
            "price_fair": 0,
            "eps_avg_yearly": 0,
            "eps_latest_yearly": 0,
            "eps_growth_yearly": 0
        },
        "20024": {
            "year_quarter": 20024,
            "year": 2002,
            "quarter": 4,
            "eps": null,
            "eps_growth_year": null,
            "eps_4q": null,
            "eps_4q_growth_year": null,
            "roe": null,
            "roe_4q": 0,
            "gross_profit": null,
            "gross_margin": null,
            "gross_margin_4q_avg": 0,
            "net_income": null,
            "revenue": null,
            "common_shares": null,
            "book_valuer_per_share": null,
            "book_valuer_per_share_4q_avg": 0,
            "equity": null,
            "current_ratio": null,
            "debt_ratio": null,
            "inventory_turnover_ratio": null,
            "account_receivable_turnover_ratio": null,
            "reinvestment_rate": null,
            "research_to_sale_ratio": null,
            "price_fair": 0,
            "eps_avg_yearly": 0,
            "eps_latest_yearly": 0,
            "eps_growth_yearly": 0
        },
        "20031": {
            "year_quarter": 20031,
            "year": 2003,
            "quarter": 1,
            "eps": null,
            "eps_growth_year": null,
            "eps_4q": null,
            "eps_4q_growth_year": null,
            "roe": null,
            "roe_4q": 0,
            "gross_profit": null,
            "gross_margin": null,
            "gross_margin_4q_avg": 0,
            "net_income": null,
            "revenue": null,
            "common_shares": null,
            "book_valuer_per_share": null,
            "book_valuer_per_share_4q_avg": 0,
            "equity": null,
            "current_ratio": null,
            "debt_ratio": null,
            "inventory_turnover_ratio": null,
            "account_receivable_turnover_ratio": null,
            "reinvestment_rate": null,
            "research_to_sale_ratio": null,
            "price_fair": 0,
            "eps_avg_yearly": 0,
            "eps_latest_yearly": 0,
            "eps_growth_yearly": 0
        },
        "20032": {
            "year_quarter": 20032,
            "year": 2003,
            "quarter": 2,
            "eps": null,
            "eps_growth_year": null,
            "eps_4q": null,
            "eps_4q_growth_year": null,
            "roe": null,
            "roe_4q": 0,
            "gross_profit": null,
            "gross_margin": null,
            "gross_margin_4q_avg": 0,
            "net_income": null,
            "revenue": null,
            "common_shares": null,
            "book_valuer_per_share": null,
            "book_valuer_per_share_4q_avg": 0,
            "equity": null,
            "current_ratio": null,
            "debt_ratio": null,
            "inventory_turnover_ratio": null,
            "account_receivable_turnover_ratio": null,
            "reinvestment_rate": null,
            "research_to_sale_ratio": null,
            "price_fair": 0,
            "eps_avg_yearly": 0,
            "eps_latest_yearly": 0,
            "eps_growth_yearly": 0
        },
        "20033": {
            "year_quarter": 20033,
            "year": 2003,
            "quarter": 3,
            "eps": null,
            "eps_growth_year": null,
            "eps_4q": null,
            "eps_4q_growth_year": null,
            "roe": null,
            "roe_4q": 0,
            "gross_profit": null,
            "gross_margin": null,
            "gross_margin_4q_avg": 0,
            "net_income": null,
            "revenue": null,
            "common_shares": null,
            "book_valuer_per_share": null,
            "book_valuer_per_share_4q_avg": 0,
            "equity": null,
            "current_ratio": null,
            "debt_ratio": null,
            "inventory_turnover_ratio": null,
            "account_receivable_turnover_ratio": null,
            "reinvestment_rate": null,
            "research_to_sale_ratio": null,
            "price_fair": 0,
            "eps_avg_yearly": 0,
            "eps_latest_yearly": 0,
            "eps_growth_yearly": 0
        },
        "20034": {
            "year_quarter": 20034,
            "year": 2003,
            "quarter": 4,
            "eps": null,
            "eps_growth_year": null,
            "eps_4q": null,
            "eps_4q_growth_year": null,
            "roe": null,
            "roe_4q": 0,
            "gross_profit": null,
            "gross_margin": null,
            "gross_margin_4q_avg": 0,
            "net_income": null,
            "revenue": null,
            "common_shares": null,
            "book_valuer_per_share": null,
            "book_valuer_per_share_4q_avg": 0,
            "equity": null,
            "current_ratio": null,
            "debt_ratio": null,
            "inventory_turnover_ratio": null,
            "account_receivable_turnover_ratio": null,
            "reinvestment_rate": null,
            "research_to_sale_ratio": null,
            "price_fair": 0,
            "eps_avg_yearly": 0,
            "eps_latest_yearly": 0,
            "eps_growth_yearly": 0
        },
        "20041": {
            "year_quarter": 20041,
            "year": 2004,
            "quarter": 1,
            "eps": null,
            "eps_growth_year": null,
            "eps_4q": null,
            "eps_4q_growth_year": null,
            "roe": null,
            "roe_4q": 0,
            "gross_profit": null,
            "gross_margin": null,
            "gross_margin_4q_avg": 0,
            "net_income": null,
            "revenue": null,
            "common_shares": null,
            "book_valuer_per_share": null,
            "book_valuer_per_share_4q_avg": 0,
            "equity": null,
            "current_ratio": null,
            "debt_ratio": null,
            "inventory_turnover_ratio": null,
            "account_receivable_turnover_ratio": null,
            "reinvestment_rate": null,
            "research_to_sale_ratio": null,
            "price_fair": 0,
            "eps_avg_yearly": 0,
            "eps_latest_yearly": 0,
            "eps_growth_yearly": 0
        },
        "20042": {
            "year_quarter": 20042,
            "year": 2004,
            "quarter": 2,
            "eps": null,
            "eps_growth_year": null,
            "eps_4q": null,
            "eps_4q_growth_year": null,
            "roe": null,
            "roe_4q": 0,
            "gross_profit": null,
            "gross_margin": null,
            "gross_margin_4q_avg": 0,
            "net_income": null,
            "revenue": null,
            "common_shares": null,
            "book_valuer_per_share": null,
            "book_valuer_per_share_4q_avg": 0,
            "equity": null,
            "current_ratio": null,
            "debt_ratio": null,
            "inventory_turnover_ratio": null,
            "account_receivable_turnover_ratio": null,
            "reinvestment_rate": null,
            "research_to_sale_ratio": null,
            "price_fair": 0,
            "eps_avg_yearly": 0,
            "eps_latest_yearly": 0,
            "eps_growth_yearly": 0
        },
        "20043": {
            "year_quarter": 20043,
            "year": 2004,
            "quarter": 3,
            "eps": null,
            "eps_growth_year": null,
            "eps_4q": null,
            "eps_4q_growth_year": null,
            "roe": null,
            "roe_4q": 0,
            "gross_profit": null,
            "gross_margin": null,
            "gross_margin_4q_avg": 0,
            "net_income": null,
            "revenue": null,
            "common_shares": null,
            "book_valuer_per_share": null,
            "book_valuer_per_share_4q_avg": 0,
            "equity": null,
            "current_ratio": null,
            "debt_ratio": null,
            "inventory_turnover_ratio": null,
            "account_receivable_turnover_ratio": null,
            "reinvestment_rate": null,
            "research_to_sale_ratio": null,
            "price_fair": 0,
            "eps_avg_yearly": 0,
            "eps_latest_yearly": 0,
            "eps_growth_yearly": 0
        },
        "20044": {
            "year_quarter": 20044,
            "year": 2004,
            "quarter": 4,
            "eps": null,
            "eps_growth_year": null,
            "eps_4q": null,
            "eps_4q_growth_year": null,
            "roe": null,
            "roe_4q": 0,
            "gross_profit": null,
            "gross_margin": null,
            "gross_margin_4q_avg": 0,
            "net_income": null,
            "revenue": null,
            "common_shares": null,
            "book_valuer_per_share": null,
            "book_valuer_per_share_4q_avg": 0,
            "equity": null,
            "current_ratio": null,
            "debt_ratio": null,
            "inventory_turnover_ratio": null,
            "account_receivable_turnover_ratio": null,
            "reinvestment_rate": null,
            "research_to_sale_ratio": null,
            "price_fair": 0,
            "eps_avg_yearly": 0,
            "eps_latest_yearly": 0,
            "eps_growth_yearly": 0
        },
        "20051": {
            "year_quarter": 20051,
            "year": 2005,
            "quarter": 1,
            "eps": null,
            "eps_growth_year": null,
            "eps_4q": null,
            "eps_4q_growth_year": null,
            "roe": null,
            "roe_4q": 0,
            "gross_profit": null,
            "gross_margin": null,
            "gross_margin_4q_avg": 0,
            "net_income": null,
            "revenue": null,
            "common_shares": null,
            "book_valuer_per_share": null,
            "book_valuer_per_share_4q_avg": 0,
            "equity": null,
            "current_ratio": null,
            "debt_ratio": null,
            "inventory_turnover_ratio": null,
            "account_receivable_turnover_ratio": null,
            "reinvestment_rate": null,
            "research_to_sale_ratio": null,
            "price_fair": 0,
            "eps_avg_yearly": 0,
            "eps_latest_yearly": 0,
            "eps_growth_yearly": 0
        },
        "20052": {
            "year_quarter": 20052,
            "year": 2005,
            "quarter": 2,
            "eps": null,
            "eps_growth_year": null,
            "eps_4q": null,
            "eps_4q_growth_year": null,
            "roe": null,
            "roe_4q": 0,
            "gross_profit": null,
            "gross_margin": null,
            "gross_margin_4q_avg": 0,
            "net_income": null,
            "revenue": null,
            "common_shares": null,
            "book_valuer_per_share": null,
            "book_valuer_per_share_4q_avg": 0,
            "equity": null,
            "current_ratio": null,
            "debt_ratio": null,
            "inventory_turnover_ratio": null,
            "account_receivable_turnover_ratio": null,
            "reinvestment_rate": null,
            "research_to_sale_ratio": null,
            "price_fair": 0,
            "eps_avg_yearly": 0,
            "eps_latest_yearly": 0,
            "eps_growth_yearly": 0
        },
        "20053": {
            "year_quarter": 20053,
            "year": 2005,
            "quarter": 3,
            "eps": null,
            "eps_growth_year": null,
            "eps_4q": null,
            "eps_4q_growth_year": null,
            "roe": null,
            "roe_4q": 0,
            "gross_profit": null,
            "gross_margin": null,
            "gross_margin_4q_avg": 0,
            "net_income": null,
            "revenue": null,
            "common_shares": null,
            "book_valuer_per_share": null,
            "book_valuer_per_share_4q_avg": 0,
            "equity": null,
            "current_ratio": null,
            "debt_ratio": null,
            "inventory_turnover_ratio": null,
            "account_receivable_turnover_ratio": null,
            "reinvestment_rate": null,
            "research_to_sale_ratio": null,
            "price_fair": 0,
            "eps_avg_yearly": 0,
            "eps_latest_yearly": 0,
            "eps_growth_yearly": 0
        },
        "20054": {
            "year_quarter": 20054,
            "year": 2005,
            "quarter": 4,
            "eps": null,
            "eps_growth_year": null,
            "eps_4q": null,
            "eps_4q_growth_year": null,
            "roe": null,
            "roe_4q": 0,
            "gross_profit": null,
            "gross_margin": null,
            "gross_margin_4q_avg": 0,
            "net_income": null,
            "revenue": null,
            "common_shares": null,
            "book_valuer_per_share": null,
            "book_valuer_per_share_4q_avg": 0,
            "equity": null,
            "current_ratio": null,
            "debt_ratio": null,
            "inventory_turnover_ratio": null,
            "account_receivable_turnover_ratio": null,
            "reinvestment_rate": null,
            "research_to_sale_ratio": null,
            "price_fair": 0,
            "eps_avg_yearly": 0,
            "eps_latest_yearly": 0,
            "eps_growth_yearly": 0
        },
        "20061": {
            "year_quarter": 20061,
            "year": 2006,
            "quarter": 1,
            "eps": null,
            "eps_growth_year": null,
            "eps_4q": null,
            "eps_4q_growth_year": null,
            "roe": null,
            "roe_4q": 0,
            "gross_profit": null,
            "gross_margin": null,
            "gross_margin_4q_avg": 0,
            "net_income": null,
            "revenue": null,
            "common_shares": null,
            "book_valuer_per_share": null,
            "book_valuer_per_share_4q_avg": 0,
            "equity": null,
            "current_ratio": null,
            "debt_ratio": null,
            "inventory_turnover_ratio": null,
            "account_receivable_turnover_ratio": null,
            "reinvestment_rate": null,
            "research_to_sale_ratio": null,
            "price_fair": 0,
            "eps_avg_yearly": 0,
            "eps_latest_yearly": 0,
            "eps_growth_yearly": 0
        },
        "20062": {
            "year_quarter": 20062,
            "year": 2006,
            "quarter": 2,
            "eps": null,
            "eps_growth_year": null,
            "eps_4q": null,
            "eps_4q_growth_year": null,
            "roe": null,
            "roe_4q": 0,
            "gross_profit": null,
            "gross_margin": null,
            "gross_margin_4q_avg": 0,
            "net_income": null,
            "revenue": null,
            "common_shares": null,
            "book_valuer_per_share": null,
            "book_valuer_per_share_4q_avg": 0,
            "equity": null,
            "current_ratio": null,
            "debt_ratio": null,
            "inventory_turnover_ratio": null,
            "account_receivable_turnover_ratio": null,
            "reinvestment_rate": null,
            "research_to_sale_ratio": null,
            "price_fair": 0,
            "eps_avg_yearly": 0,
            "eps_latest_yearly": 0,
            "eps_growth_yearly": 0
        },
        "20063": {
            "year_quarter": 20063,
            "year": 2006,
            "quarter": 3,
            "eps": null,
            "eps_growth_year": null,
            "eps_4q": null,
            "eps_4q_growth_year": null,
            "roe": null,
            "roe_4q": 0,
            "gross_profit": null,
            "gross_margin": null,
            "gross_margin_4q_avg": 0,
            "net_income": null,
            "revenue": null,
            "common_shares": null,
            "book_valuer_per_share": null,
            "book_valuer_per_share_4q_avg": 0,
            "equity": null,
            "current_ratio": null,
            "debt_ratio": null,
            "inventory_turnover_ratio": null,
            "account_receivable_turnover_ratio": null,
            "reinvestment_rate": null,
            "research_to_sale_ratio": null,
            "price_fair": 0,
            "eps_avg_yearly": 0,
            "eps_latest_yearly": 0,
            "eps_growth_yearly": 0
        },
        "20064": {
            "year_quarter": 20064,
            "year": 2006,
            "quarter": 4,
            "eps": null,
            "eps_growth_year": null,
            "eps_4q": null,
            "eps_4q_growth_year": null,
            "roe": null,
            "roe_4q": 0,
            "gross_profit": null,
            "gross_margin": null,
            "gross_margin_4q_avg": 0,
            "net_income": null,
            "revenue": null,
            "common_shares": null,
            "book_valuer_per_share": null,
            "book_valuer_per_share_4q_avg": 0,
            "equity": null,
            "current_ratio": null,
            "debt_ratio": null,
            "inventory_turnover_ratio": null,
            "account_receivable_turnover_ratio": null,
            "reinvestment_rate": null,
            "research_to_sale_ratio": null,
            "price_fair": 0,
            "eps_avg_yearly": 0,
            "eps_latest_yearly": 0,
            "eps_growth_yearly": 0
        },
        "20071": {
            "year_quarter": 20071,
            "year": 2007,
            "quarter": 1,
            "eps": null,
            "eps_growth_year": null,
            "eps_4q": null,
            "eps_4q_growth_year": null,
            "roe": null,
            "roe_4q": 0,
            "gross_profit": null,
            "gross_margin": null,
            "gross_margin_4q_avg": 0,
            "net_income": null,
            "revenue": null,
            "common_shares": null,
            "book_valuer_per_share": null,
            "book_valuer_per_share_4q_avg": 0,
            "equity": null,
            "current_ratio": null,
            "debt_ratio": null,
            "inventory_turnover_ratio": null,
            "account_receivable_turnover_ratio": null,
            "reinvestment_rate": null,
            "research_to_sale_ratio": null,
            "price_fair": 0,
            "eps_avg_yearly": 0,
            "eps_latest_yearly": 0,
            "eps_growth_yearly": 0
        },
        "20072": {
            "year_quarter": 20072,
            "year": 2007,
            "quarter": 2,
            "eps": null,
            "eps_growth_year": null,
            "eps_4q": null,
            "eps_4q_growth_year": null,
            "roe": null,
            "roe_4q": 0,
            "gross_profit": null,
            "gross_margin": null,
            "gross_margin_4q_avg": 0,
            "net_income": null,
            "revenue": null,
            "common_shares": null,
            "book_valuer_per_share": null,
            "book_valuer_per_share_4q_avg": 0,
            "equity": null,
            "current_ratio": null,
            "debt_ratio": null,
            "inventory_turnover_ratio": null,
            "account_receivable_turnover_ratio": null,
            "reinvestment_rate": null,
            "research_to_sale_ratio": null,
            "price_fair": 0,
            "eps_avg_yearly": 0,
            "eps_latest_yearly": 0,
            "eps_growth_yearly": 0
        },
        "20073": {
            "year_quarter": 20073,
            "year": 2007,
            "quarter": 3,
            "eps": null,
            "eps_growth_year": null,
            "eps_4q": null,
            "eps_4q_growth_year": null,
            "roe": null,
            "roe_4q": 0,
            "gross_profit": null,
            "gross_margin": null,
            "gross_margin_4q_avg": 0,
            "net_income": null,
            "revenue": null,
            "common_shares": null,
            "book_valuer_per_share": null,
            "book_valuer_per_share_4q_avg": 0,
            "equity": null,
            "current_ratio": null,
            "debt_ratio": null,
            "inventory_turnover_ratio": null,
            "account_receivable_turnover_ratio": null,
            "reinvestment_rate": null,
            "research_to_sale_ratio": null,
            "price_fair": 0,
            "eps_avg_yearly": 0,
            "eps_latest_yearly": 0,
            "eps_growth_yearly": 0
        },
        "20074": {
            "year_quarter": 20074,
            "year": 2007,
            "quarter": 4,
            "eps": null,
            "eps_growth_year": null,
            "eps_4q": null,
            "eps_4q_growth_year": null,
            "roe": null,
            "roe_4q": 0,
            "gross_profit": null,
            "gross_margin": null,
            "gross_margin_4q_avg": 0,
            "net_income": null,
            "revenue": null,
            "common_shares": null,
            "book_valuer_per_share": null,
            "book_valuer_per_share_4q_avg": 0,
            "equity": null,
            "current_ratio": null,
            "debt_ratio": null,
            "inventory_turnover_ratio": null,
            "account_receivable_turnover_ratio": null,
            "reinvestment_rate": null,
            "research_to_sale_ratio": null,
            "price_fair": 0,
            "eps_avg_yearly": 0,
            "eps_latest_yearly": 0,
            "eps_growth_yearly": 0
        },
        "20081": {
            "year_quarter": 20081,
            "year": 2008,
            "quarter": 1,
            "eps": null,
            "eps_growth_year": null,
            "eps_4q": null,
            "eps_4q_growth_year": null,
            "roe": null,
            "roe_4q": 0,
            "gross_profit": null,
            "gross_margin": null,
            "gross_margin_4q_avg": 0,
            "net_income": null,
            "revenue": null,
            "common_shares": null,
            "book_valuer_per_share": null,
            "book_valuer_per_share_4q_avg": 0,
            "equity": null,
            "current_ratio": null,
            "debt_ratio": null,
            "inventory_turnover_ratio": null,
            "account_receivable_turnover_ratio": null,
            "reinvestment_rate": null,
            "research_to_sale_ratio": null,
            "price_fair": 0,
            "eps_avg_yearly": 0,
            "eps_latest_yearly": 0,
            "eps_growth_yearly": 0
        },
        "20082": {
            "year_quarter": 20082,
            "year": 2008,
            "quarter": 2,
            "eps": null,
            "eps_growth_year": null,
            "eps_4q": null,
            "eps_4q_growth_year": null,
            "roe": null,
            "roe_4q": 0,
            "gross_profit": null,
            "gross_margin": null,
            "gross_margin_4q_avg": 0,
            "net_income": null,
            "revenue": null,
            "common_shares": null,
            "book_valuer_per_share": null,
            "book_valuer_per_share_4q_avg": 0,
            "equity": null,
            "current_ratio": null,
            "debt_ratio": null,
            "inventory_turnover_ratio": null,
            "account_receivable_turnover_ratio": null,
            "reinvestment_rate": null,
            "research_to_sale_ratio": null,
            "price_fair": 0,
            "eps_avg_yearly": 0,
            "eps_latest_yearly": 0,
            "eps_growth_yearly": 0
        },
        "20083": {
            "year_quarter": 20083,
            "year": 2008,
            "quarter": 3,
            "eps": null,
            "eps_growth_year": null,
            "eps_4q": null,
            "eps_4q_growth_year": null,
            "roe": null,
            "roe_4q": 0,
            "gross_profit": null,
            "gross_margin": null,
            "gross_margin_4q_avg": 0,
            "net_income": null,
            "revenue": null,
            "common_shares": null,
            "book_valuer_per_share": null,
            "book_valuer_per_share_4q_avg": 0,
            "equity": null,
            "current_ratio": null,
            "debt_ratio": null,
            "inventory_turnover_ratio": null,
            "account_receivable_turnover_ratio": null,
            "reinvestment_rate": null,
            "research_to_sale_ratio": null,
            "price_fair": 0,
            "eps_avg_yearly": 0,
            "eps_latest_yearly": 0,
            "eps_growth_yearly": 0
        },
        "20084": {
            "year_quarter": 20084,
            "year": 2008,
            "quarter": 4,
            "eps": null,
            "eps_growth_year": null,
            "eps_4q": null,
            "eps_4q_growth_year": null,
            "roe": null,
            "roe_4q": 0,
            "gross_profit": null,
            "gross_margin": null,
            "gross_margin_4q_avg": 0,
            "net_income": null,
            "revenue": null,
            "common_shares": null,
            "book_valuer_per_share": null,
            "book_valuer_per_share_4q_avg": 0,
            "equity": null,
            "current_ratio": null,
            "debt_ratio": null,
            "inventory_turnover_ratio": null,
            "account_receivable_turnover_ratio": null,
            "reinvestment_rate": null,
            "research_to_sale_ratio": null,
            "price_fair": 0,
            "eps_avg_yearly": 0,
            "eps_latest_yearly": 0,
            "eps_growth_yearly": 0
        },
        "20091": {
            "year_quarter": 20091,
            "year": 2009,
            "quarter": 1,
            "eps": null,
            "eps_growth_year": null,
            "eps_4q": null,
            "eps_4q_growth_year": null,
            "roe": null,
            "roe_4q": 0,
            "gross_profit": null,
            "gross_margin": null,
            "gross_margin_4q_avg": 0,
            "net_income": null,
            "revenue": null,
            "common_shares": null,
            "book_valuer_per_share": null,
            "book_valuer_per_share_4q_avg": 0,
            "equity": null,
            "current_ratio": null,
            "debt_ratio": null,
            "inventory_turnover_ratio": null,
            "account_receivable_turnover_ratio": null,
            "reinvestment_rate": null,
            "research_to_sale_ratio": null,
            "price_fair": 0,
            "eps_avg_yearly": 0,
            "eps_latest_yearly": 0,
            "eps_growth_yearly": 0
        },
        "20092": {
            "year_quarter": 20092,
            "year": 2009,
            "quarter": 2,
            "eps": null,
            "eps_growth_year": null,
            "eps_4q": null,
            "eps_4q_growth_year": null,
            "roe": null,
            "roe_4q": 0,
            "gross_profit": null,
            "gross_margin": null,
            "gross_margin_4q_avg": 0,
            "net_income": null,
            "revenue": null,
            "common_shares": null,
            "book_valuer_per_share": null,
            "book_valuer_per_share_4q_avg": 0,
            "equity": null,
            "current_ratio": null,
            "debt_ratio": null,
            "inventory_turnover_ratio": null,
            "account_receivable_turnover_ratio": null,
            "reinvestment_rate": null,
            "research_to_sale_ratio": null,
            "price_fair": 0,
            "eps_avg_yearly": 0,
            "eps_latest_yearly": 0,
            "eps_growth_yearly": 0
        },
        "20093": {
            "year_quarter": 20093,
            "year": 2009,
            "quarter": 3,
            "eps": null,
            "eps_growth_year": null,
            "eps_4q": null,
            "eps_4q_growth_year": null,
            "roe": null,
            "roe_4q": 0,
            "gross_profit": null,
            "gross_margin": null,
            "gross_margin_4q_avg": 0,
            "net_income": null,
            "revenue": null,
            "common_shares": null,
            "book_valuer_per_share": null,
            "book_valuer_per_share_4q_avg": 0,
            "equity": null,
            "current_ratio": null,
            "debt_ratio": null,
            "inventory_turnover_ratio": null,
            "account_receivable_turnover_ratio": null,
            "reinvestment_rate": null,
            "research_to_sale_ratio": null,
            "price_fair": 0,
            "eps_avg_yearly": 0,
            "eps_latest_yearly": 0,
            "eps_growth_yearly": 0
        },
        "20094": {
            "year_quarter": 20094,
            "year": 2009,
            "quarter": 4,
            "eps": null,
            "eps_growth_year": null,
            "eps_4q": null,
            "eps_4q_growth_year": null,
            "roe": null,
            "roe_4q": 0,
            "gross_profit": null,
            "gross_margin": null,
            "gross_margin_4q_avg": 0,
            "net_income": null,
            "revenue": null,
            "common_shares": 76500,
            "book_valuer_per_share": 9.27,
            "book_valuer_per_share_4q_avg": 2.32,
            "equity": 70879,
            "current_ratio": 9790.65,
            "debt_ratio": 0.63,
            "inventory_turnover_ratio": null,
            "account_receivable_turnover_ratio": null,
            "reinvestment_rate": null,
            "research_to_sale_ratio": null,
            "price_fair": 0,
            "eps_avg_yearly": 0,
            "eps_latest_yearly": 0,
            "eps_growth_yearly": 0
        },
        "20101": {
            "year_quarter": 20101,
            "year": 2010,
            "quarter": 1,
            "eps": null,
            "eps_growth_year": null,
            "eps_4q": null,
            "eps_4q_growth_year": null,
            "roe": null,
            "roe_4q": 0,
            "gross_profit": null,
            "gross_margin": null,
            "gross_margin_4q_avg": 0,
            "net_income": null,
            "revenue": null,
            "common_shares": null,
            "book_valuer_per_share": null,
            "book_valuer_per_share_4q_avg": 2.32,
            "equity": null,
            "current_ratio": null,
            "debt_ratio": null,
            "inventory_turnover_ratio": null,
            "account_receivable_turnover_ratio": null,
            "reinvestment_rate": null,
            "research_to_sale_ratio": null,
            "price_fair": 0,
            "eps_avg_yearly": 0,
            "eps_latest_yearly": 0,
            "eps_growth_yearly": 0
        },
        "20102": {
            "year_quarter": 20102,
            "year": 2010,
            "quarter": 2,
            "eps": null,
            "eps_growth_year": null,
            "eps_4q": null,
            "eps_4q_growth_year": null,
            "roe": null,
            "roe_4q": 0,
            "gross_profit": null,
            "gross_margin": null,
            "gross_margin_4q_avg": 0,
            "net_income": null,
            "revenue": null,
            "common_shares": null,
            "book_valuer_per_share": null,
            "book_valuer_per_share_4q_avg": 2.32,
            "equity": null,
            "current_ratio": null,
            "debt_ratio": null,
            "inventory_turnover_ratio": null,
            "account_receivable_turnover_ratio": null,
            "reinvestment_rate": null,
            "research_to_sale_ratio": null,
            "price_fair": 0,
            "eps_avg_yearly": 0,
            "eps_latest_yearly": 0,
            "eps_growth_yearly": 0
        },
        "20103": {
            "year_quarter": 20103,
            "year": 2010,
            "quarter": 3,
            "eps": null,
            "eps_growth_year": null,
            "eps_4q": null,
            "eps_4q_growth_year": null,
            "roe": null,
            "roe_4q": 0,
            "gross_profit": null,
            "gross_margin": null,
            "gross_margin_4q_avg": 0,
            "net_income": null,
            "revenue": null,
            "common_shares": null,
            "book_valuer_per_share": null,
            "book_valuer_per_share_4q_avg": 2.32,
            "equity": null,
            "current_ratio": null,
            "debt_ratio": null,
            "inventory_turnover_ratio": null,
            "account_receivable_turnover_ratio": null,
            "reinvestment_rate": null,
            "research_to_sale_ratio": null,
            "price_fair": 0,
            "eps_avg_yearly": 0,
            "eps_latest_yearly": 0,
            "eps_growth_yearly": 0
        },
        "20104": {
            "year_quarter": 20104,
            "year": 2010,
            "quarter": 4,
            "eps": null,
            "eps_growth_year": null,
            "eps_4q": null,
            "eps_4q_growth_year": null,
            "roe": null,
            "roe_4q": 0,
            "gross_profit": null,
            "gross_margin": null,
            "gross_margin_4q_avg": 0,
            "net_income": null,
            "revenue": null,
            "common_shares": 76500,
            "book_valuer_per_share": 7.89,
            "book_valuer_per_share_4q_avg": 1.97,
            "equity": 60344,
            "current_ratio": 2343.8,
            "debt_ratio": 2.44,
            "inventory_turnover_ratio": null,
            "account_receivable_turnover_ratio": null,
            "reinvestment_rate": null,
            "research_to_sale_ratio": null,
            "price_fair": 0,
            "eps_avg_yearly": 0,
            "eps_latest_yearly": 0,
            "eps_growth_yearly": 0
        },
        "20111": {
            "year_quarter": 20111,
            "year": 2011,
            "quarter": 1,
            "eps": null,
            "eps_growth_year": null,
            "eps_4q": null,
            "eps_4q_growth_year": null,
            "roe": null,
            "roe_4q": 0,
            "gross_profit": null,
            "gross_margin": null,
            "gross_margin_4q_avg": 0,
            "net_income": null,
            "revenue": null,
            "common_shares": null,
            "book_valuer_per_share": null,
            "book_valuer_per_share_4q_avg": 1.97,
            "equity": null,
            "current_ratio": null,
            "debt_ratio": null,
            "inventory_turnover_ratio": null,
            "account_receivable_turnover_ratio": null,
            "reinvestment_rate": null,
            "research_to_sale_ratio": null,
            "price_fair": 0,
            "eps_avg_yearly": 0,
            "eps_latest_yearly": 0,
            "eps_growth_yearly": 0
        },
        "20112": {
            "year_quarter": 20112,
            "year": 2011,
            "quarter": 2,
            "eps": null,
            "eps_growth_year": null,
            "eps_4q": null,
            "eps_4q_growth_year": null,
            "roe": null,
            "roe_4q": 0,
            "gross_profit": null,
            "gross_margin": null,
            "gross_margin_4q_avg": 0,
            "net_income": null,
            "revenue": null,
            "common_shares": null,
            "book_valuer_per_share": null,
            "book_valuer_per_share_4q_avg": 1.97,
            "equity": null,
            "current_ratio": null,
            "debt_ratio": null,
            "inventory_turnover_ratio": null,
            "account_receivable_turnover_ratio": null,
            "reinvestment_rate": null,
            "research_to_sale_ratio": null,
            "price_fair": 0,
            "eps_avg_yearly": 0,
            "eps_latest_yearly": 0,
            "eps_growth_yearly": 0
        },
        "20113": {
            "year_quarter": 20113,
            "year": 2011,
            "quarter": 3,
            "eps": null,
            "eps_growth_year": null,
            "eps_4q": null,
            "eps_4q_growth_year": null,
            "roe": null,
            "roe_4q": 0,
            "gross_profit": null,
            "gross_margin": null,
            "gross_margin_4q_avg": 0,
            "net_income": null,
            "revenue": null,
            "common_shares": null,
            "book_valuer_per_share": null,
            "book_valuer_per_share_4q_avg": 1.97,
            "equity": null,
            "current_ratio": null,
            "debt_ratio": null,
            "inventory_turnover_ratio": null,
            "account_receivable_turnover_ratio": null,
            "reinvestment_rate": null,
            "research_to_sale_ratio": null,
            "price_fair": 0,
            "eps_avg_yearly": 0,
            "eps_latest_yearly": 0,
            "eps_growth_yearly": 0
        },
        "20114": {
            "year_quarter": 20114,
            "year": 2011,
            "quarter": 4,
            "eps": null,
            "eps_growth_year": null,
            "eps_4q": null,
            "eps_4q_growth_year": null,
            "roe": null,
            "roe_4q": 0,
            "gross_profit": null,
            "gross_margin": null,
            "gross_margin_4q_avg": 0,
            "net_income": null,
            "revenue": null,
            "common_shares": 76500,
            "book_valuer_per_share": 5.36,
            "book_valuer_per_share_4q_avg": 1.34,
            "equity": 40979,
            "current_ratio": 526.45,
            "debt_ratio": 8.32,
            "inventory_turnover_ratio": null,
            "account_receivable_turnover_ratio": null,
            "reinvestment_rate": null,
            "research_to_sale_ratio": null,
            "price_fair": 0,
            "eps_avg_yearly": 0,
            "eps_latest_yearly": 0,
            "eps_growth_yearly": 0
        },
        "20121": {
            "year_quarter": 20121,
            "year": 2012,
            "quarter": 1,
            "eps": null,
            "eps_growth_year": null,
            "eps_4q": null,
            "eps_4q_growth_year": null,
            "roe": null,
            "roe_4q": 0,
            "gross_profit": null,
            "gross_margin": null,
            "gross_margin_4q_avg": 0,
            "net_income": null,
            "revenue": null,
            "common_shares": null,
            "book_valuer_per_share": null,
            "book_valuer_per_share_4q_avg": 1.34,
            "equity": null,
            "current_ratio": null,
            "debt_ratio": null,
            "inventory_turnover_ratio": null,
            "account_receivable_turnover_ratio": null,
            "reinvestment_rate": null,
            "research_to_sale_ratio": null,
            "price_fair": 0,
            "eps_avg_yearly": 0,
            "eps_latest_yearly": 0,
            "eps_growth_yearly": 0
        },
        "20122": {
            "year_quarter": 20122,
            "year": 2012,
            "quarter": 2,
            "eps": null,
            "eps_growth_year": null,
            "eps_4q": null,
            "eps_4q_growth_year": null,
            "roe": null,
            "roe_4q": 0,
            "gross_profit": null,
            "gross_margin": null,
            "gross_margin_4q_avg": 0,
            "net_income": null,
            "revenue": null,
            "common_shares": 76500,
            "book_valuer_per_share": null,
            "book_valuer_per_share_4q_avg": 1.34,
            "equity": 35484,
            "current_ratio": null,
            "debt_ratio": null,
            "inventory_turnover_ratio": null,
            "account_receivable_turnover_ratio": null,
            "reinvestment_rate": null,
            "research_to_sale_ratio": null,
            "price_fair": 0,
            "eps_avg_yearly": 0,
            "eps_latest_yearly": 0,
            "eps_growth_yearly": 0
        },
        "20123": {
            "year_quarter": 20123,
            "year": 2012,
            "quarter": 3,
            "eps": null,
            "eps_growth_year": null,
            "eps_4q": null,
            "eps_4q_growth_year": null,
            "roe": null,
            "roe_4q": 0,
            "gross_profit": null,
            "gross_margin": null,
            "gross_margin_4q_avg": 0,
            "net_income": null,
            "revenue": null,
            "common_shares": null,
            "book_valuer_per_share": null,
            "book_valuer_per_share_4q_avg": 1.34,
            "equity": null,
            "current_ratio": null,
            "debt_ratio": null,
            "inventory_turnover_ratio": null,
            "account_receivable_turnover_ratio": null,
            "reinvestment_rate": null,
            "research_to_sale_ratio": null,
            "price_fair": 0,
            "eps_avg_yearly": 0,
            "eps_latest_yearly": 0,
            "eps_growth_yearly": 0
        },
        "20124": {
            "year_quarter": 20124,
            "year": 2012,
            "quarter": 4,
            "eps": null,
            "eps_growth_year": null,
            "eps_4q": null,
            "eps_4q_growth_year": null,
            "roe": null,
            "roe_4q": 0,
            "gross_profit": null,
            "gross_margin": null,
            "gross_margin_4q_avg": 0,
            "net_income": null,
            "revenue": null,
            "common_shares": 143750,
            "book_valuer_per_share": 6.64,
            "book_valuer_per_share_4q_avg": 1.66,
            "equity": 95406,
            "current_ratio": 2099.72,
            "debt_ratio": 3.9,
            "inventory_turnover_ratio": null,
            "account_receivable_turnover_ratio": null,
            "reinvestment_rate": null,
            "research_to_sale_ratio": null,
            "price_fair": 0,
            "eps_avg_yearly": 0,
            "eps_latest_yearly": 0,
            "eps_growth_yearly": 0
        },
        "20131": {
            "year_quarter": 20131,
            "year": 2013,
            "quarter": 1,
            "eps": null,
            "eps_growth_year": null,
            "eps_4q": null,
            "eps_4q_growth_year": null,
            "roe": null,
            "roe_4q": 0,
            "gross_profit": null,
            "gross_margin": null,
            "gross_margin_4q_avg": 0,
            "net_income": null,
            "revenue": null,
            "common_shares": null,
            "book_valuer_per_share": null,
            "book_valuer_per_share_4q_avg": 1.66,
            "equity": null,
            "current_ratio": null,
            "debt_ratio": null,
            "inventory_turnover_ratio": null,
            "account_receivable_turnover_ratio": null,
            "reinvestment_rate": null,
            "research_to_sale_ratio": null,
            "price_fair": 0,
            "eps_avg_yearly": 0,
            "eps_latest_yearly": 0,
            "eps_growth_yearly": 0
        },
        "20132": {
            "year_quarter": 20132,
            "year": 2013,
            "quarter": 2,
            "eps": null,
            "eps_growth_year": null,
            "eps_4q": null,
            "eps_4q_growth_year": null,
            "roe": null,
            "roe_4q": 0,
            "gross_profit": null,
            "gross_margin": null,
            "gross_margin_4q_avg": 0,
            "net_income": null,
            "revenue": null,
            "common_shares": 143750,
            "book_valuer_per_share": 6.37,
            "book_valuer_per_share_4q_avg": 3.25,
            "equity": 91509,
            "current_ratio": 7058.69,
            "debt_ratio": 1.16,
            "inventory_turnover_ratio": null,
            "account_receivable_turnover_ratio": null,
            "reinvestment_rate": null,
            "research_to_sale_ratio": null,
            "price_fair": 0,
            "eps_avg_yearly": 0,
            "eps_latest_yearly": 0,
            "eps_growth_yearly": 0
        },
        "20133": {
            "year_quarter": 20133,
            "year": 2013,
            "quarter": 3,
            "eps": null,
            "eps_growth_year": null,
            "eps_4q": null,
            "eps_4q_growth_year": null,
            "roe": null,
            "roe_4q": 0,
            "gross_profit": 0,
            "gross_margin": null,
            "gross_margin_4q_avg": 0,
            "net_income": -5038,
            "revenue": 0,
            "common_shares": 143750,
            "book_valuer_per_share": 6.02,
            "book_valuer_per_share_4q_avg": 4.76,
            "equity": 86471,
            "current_ratio": 6598.33,
            "debt_ratio": 1.23,
            "inventory_turnover_ratio": null,
            "account_receivable_turnover_ratio": null,
            "reinvestment_rate": null,
            "research_to_sale_ratio": null,
            "price_fair": 0,
            "eps_avg_yearly": 0,
            "eps_latest_yearly": 0,
            "eps_growth_yearly": 0
        },
        "20134": {
            "year_quarter": 20134,
            "year": 2013,
            "quarter": 4,
            "eps": null,
            "eps_growth_year": null,
            "eps_4q": null,
            "eps_4q_growth_year": null,
            "roe": null,
            "roe_4q": 0,
            "gross_profit": 0,
            "gross_margin": null,
            "gross_margin_4q_avg": 0,
            "net_income": -10517,
            "revenue": 0,
            "common_shares": 360000,
            "book_valuer_per_share": 8.12,
            "book_valuer_per_share_4q_avg": 5.13,
            "equity": 292220,
            "current_ratio": 3471.96,
            "debt_ratio": 2.2,
            "inventory_turnover_ratio": null,
            "account_receivable_turnover_ratio": null,
            "reinvestment_rate": null,
            "research_to_sale_ratio": null,
            "price_fair": 0,
            "eps_avg_yearly": 0,
            "eps_latest_yearly": 0,
            "eps_growth_yearly": 0
        },
        "20141": {
            "year_quarter": 20141,
            "year": 2014,
            "quarter": 1,
            "eps": null,
            "eps_growth_year": null,
            "eps_4q": null,
            "eps_4q_growth_year": null,
            "roe": null,
            "roe_4q": 0,
            "gross_profit": 0,
            "gross_margin": null,
            "gross_margin_4q_avg": 0,
            "net_income": -7455,
            "revenue": 0,
            "common_shares": 360000,
            "book_valuer_per_share": 7.91,
            "book_valuer_per_share_4q_avg": 7.11,
            "equity": 284831,
            "current_ratio": 16038.3,
            "debt_ratio": 0.47,
            "inventory_turnover_ratio": null,
            "account_receivable_turnover_ratio": null,
            "reinvestment_rate": null,
            "research_to_sale_ratio": null,
            "price_fair": 0,
            "eps_avg_yearly": 0,
            "eps_latest_yearly": 0,
            "eps_growth_yearly": 0
        },
        "20142": {
            "year_quarter": 20142,
            "year": 2014,
            "quarter": 2,
            "eps": -0.24,
            "eps_growth_year": null,
            "eps_4q": -0.24,
            "eps_4q_growth_year": null,
            "roe": -3.1,
            "roe_4q": -3.1,
            "gross_profit": 0,
            "gross_margin": null,
            "gross_margin_4q_avg": 0,
            "net_income": -8684,
            "revenue": 0,
            "common_shares": 360000,
            "book_valuer_per_share": 7.67,
            "book_valuer_per_share_4q_avg": 7.43,
            "equity": 276216,
            "current_ratio": 11097.25,
            "debt_ratio": 0.68,
            "inventory_turnover_ratio": null,
            "account_receivable_turnover_ratio": null,
            "reinvestment_rate": null,
            "research_to_sale_ratio": null,
            "price_fair": 0,
            "eps_avg_yearly": 0,
            "eps_latest_yearly": 0,
            "eps_growth_yearly": 0
        },
        "20143": {
            "year_quarter": 20143,
            "year": 2014,
            "quarter": 3,
            "eps": -0.38,
            "eps_growth_year": null,
            "eps_4q": -0.62,
            "eps_4q_growth_year": null,
            "roe": -5.01,
            "roe_4q": -8.11,
            "gross_profit": 0,
            "gross_margin": null,
            "gross_margin_4q_avg": 0,
            "net_income": -13515,
            "revenue": 0,
            "common_shares": 360000,
            "book_valuer_per_share": 7.31,
            "book_valuer_per_share_4q_avg": 7.75,
            "equity": 263035,
            "current_ratio": 3203.9,
            "debt_ratio": 2.29,
            "inventory_turnover_ratio": null,
            "account_receivable_turnover_ratio": null,
            "reinvestment_rate": null,
            "research_to_sale_ratio": null,
            "price_fair": 0,
            "eps_avg_yearly": 0,
            "eps_latest_yearly": 0,
            "eps_growth_yearly": 0
        },
        "20144": {
            "year_quarter": 20144,
            "year": 2014,
            "quarter": 4,
            "eps": -0.37,
            "eps_growth_year": null,
            "eps_4q": -0.99,
            "eps_4q_growth_year": null,
            "roe": -5.26,
            "roe_4q": -13.37,
            "gross_profit": 0,
            "gross_margin": null,
            "gross_margin_4q_avg": 0,
            "net_income": -13487,
            "revenue": 0,
            "common_shares": 360000,
            "book_valuer_per_share": 6.94,
            "book_valuer_per_share_4q_avg": 7.46,
            "equity": 249791,
            "current_ratio": 2004.05,
            "debt_ratio": 3.33,
            "inventory_turnover_ratio": null,
            "account_receivable_turnover_ratio": null,
            "reinvestment_rate": null,
            "research_to_sale_ratio": null,
            "price_fair": 0,
            "eps_avg_yearly": 0,
            "eps_latest_yearly": 0,
            "eps_growth_yearly": 0
        },
        "20151": {
            "year_quarter": 20151,
            "year": 2015,
            "quarter": 1,
            "eps": -0.53,
            "eps_growth_year": null,
            "eps_4q": -1.35,
            "eps_4q_growth_year": null,
            "roe": -5.78,
            "roe_4q": -19.15,
            "gross_profit": 0,
            "gross_margin": null,
            "gross_margin_4q_avg": 0,
            "net_income": -19221,
            "revenue": 0,
            "common_shares": 408000,
            "book_valuer_per_share": 10.18,
            "book_valuer_per_share_4q_avg": 8.03,
            "equity": 415538,
            "current_ratio": 4017.95,
            "debt_ratio": 1.99,
            "inventory_turnover_ratio": null,
            "account_receivable_turnover_ratio": null,
            "reinvestment_rate": null,
            "research_to_sale_ratio": null,
            "price_fair": 0,
            "eps_avg_yearly": 0,
            "eps_latest_yearly": 0,
            "eps_growth_yearly": 0
        },
        "20152": {
            "year_quarter": 20152,
            "year": 2015,
            "quarter": 2,
            "eps": -0.3,
            "eps_growth_year": null,
            "eps_4q": -1.43,
            "eps_4q_growth_year": null,
            "roe": -2.98,
            "roe_4q": -19.03,
            "gross_profit": 0,
            "gross_margin": null,
            "gross_margin_4q_avg": 0,
            "net_income": -12216,
            "revenue": 0,
            "common_shares": 408000,
            "book_valuer_per_share": 9.89,
            "book_valuer_per_share_4q_avg": 8.58,
            "equity": 403560,
            "current_ratio": 6633.24,
            "debt_ratio": 1.2,
            "inventory_turnover_ratio": null,
            "account_receivable_turnover_ratio": null,
            "reinvestment_rate": null,
            "research_to_sale_ratio": null,
            "price_fair": 0,
            "eps_avg_yearly": 0,
            "eps_latest_yearly": 0,
            "eps_growth_yearly": 0
        },
        "20153": {
            "year_quarter": 20153,
            "year": 2015,
            "quarter": 3,
            "eps": -0.35,
            "eps_growth_year": null,
            "eps_4q": -1.45,
            "eps_4q_growth_year": null,
            "roe": -3.61,
            "roe_4q": -17.630000000000003,
            "gross_profit": 0,
            "gross_margin": null,
            "gross_margin_4q_avg": 0,
            "net_income": -14306,
            "revenue": 0,
            "common_shares": 408000,
            "book_valuer_per_share": 9.55,
            "book_valuer_per_share_4q_avg": 9.14,
            "equity": 389497,
            "current_ratio": 5855.59,
            "debt_ratio": 1.35,
            "inventory_turnover_ratio": null,
            "account_receivable_turnover_ratio": null,
            "reinvestment_rate": null,
            "research_to_sale_ratio": null,
            "price_fair": 0,
            "eps_avg_yearly": 0,
            "eps_latest_yearly": 0,
            "eps_growth_yearly": 0
        },
        "20154": {
            "year_quarter": 20154,
            "year": 2015,
            "quarter": 4,
            "eps": -0.39,
            "eps_growth_year": null,
            "eps_4q": -1.51,
            "eps_4q_growth_year": null,
            "roe": -4.17,
            "roe_4q": -16.54,
            "gross_profit": 139,
            "gross_margin": 98.58,
            "gross_margin_4q_avg": 24.65,
            "net_income": -15917,
            "revenue": 141,
            "common_shares": 408000,
            "book_valuer_per_share": 9.16,
            "book_valuer_per_share_4q_avg": 9.7,
            "equity": 374521,
            "current_ratio": 3870.61,
            "debt_ratio": 2.04,
            "inventory_turnover_ratio": null,
            "account_receivable_turnover_ratio": 1.89,
            "reinvestment_rate": null,
            "research_to_sale_ratio": 7174.47,
            "price_fair": 0,
            "eps_avg_yearly": 0,
            "eps_latest_yearly": 0,
            "eps_growth_yearly": 0
        },
        "20161": {
            "year_quarter": 20161,
            "year": 2016,
            "quarter": 1,
            "eps": -0.37,
            "eps_growth_year": null,
            "eps_4q": -1.41,
            "eps_4q_growth_year": null,
            "roe": -4.17,
            "roe_4q": -14.93,
            "gross_profit": 98,
            "gross_margin": 98,
            "gross_margin_4q_avg": 49.15,
            "net_income": -15306,
            "revenue": 100,
            "common_shares": 408700,
            "book_valuer_per_share": 8.79,
            "book_valuer_per_share_4q_avg": 9.35,
            "equity": 359389,
            "current_ratio": 5776.45,
            "debt_ratio": 1.35,
            "inventory_turnover_ratio": null,
            "account_receivable_turnover_ratio": 0.79,
            "reinvestment_rate": null,
            "research_to_sale_ratio": 9744,
            "price_fair": 0,
            "eps_avg_yearly": 0,
            "eps_latest_yearly": 0,
            "eps_growth_yearly": 0
        },
        "20162": {
            "year_quarter": 20162,
            "year": 2016,
            "quarter": 2,
            "eps": -0.36,
            "eps_growth_year": null,
            "eps_4q": -1.15,
            "eps_4q_growth_year": null,
            "roe": -2.82,
            "roe_4q": -14.77,
            "gross_profit": 3334,
            "gross_margin": 100,
            "gross_margin_4q_avg": 74.15,
            "net_income": -14959,
            "revenue": 3334,
            "common_shares": 526700,
            "book_valuer_per_share": 13.31,
            "book_valuer_per_share_4q_avg": 10.2,
            "equity": 700901,
            "current_ratio": 3552.47,
            "debt_ratio": 10.72,
            "inventory_turnover_ratio": null,
            "account_receivable_turnover_ratio": 56.99,
            "reinvestment_rate": null,
            "research_to_sale_ratio": 221.66,
            "price_fair": 0,
            "eps_avg_yearly": 0,
            "eps_latest_yearly": 0,
            "eps_growth_yearly": 0
        },
        "20163": {
            "year_quarter": 20163,
            "year": 2016,
            "quarter": 3,
            "eps": -0.26,
            "eps_growth_year": null,
            "eps_4q": -1.1,
            "eps_4q_growth_year": null,
            "roe": -1.71,
            "roe_4q": -12.87,
            "gross_profit": 3337,
            "gross_margin": 99.94,
            "gross_margin_4q_avg": 99.13,
            "net_income": -11861,
            "revenue": 3339,
            "common_shares": 526700,
            "book_valuer_per_share": 13.09,
            "book_valuer_per_share_4q_avg": 11.09,
            "equity": 689215,
            "current_ratio": 3844.82,
            "debt_ratio": 10.26,
            "inventory_turnover_ratio": null,
            "account_receivable_turnover_ratio": 238.5,
            "reinvestment_rate": null,
            "research_to_sale_ratio": 295.72,
            "price_fair": 0,
            "eps_avg_yearly": 0,
            "eps_latest_yearly": 0,
            "eps_growth_yearly": 0
        },
        "20164": {
            "year_quarter": 20164,
            "year": 2016,
            "quarter": 4,
            "eps": -0.24,
            "eps_growth_year": null,
            "eps_4q": -1.04,
            "eps_4q_growth_year": null,
            "roe": -1.83,
            "roe_4q": -10.53,
            "gross_profit": 3348,
            "gross_margin": 99.97,
            "gross_margin_4q_avg": 99.48,
            "net_income": -12469,
            "revenue": 3349,
            "common_shares": 526700,
            "book_valuer_per_share": 12.85,
            "book_valuer_per_share_4q_avg": 12.01,
            "equity": 677170,
            "current_ratio": 3176.74,
            "debt_ratio": 10.43,
            "inventory_turnover_ratio": null,
            "account_receivable_turnover_ratio": 176.26,
            "reinvestment_rate": null,
            "research_to_sale_ratio": 315.86,
            "price_fair": 0,
            "eps_avg_yearly": 0,
            "eps_latest_yearly": 0,
            "eps_growth_yearly": 0
        },
        "20171": {
            "year_quarter": 20171,
            "year": 2017,
            "quarter": 1,
            "eps": -0.27,
            "eps_growth_year": null,
            "eps_4q": -1.02,
            "eps_4q_growth_year": null,
            "roe": -2.16,
            "roe_4q": -8.52,
            "gross_profit": 3354,
            "gross_margin": 99.94,
            "gross_margin_4q_avg": 99.96,
            "net_income": -14486,
            "revenue": 3356,
            "common_shares": 526950,
            "book_valuer_per_share": 12.58,
            "book_valuer_per_share_4q_avg": 12.96,
            "equity": 662813,
            "current_ratio": 3839.95,
            "debt_ratio": 9.72,
            "inventory_turnover_ratio": null,
            "account_receivable_turnover_ratio": 134.24,
            "reinvestment_rate": null,
            "research_to_sale_ratio": 294.07,
            "price_fair": 0,
            "eps_avg_yearly": 0,
            "eps_latest_yearly": 0,
            "eps_growth_yearly": 0
        },
        "20172": {
            "year_quarter": 20172,
            "year": 2017,
            "quarter": 2,
            "eps": -0.27,
            "eps_growth_year": null,
            "eps_4q": -1.01,
            "eps_4q_growth_year": null,
            "roe": -2.17,
            "roe_4q": -7.87,
            "gross_profit": 3355,
            "gross_margin": 100,
            "gross_margin_4q_avg": 99.96,
            "net_income": -14235,
            "revenue": 3355,
            "common_shares": 526950,
            "book_valuer_per_share": 12.31,
            "book_valuer_per_share_4q_avg": 12.71,
            "equity": 648611,
            "current_ratio": 3505.51,
            "debt_ratio": 9.65,
            "inventory_turnover_ratio": null,
            "account_receivable_turnover_ratio": 108.23,
            "reinvestment_rate": null,
            "research_to_sale_ratio": 299.52,
            "price_fair": 0,
            "eps_avg_yearly": 0,
            "eps_latest_yearly": 0,
            "eps_growth_yearly": 0
        },
        "20173": {
            "year_quarter": 20173,
            "year": 2017,
            "quarter": 3,
            "eps": -0.24,
            "eps_growth_year": null,
            "eps_4q": -1.02,
            "eps_4q_growth_year": null,
            "roe": -1.96,
            "roe_4q": -8.120000000000001,
            "gross_profit": 8359,
            "gross_margin": 90.57,
            "gross_margin_4q_avg": 97.62,
            "net_income": -12615,
            "revenue": 9229,
            "common_shares": 526950,
            "book_valuer_per_share": 12.07,
            "book_valuer_per_share_4q_avg": 12.45,
            "equity": 636111,
            "current_ratio": 1869.2,
            "debt_ratio": 11.39,
            "inventory_turnover_ratio": null,
            "account_receivable_turnover_ratio": 410.18,
            "reinvestment_rate": null,
            "research_to_sale_ratio": 118.38,
            "price_fair": 0,
            "eps_avg_yearly": 0,
            "eps_latest_yearly": 0,
            "eps_growth_yearly": 0
        },
        "20174": {
            "year_quarter": 20174,
            "year": 2017,
            "quarter": 4,
            "eps": -0.33,
            "eps_growth_year": null,
            "eps_4q": -1.11,
            "eps_4q_growth_year": null,
            "roe": -2.76,
            "roe_4q": -9.05,
            "gross_profit": 4971,
            "gross_margin": 94.74,
            "gross_margin_4q_avg": 96.31,
            "net_income": -17306,
            "revenue": 5247,
            "common_shares": 526950,
            "book_valuer_per_share": 11.74,
            "book_valuer_per_share_4q_avg": 12.18,
            "equity": 619480,
            "current_ratio": 1703.04,
            "debt_ratio": 11.47,
            "inventory_turnover_ratio": null,
            "account_receivable_turnover_ratio": 349.8,
            "reinvestment_rate": null,
            "research_to_sale_ratio": 242.1,
            "price_fair": 0,
            "eps_avg_yearly": 0,
            "eps_latest_yearly": 0,
            "eps_growth_yearly": 0
        },
        "20181": {
            "year_quarter": 20181,
            "year": 2018,
            "quarter": 1,
            "eps": 0.01,
            "eps_growth_year": null,
            "eps_4q": -0.82,
            "eps_4q_growth_year": null,
            "roe": 2.25,
            "roe_4q": -4.64,
            "gross_profit": 16849,
            "gross_margin": 75.49,
            "gross_margin_4q_avg": 90.2,
            "net_income": 14573,
            "revenue": 22320,
            "common_shares": 527470,
            "book_valuer_per_share": 11.77,
            "book_valuer_per_share_4q_avg": 11.97,
            "equity": 678443,
            "current_ratio": 1877.8,
            "debt_ratio": 9.79,
            "inventory_turnover_ratio": 0.32,
            "account_receivable_turnover_ratio": 23.06,
            "reinvestment_rate": null,
            "research_to_sale_ratio": 82.22,
            "price_fair": 0,
            "eps_avg_yearly": 0,
            "eps_latest_yearly": 0,
            "eps_growth_yearly": 0
        },
        "20182": {
            "year_quarter": 20182,
            "year": 2018,
            "quarter": 2,
            "eps": -0.19,
            "eps_growth_year": null,
            "eps_4q": -0.74,
            "eps_4q_growth_year": null,
            "roe": -2.1,
            "roe_4q": -4.57,
            "gross_profit": 13319,
            "gross_margin": 70.27,
            "gross_margin_4q_avg": 82.77,
            "net_income": -14457,
            "revenue": 18955,
            "common_shares": 529120,
            "book_valuer_per_share": 11.57,
            "book_valuer_per_share_4q_avg": 11.79,
            "equity": 697191,
            "current_ratio": 1814.29,
            "debt_ratio": 8.88,
            "inventory_turnover_ratio": 0.33,
            "account_receivable_turnover_ratio": 8.85,
            "reinvestment_rate": null,
            "research_to_sale_ratio": 80.97,
            "price_fair": 0,
            "eps_avg_yearly": 0,
            "eps_latest_yearly": 0,
            "eps_growth_yearly": 0
        },
        "20183": {
            "year_quarter": 20183,
            "year": 2018,
            "quarter": 3,
            "eps": -0.35,
            "eps_growth_year": null,
            "eps_4q": -0.85,
            "eps_4q_growth_year": null,
            "roe": -3.13,
            "roe_4q": -5.74,
            "gross_profit": 9020,
            "gross_margin": 62.43,
            "gross_margin_4q_avg": 75.73,
            "net_income": -21516,
            "revenue": 14448,
            "common_shares": 529120,
            "book_valuer_per_share": 11.22,
            "book_valuer_per_share_4q_avg": 11.58,
            "equity": 675651,
            "current_ratio": 1013.37,
            "debt_ratio": 11.62,
            "inventory_turnover_ratio": 0.32,
            "account_receivable_turnover_ratio": 7.39,
            "reinvestment_rate": null,
            "research_to_sale_ratio": 119.69,
            "price_fair": 0,
            "eps_avg_yearly": 0,
            "eps_latest_yearly": 0,
            "eps_growth_yearly": 0
        },
        "20184": {
            "year_quarter": 20184,
            "year": 2018,
            "quarter": 4,
            "eps": -0.32,
            "eps_growth_year": null,
            "eps_4q": -0.84,
            "eps_4q_growth_year": null,
            "roe": -3.06,
            "roe_4q": -6.039999999999999,
            "gross_profit": 10292,
            "gross_margin": 62,
            "gross_margin_4q_avg": 67.55,
            "net_income": -20884,
            "revenue": 16600,
            "common_shares": 529120,
            "book_valuer_per_share": 10.82,
            "book_valuer_per_share_4q_avg": 11.35,
            "equity": 688349,
            "current_ratio": 883.27,
            "debt_ratio": 11.58,
            "inventory_turnover_ratio": 0.37,
            "account_receivable_turnover_ratio": 11.48,
            "reinvestment_rate": null,
            "research_to_sale_ratio": 98.84,
            "price_fair": 0,
            "eps_avg_yearly": 0,
            "eps_latest_yearly": 0,
            "eps_growth_yearly": 0
        },
        "20191": {
            "year_quarter": 20191,
            "year": 2019,
            "quarter": 1,
            "eps": -0.11,
            "eps_growth_year": -1200,
            "eps_4q": -0.97,
            "eps_4q_growth_year": null,
            "roe": -1.37,
            "roe_4q": -9.66,
            "gross_profit": 19434,
            "gross_margin": 78.63,
            "gross_margin_4q_avg": 68.33,
            "net_income": -9371,
            "revenue": 24717,
            "common_shares": 529904,
            "book_valuer_per_share": 10.69,
            "book_valuer_per_share_4q_avg": 11.08,
            "equity": 677738,
            "current_ratio": 1107.16,
            "debt_ratio": 10.7,
            "inventory_turnover_ratio": 0.32,
            "account_receivable_turnover_ratio": 11.12,
            "reinvestment_rate": null,
            "research_to_sale_ratio": 64.94,
            "price_fair": 0,
            "eps_avg_yearly": 0,
            "eps_latest_yearly": 0,
            "eps_growth_yearly": 0
        },
        "20192": {
            "year_quarter": 20192,
            "year": 2019,
            "quarter": 2,
            "eps": -0.03,
            "eps_growth_year": null,
            "eps_4q": -0.81,
            "eps_4q_growth_year": null,
            "roe": -0.4,
            "roe_4q": -7.96,
            "gross_profit": 23246,
            "gross_margin": 80.19,
            "gross_margin_4q_avg": 70.81,
            "net_income": -2689,
            "revenue": 28989,
            "common_shares": 529904,
            "book_valuer_per_share": 10.59,
            "book_valuer_per_share_4q_avg": 10.83,
            "equity": 671482,
            "current_ratio": 1515.66,
            "debt_ratio": 8.72,
            "inventory_turnover_ratio": 0.35,
            "account_receivable_turnover_ratio": 7.47,
            "reinvestment_rate": null,
            "research_to_sale_ratio": 42.21,
            "price_fair": 0,
            "eps_avg_yearly": 0,
            "eps_latest_yearly": 0,
            "eps_growth_yearly": 0
        },
        "20193": {
            "year_quarter": 20193,
            "year": 2019,
            "quarter": 3,
            "eps": -0.23,
            "eps_growth_year": null,
            "eps_4q": -0.69,
            "eps_4q_growth_year": null,
            "roe": -2.06,
            "roe_4q": -6.890000000000001,
            "gross_profit": 11243,
            "gross_margin": 69.08,
            "gross_margin_4q_avg": 72.48,
            "net_income": -13678,
            "revenue": 16276,
            "common_shares": 529904,
            "book_valuer_per_share": 10.32,
            "book_valuer_per_share_4q_avg": 10.61,
            "equity": 655384,
            "current_ratio": 789.29,
            "debt_ratio": 12.17,
            "inventory_turnover_ratio": 0.3,
            "account_receivable_turnover_ratio": 3.55,
            "reinvestment_rate": null,
            "research_to_sale_ratio": 87.76,
            "price_fair": 0,
            "eps_avg_yearly": 0,
            "eps_latest_yearly": 0,
            "eps_growth_yearly": 0
        },
        "20194": {
            "year_quarter": 20194,
            "year": 2019,
            "quarter": 4,
            "eps": -0.34,
            "eps_growth_year": null,
            "eps_4q": -0.71,
            "eps_4q_growth_year": null,
            "roe": -3.37,
            "roe_4q": -7.2,
            "gross_profit": 8249,
            "gross_margin": 58.49,
            "gross_margin_4q_avg": 71.6,
            "net_income": -21763,
            "revenue": 14104,
            "common_shares": 529904,
            "book_valuer_per_share": 10.02,
            "book_valuer_per_share_4q_avg": 10.41,
            "equity": 638081,
            "current_ratio": 668.6,
            "debt_ratio": 13.1,
            "inventory_turnover_ratio": 0.32,
            "account_receivable_turnover_ratio": 2.96,
            "reinvestment_rate": null,
            "research_to_sale_ratio": 111.66,
            "price_fair": 0,
            "eps_avg_yearly": 0,
            "eps_latest_yearly": 0,
            "eps_growth_yearly": 0
        },
        "20201": {
            "year_quarter": 20201,
            "year": 2020,
            "quarter": 1,
            "eps": -0.3,
            "eps_growth_year": null,
            "eps_4q": -0.9,
            "eps_4q_growth_year": null,
            "roe": -3,
            "roe_4q": -8.83,
            "gross_profit": 7061,
            "gross_margin": 61.63,
            "gross_margin_4q_avg": 67.35,
            "net_income": -18733,
            "revenue": 11457,
            "common_shares": 532214,
            "book_valuer_per_share": 9.53,
            "book_valuer_per_share_4q_avg": 10.12,
            "equity": 609383,
            "current_ratio": 680.59,
            "debt_ratio": 12.57,
            "inventory_turnover_ratio": 0.21,
            "account_receivable_turnover_ratio": 2.76,
            "reinvestment_rate": null,
            "research_to_sale_ratio": 115.51,
            "price_fair": 0,
            "eps_avg_yearly": 0,
            "eps_latest_yearly": 0,
            "eps_growth_yearly": 0
        },
        "20202": {
            "year_quarter": 20202,
            "year": 2020,
            "quarter": 2,
            "eps": -0.1,
            "eps_growth_year": null,
            "eps_4q": -0.97,
            "eps_4q_growth_year": null,
            "roe": -1.23,
            "roe_4q": -9.66,
            "gross_profit": 12420,
            "gross_margin": 68.96,
            "gross_margin_4q_avg": 64.54,
            "net_income": -7492,
            "revenue": 18011,
            "common_shares": 532214,
            "book_valuer_per_share": 9.57,
            "book_valuer_per_share_4q_avg": 9.86,
            "equity": 609356,
            "current_ratio": 743.13,
            "debt_ratio": 11.14,
            "inventory_turnover_ratio": 0.26,
            "account_receivable_turnover_ratio": 7.53,
            "reinvestment_rate": null,
            "research_to_sale_ratio": 61.67,
            "price_fair": 0,
            "eps_avg_yearly": 0,
            "eps_latest_yearly": 0,
            "eps_growth_yearly": 0
        },
        "20203": {
            "year_quarter": 20203,
            "year": 2020,
            "quarter": 3,
            "eps": -0.19,
            "eps_growth_year": null,
            "eps_4q": -0.93,
            "eps_4q_growth_year": null,
            "roe": -1.8,
            "roe_4q": -9.4,
            "gross_profit": 8895,
            "gross_margin": 61.51,
            "gross_margin_4q_avg": 62.65,
            "net_income": -10880,
            "revenue": 14460,
            "common_shares": 532214,
            "book_valuer_per_share": 9.46,
            "book_valuer_per_share_4q_avg": 9.65,
            "equity": 602374,
            "current_ratio": 707.18,
            "debt_ratio": 10.71,
            "inventory_turnover_ratio": 0.25,
            "account_receivable_turnover_ratio": 5.25,
            "reinvestment_rate": null,
            "research_to_sale_ratio": 89.22,
            "price_fair": 0,
            "eps_avg_yearly": 0,
            "eps_latest_yearly": 0,
            "eps_growth_yearly": 0
        },
        "20204": {
            "year_quarter": 20204,
            "year": 2020,
            "quarter": 4,
            "eps": -0.08,
            "eps_growth_year": null,
            "eps_4q": -0.67,
            "eps_4q_growth_year": null,
            "roe": -0.99,
            "roe_4q": -7.02,
            "gross_profit": 13957,
            "gross_margin": 69.74,
            "gross_margin_4q_avg": 65.46,
            "net_income": -5920,
            "revenue": 20013,
            "common_shares": 532214,
            "book_valuer_per_share": 9.35,
            "book_valuer_per_share_4q_avg": 9.48,
            "equity": 595104,
            "current_ratio": 887.33,
            "debt_ratio": 9.36,
            "inventory_turnover_ratio": 0.28,
            "account_receivable_turnover_ratio": 5.91,
            "reinvestment_rate": null,
            "research_to_sale_ratio": 60.86,
            "price_fair": 0,
            "eps_avg_yearly": 0,
            "eps_latest_yearly": 0,
            "eps_growth_yearly": 0
        },
        "20211": {
            "year_quarter": 20211,
            "year": 2021,
            "quarter": 1,
            "eps": -0.21,
            "eps_growth_year": null,
            "eps_4q": -0.57,
            "eps_4q_growth_year": null,
            "roe": -2.26,
            "roe_4q": -6.279999999999999,
            "gross_profit": 7264,
            "gross_margin": 61.95,
            "gross_margin_4q_avg": 65.54,
            "net_income": -13329,
            "revenue": 11725,
            "common_shares": 532214,
            "book_valuer_per_share": 9.23,
            "book_valuer_per_share_4q_avg": 9.4,
            "equity": 586301,
            "current_ratio": 904.52,
            "debt_ratio": 10.37,
            "inventory_turnover_ratio": 0.2,
            "account_receivable_turnover_ratio": 4.23,
            "reinvestment_rate": null,
            "research_to_sale_ratio": 98.49,
            "price_fair": 0,
            "eps_avg_yearly": 0,
            "eps_latest_yearly": 0,
            "eps_growth_yearly": 0
        },
        "20212": {
            "year_quarter": 20212,
            "year": 2021,
            "quarter": 2,
            "eps": -0.16,
            "eps_growth_year": null,
            "eps_4q": -0.63,
            "eps_4q_growth_year": null,
            "roe": -1.45,
            "roe_4q": -6.5,
            "gross_profit": 13628,
            "gross_margin": 68.25,
            "gross_margin_4q_avg": 65.36,
            "net_income": -8467,
            "revenue": 19968,
            "common_shares": 532214,
            "book_valuer_per_share": 9.2,
            "book_valuer_per_share_4q_avg": 9.31,
            "equity": 584573,
            "current_ratio": 954.49,
            "debt_ratio": 9.87,
            "inventory_turnover_ratio": 0.28,
            "account_receivable_turnover_ratio": 6.08,
            "reinvestment_rate": null,
            "research_to_sale_ratio": 59.76,
            "price_fair": 0,
            "eps_avg_yearly": 0,
            "eps_latest_yearly": 0,
            "eps_growth_yearly": 0
        },
        "20213": {
            "year_quarter": 20213,
            "year": 2021,
            "quarter": 3,
            "eps": 0,
            "eps_growth_year": null,
            "eps_4q": -0.44,
            "eps_4q_growth_year": null,
            "roe": 0.17,
            "roe_4q": -4.53,
            "gross_profit": 19730,
            "gross_margin": 72.42,
            "gross_margin_4q_avg": 68.09,
            "net_income": 991,
            "revenue": 27244,
            "common_shares": 532214,
            "book_valuer_per_share": 9.16,
            "book_valuer_per_share_4q_avg": 9.24,
            "equity": 583309,
            "current_ratio": 1206.67,
            "debt_ratio": 7.23,
            "inventory_turnover_ratio": 0.34,
            "account_receivable_turnover_ratio": 7.67,
            "reinvestment_rate": null,
            "research_to_sale_ratio": 42.55,
            "price_fair": 0,
            "eps_avg_yearly": 0,
            "eps_latest_yearly": 0,
            "eps_growth_yearly": 0
        },
        "20214": {
            "year_quarter": 20214,
            "year": 2021,
            "quarter": 4,
            "eps": -0.12,
            "eps_growth_year": null,
            "eps_4q": -0.48,
            "eps_4q_growth_year": null,
            "roe": -1.05,
            "roe_4q": -4.59,
            "gross_profit": 20043,
            "gross_margin": 74.64,
            "gross_margin_4q_avg": 69.32,
            "net_income": -6085,
            "revenue": 26854,
            "common_shares": 532214,
            "book_valuer_per_share": 9.07,
            "book_valuer_per_share_4q_avg": 9.17,
            "equity": 579030,
            "current_ratio": 1532.77,
            "debt_ratio": 5.96,
            "inventory_turnover_ratio": 0.32,
            "account_receivable_turnover_ratio": 5.9,
            "reinvestment_rate": null,
            "research_to_sale_ratio": 59.12,
            "price_fair": 0,
            "eps_avg_yearly": 0,
            "eps_latest_yearly": 0,
            "eps_growth_yearly": 0
        },
        "20221": {
            "year_quarter": 20221,
            "year": 2022,
            "quarter": 1,
            "eps": -0.15,
            "eps_growth_year": null,
            "eps_4q": -0.42,
            "eps_4q_growth_year": null,
            "roe": -1.44,
            "roe_4q": -3.7700000000000005,
            "gross_profit": 11639,
            "gross_margin": 67.55,
            "gross_margin_4q_avg": 70.72,
            "net_income": -8272,
            "revenue": 17229,
            "common_shares": 532214,
            "book_valuer_per_share": 8.95,
            "book_valuer_per_share_4q_avg": 9.1,
            "equity": 571984,
            "current_ratio": 2461.51,
            "debt_ratio": 4.21,
            "inventory_turnover_ratio": 0.26,
            "account_receivable_turnover_ratio": 2.46,
            "reinvestment_rate": null,
            "research_to_sale_ratio": 61.69,
            "price_fair": 0,
            "eps_avg_yearly": 0,
            "eps_latest_yearly": 0,
            "eps_growth_yearly": 0
        },
        "20222": {
            "year_quarter": 20222,
            "year": 2022,
            "quarter": 2,
            "eps": -0.22,
            "eps_growth_year": null,
            "eps_4q": -0.48,
            "eps_4q_growth_year": null,
            "roe": -2.04,
            "roe_4q": -4.36,
            "gross_profit": 10076,
            "gross_margin": 58.07,
            "gross_margin_4q_avg": 68.17,
            "net_income": -11608,
            "revenue": 17350,
            "common_shares": 532214,
            "book_valuer_per_share": 8.8,
            "book_valuer_per_share_4q_avg": 9,
            "equity": 563944,
            "current_ratio": 2266.81,
            "debt_ratio": 4.25,
            "inventory_turnover_ratio": 0.33,
            "account_receivable_turnover_ratio": 2.29,
            "reinvestment_rate": null,
            "research_to_sale_ratio": 62.03,
            "price_fair": 0,
            "eps_avg_yearly": 0,
            "eps_latest_yearly": 0,
            "eps_growth_yearly": 0
        },
        "20223": {
            "year_quarter": 20223,
            "year": 2022,
            "quarter": 3,
            "eps": -0.27,
            "eps_growth_year": null,
            "eps_4q": -0.74,
            "eps_4q_growth_year": null,
            "roe": -2.55,
            "roe_4q": -7.079999999999999,
            "gross_profit": 7386,
            "gross_margin": 55.71,
            "gross_margin_4q_avg": 63.99,
            "net_income": -14115,
            "revenue": 13258,
            "common_shares": 532214,
            "book_valuer_per_share": 8.44,
            "book_valuer_per_share_4q_avg": 8.82,
            "equity": 544727,
            "current_ratio": 2155.68,
            "debt_ratio": 4.31,
            "inventory_turnover_ratio": 0.27,
            "account_receivable_turnover_ratio": 2.39,
            "reinvestment_rate": null,
            "research_to_sale_ratio": 112.68,
            "price_fair": 0,
            "eps_avg_yearly": 0,
            "eps_latest_yearly": 0,
            "eps_growth_yearly": 0
        },
        "20224": {
            "year_quarter": 20224,
            "year": 2022,
            "quarter": 4,
            "eps": -0.38,
            "eps_growth_year": null,
            "eps_4q": -1.01,
            "eps_4q_growth_year": null,
            "roe": -3.82,
            "roe_4q": -9.85,
            "gross_profit": 8945,
            "gross_margin": 64.85,
            "gross_margin_4q_avg": 61.55,
            "net_income": -20348,
            "revenue": 13793,
            "common_shares": 532214,
            "book_valuer_per_share": 7.98,
            "book_valuer_per_share_4q_avg": 8.54,
            "equity": 519782,
            "current_ratio": 1315.35,
            "debt_ratio": 6.15,
            "inventory_turnover_ratio": 0.21,
            "account_receivable_turnover_ratio": 3.18,
            "reinvestment_rate": null,
            "research_to_sale_ratio": 128.12,
            "price_fair": 0,
            "eps_avg_yearly": 0,
            "eps_latest_yearly": 0,
            "eps_growth_yearly": 0
        },
        "20231": {
            "year_quarter": 20231,
            "year": 2023,
            "quarter": 1,
            "eps": -0.2,
            "eps_growth_year": null,
            "eps_4q": -1.06,
            "eps_4q_growth_year": null,
            "roe": -2.38,
            "roe_4q": -10.79,
            "gross_profit": 5621,
            "gross_margin": 53.41,
            "gross_margin_4q_avg": 58.01,
            "net_income": -12234,
            "revenue": 10525,
            "common_shares": 532214,
            "book_valuer_per_share": 7.82,
            "book_valuer_per_share_4q_avg": 8.26,
            "equity": 509488,
            "current_ratio": 1585.26,
            "debt_ratio": 5.17,
            "inventory_turnover_ratio": 0.21,
            "account_receivable_turnover_ratio": 2.21,
            "reinvestment_rate": null,
            "research_to_sale_ratio": 93.38,
            "price_fair": 0,
            "eps_avg_yearly": 0,
            "eps_latest_yearly": 0,
            "eps_growth_yearly": 0
        },
        "20232": {
            "year_quarter": 20232,
            "year": 2023,
            "quarter": 2,
            "eps": -0.24,
            "eps_growth_year": null,
            "eps_4q": -1.09,
            "eps_4q_growth_year": null,
            "roe": -2.39,
            "roe_4q": -11.14,
            "gross_profit": 9307,
            "gross_margin": 59.61,
            "gross_margin_4q_avg": 58.4,
            "net_income": -12054,
            "revenue": 15612,
            "common_shares": 532214,
            "book_valuer_per_share": 7.57,
            "book_valuer_per_share_4q_avg": 7.95,
            "equity": 497469,
            "current_ratio": 1451.37,
            "debt_ratio": 5.44,
            "inventory_turnover_ratio": 0.26,
            "account_receivable_turnover_ratio": 2.55,
            "reinvestment_rate": null,
            "research_to_sale_ratio": 65.19,
            "price_fair": 0,
            "eps_avg_yearly": 0,
            "eps_latest_yearly": 0,
            "eps_growth_yearly": 0
        }
    },
    "months": {
        "2013-12": {
            "month": "2013-12",
            "price": "60.03",
            "revenue": 0
        },
        "2014-01": {
            "month": "2014-01",
            "price": "56.64",
            "revenue": 0
        },
        "2014-02": {
            "month": "2014-02",
            "price": "58.66",
            "revenue": 0
        },
        "2014-03": {
            "month": "2014-03",
            "price": "55.41",
            "revenue": 0
        },
        "2014-04": {
            "month": "2014-04",
            "price": "56.61",
            "revenue": 0
        },
        "2014-05": {
            "month": "2014-05",
            "price": "59.79",
            "revenue": 0
        },
        "2014-06": {
            "month": "2014-06",
            "price": "59.70",
            "revenue": 0
        },
        "2014-07": {
            "month": "2014-07",
            "price": "55.36",
            "revenue": 0
        },
        "2014-08": {
            "month": "2014-08",
            "price": "49.01",
            "revenue": 0
        },
        "2014-09": {
            "month": "2014-09",
            "price": "47.47",
            "revenue": 0
        },
        "2014-10": {
            "month": "2014-10",
            "price": "47.53",
            "revenue": 0
        },
        "2014-11": {
            "month": "2014-11",
            "price": "43.46",
            "revenue": 0
        },
        "2014-12": {
            "month": "2014-12",
            "price": "39.32",
            "revenue": 0
        },
        "2015-01": {
            "month": "2015-01",
            "price": "39.97",
            "revenue": 0
        },
        "2015-02": {
            "month": "2015-02",
            "price": "42.39",
            "revenue": 0
        },
        "2015-03": {
            "month": "2015-03",
            "price": "38.02",
            "revenue": 0
        },
        "2015-04": {
            "month": "2015-04",
            "price": "36.40",
            "revenue": 0
        },
        "2015-05": {
            "month": "2015-05",
            "price": "32.04",
            "revenue": 0
        },
        "2015-06": {
            "month": "2015-06",
            "price": "29.55",
            "revenue": 0
        },
        "2015-07": {
            "month": "2015-07",
            "price": "27.64",
            "revenue": 0
        },
        "2015-08": {
            "month": "2015-08",
            "price": "18.43",
            "revenue": 0
        },
        "2015-09": {
            "month": "2015-09",
            "price": "23.40",
            "revenue": 0
        },
        "2015-10": {
            "month": "2015-10",
            "price": "30.50",
            "revenue": 31
        },
        "2015-11": {
            "month": "2015-11",
            "price": "34.46",
            "revenue": 57
        },
        "2015-12": {
            "month": "2015-12",
            "price": "29.98",
            "revenue": 53
        },
        "2016-01": {
            "month": "2016-01",
            "price": "27.08",
            "revenue": 15
        },
        "2016-02": {
            "month": "2016-02",
            "price": "27.90",
            "revenue": 42
        },
        "2016-03": {
            "month": "2016-03",
            "price": "32.14",
            "revenue": 43
        },
        "2016-04": {
            "month": "2016-04",
            "price": "38.31",
            "revenue": 1111
        },
        "2016-05": {
            "month": "2016-05",
            "price": "36.28",
            "revenue": 1111
        },
        "2016-06": {
            "month": "2016-06",
            "price": "34.97",
            "revenue": 1112
        },
        "2016-07": {
            "month": "2016-07",
            "price": "33.07",
            "revenue": 1112
        },
        "2016-08": {
            "month": "2016-08",
            "price": "31.17",
            "revenue": 1113
        },
        "2016-09": {
            "month": "2016-09",
            "price": "30.60",
            "revenue": 1113
        },
        "2016-10": {
            "month": "2016-10",
            "price": "29.88",
            "revenue": 1116
        },
        "2016-11": {
            "month": "2016-11",
            "price": "29.26",
            "revenue": 1118
        },
        "2016-12": {
            "month": "2016-12",
            "price": "30.24",
            "revenue": 1116
        },
        "2017-01": {
            "month": "2017-01",
            "price": "29.88",
            "revenue": 1118
        },
        "2017-02": {
            "month": "2017-02",
            "price": "29.73",
            "revenue": 1119
        },
        "2017-03": {
            "month": "2017-03",
            "price": "28.41",
            "revenue": 1121
        },
        "2017-04": {
            "month": "2017-04",
            "price": "28.29",
            "revenue": 1118
        },
        "2017-05": {
            "month": "2017-05",
            "price": "28.38",
            "revenue": 1118
        },
        "2017-06": {
            "month": "2017-06",
            "price": "29.06",
            "revenue": 1119
        },
        "2017-07": {
            "month": "2017-07",
            "price": "29.79",
            "revenue": 1150
        },
        "2017-08": {
            "month": "2017-08",
            "price": "29.16",
            "revenue": 5145
        },
        "2017-09": {
            "month": "2017-09",
            "price": "31.74",
            "revenue": 2934
        },
        "2017-10": {
            "month": "2017-10",
            "price": "33.66",
            "revenue": 3013
        },
        "2017-11": {
            "month": "2017-11",
            "price": "31.27",
            "revenue": 1119
        },
        "2017-12": {
            "month": "2017-12",
            "price": "28.07",
            "revenue": 1115
        },
        "2018-01": {
            "month": "2018-01",
            "price": "28.06",
            "revenue": 9677
        },
        "2018-02": {
            "month": "2018-02",
            "price": "29.26",
            "revenue": 2655
        },
        "2018-03": {
            "month": "2018-03",
            "price": "30.46",
            "revenue": 9988
        },
        "2018-04": {
            "month": "2018-04",
            "price": "34.36",
            "revenue": 5445
        },
        "2018-05": {
            "month": "2018-05",
            "price": "32.52",
            "revenue": 9684
        },
        "2018-06": {
            "month": "2018-06",
            "price": "32.66",
            "revenue": 3826
        },
        "2018-07": {
            "month": "2018-07",
            "price": "30.87",
            "revenue": 6368
        },
        "2018-08": {
            "month": "2018-08",
            "price": "29.74",
            "revenue": 5165
        },
        "2018-09": {
            "month": "2018-09",
            "price": "30.20",
            "revenue": 2915
        },
        "2018-10": {
            "month": "2018-10",
            "price": "28.05",
            "revenue": 4104
        },
        "2018-11": {
            "month": "2018-11",
            "price": "27.23",
            "revenue": 8249
        },
        "2018-12": {
            "month": "2018-12",
            "price": "27.73",
            "revenue": 4247
        },
        "2019-01": {
            "month": "2019-01",
            "price": "28.01",
            "revenue": 4901
        },
        "2019-02": {
            "month": "2019-02",
            "price": "27.75",
            "revenue": 4482
        },
        "2019-03": {
            "month": "2019-03",
            "price": "27.32",
            "revenue": 15334
        },
        "2019-04": {
            "month": "2019-04",
            "price": "27.95",
            "revenue": 6793
        },
        "2019-05": {
            "month": "2019-05",
            "price": "25.88",
            "revenue": 6014
        },
        "2019-06": {
            "month": "2019-06",
            "price": "24.59",
            "revenue": 16182
        },
        "2019-07": {
            "month": "2019-07",
            "price": "25.46",
            "revenue": 5471
        },
        "2019-08": {
            "month": "2019-08",
            "price": "23.45",
            "revenue": 6084
        },
        "2019-09": {
            "month": "2019-09",
            "price": "23.33",
            "revenue": 4722
        },
        "2019-10": {
            "month": "2019-10",
            "price": "24.15",
            "revenue": 4469
        },
        "2019-11": {
            "month": "2019-11",
            "price": "24.48",
            "revenue": 4441
        },
        "2019-12": {
            "month": "2019-12",
            "price": "24.09",
            "revenue": 5194
        },
        "2020-01": {
            "month": "2020-01",
            "price": "23.83",
            "revenue": 2943
        },
        "2020-02": {
            "month": "2020-02",
            "price": "22.23",
            "revenue": 2926
        },
        "2020-03": {
            "month": "2020-03",
            "price": "15.67",
            "revenue": 5588
        },
        "2020-04": {
            "month": "2020-04",
            "price": "14.92",
            "revenue": 5210
        },
        "2020-05": {
            "month": "2020-05",
            "price": "18.32",
            "revenue": 8705
        },
        "2020-06": {
            "month": "2020-06",
            "price": "23.62",
            "revenue": 4096
        },
        "2020-07": {
            "month": "2020-07",
            "price": "27.72",
            "revenue": 4059
        },
        "2020-08": {
            "month": "2020-08",
            "price": "21.11",
            "revenue": 6364
        },
        "2020-09": {
            "month": "2020-09",
            "price": "20.25",
            "revenue": 4037
        },
        "2020-10": {
            "month": "2020-10",
            "price": "19.73",
            "revenue": 4645
        },
        "2020-11": {
            "month": "2020-11",
            "price": "20.17",
            "revenue": 4950
        },
        "2020-12": {
            "month": "2020-12",
            "price": "19.50",
            "revenue": 10418
        },
        "2021-01": {
            "month": "2021-01",
            "price": "19.32",
            "revenue": 3528
        },
        "2021-02": {
            "month": "2021-02",
            "price": "19.07",
            "revenue": 3855
        },
        "2021-03": {
            "month": "2021-03",
            "price": "19.25",
            "revenue": 4342
        },
        "2021-04": {
            "month": "2021-04",
            "price": "19.19",
            "revenue": 5657
        },
        "2021-05": {
            "month": "2021-05",
            "price": "18.57",
            "revenue": 5811
        },
        "2021-06": {
            "month": "2021-06",
            "price": "17.54",
            "revenue": 8500
        },
        "2021-07": {
            "month": "2021-07",
            "price": "16.76",
            "revenue": 9000
        },
        "2021-08": {
            "month": "2021-08",
            "price": "16.36",
            "revenue": 13480
        },
        "2021-09": {
            "month": "2021-09",
            "price": "18.19",
            "revenue": 4764
        },
        "2021-10": {
            "month": "2021-10",
            "price": "17.80",
            "revenue": 14062
        },
        "2021-11": {
            "month": "2021-11",
            "price": "18.42",
            "revenue": 5491
        },
        "2021-12": {
            "month": "2021-12",
            "price": "18.72",
            "revenue": 7318
        },
        "2022-01": {
            "month": "2022-01",
            "price": "18.52",
            "revenue": 6119
        },
        "2022-02": {
            "month": "2022-02",
            "price": "18.37",
            "revenue": 5214
        },
        "2022-03": {
            "month": "2022-03",
            "price": "18.04",
            "revenue": 5897
        },
        "2022-04": {
            "month": "2022-04",
            "price": "17.77",
            "revenue": 6490
        },
        "2022-05": {
            "month": "2022-05",
            "price": "17.13",
            "revenue": 4770
        },
        "2022-06": {
            "month": "2022-06",
            "price": "16.50",
            "revenue": 6090
        },
        "2022-07": {
            "month": "2022-07",
            "price": "16.60",
            "revenue": 4375
        },
        "2022-08": {
            "month": "2022-08",
            "price": "16.99",
            "revenue": 4408
        },
        "2022-09": {
            "month": "2022-09",
            "price": "16.97",
            "revenue": 4474
        },
        "2022-10": {
            "month": "2022-10",
            "price": "15.46",
            "revenue": 3898
        },
        "2022-11": {
            "month": "2022-11",
            "price": "14.92",
            "revenue": 4811
        },
        "2022-12": {
            "month": "2022-12",
            "price": "16.06",
            "revenue": 5083
        },
        "2023-01": {
            "month": "2023-01",
            "price": "16.03",
            "revenue": 2846
        },
        "2023-02": {
            "month": "2023-02",
            "price": "16.52",
            "revenue": 3086
        },
        "2023-03": {
            "month": "2023-03",
            "price": "16.26",
            "revenue": 4593
        },
        "2023-04": {
            "month": "2023-04",
            "price": "16.07",
            "revenue": 4949
        },
        "2023-05": {
            "month": "2023-05",
            "price": "16.39",
            "revenue": 6046
        },
        "2023-06": {
            "month": "2023-06",
            "price": "17.17",
            "revenue": 4617
        },
        "2023-07": {
            "month": "2023-07",
            "price": "20.73",
            "revenue": 5104
        },
        "2023-08": {
            "month": "2023-08",
            "price": "21.02",
            "revenue": 3724
        }
    }
}
