{
    "summary": {
        "stock_name": "佐登-KY",
        "stock_id": "4190",
        "category": "生技醫療",
        "main_business": "美容美體產品<br>美容美體SPA課程",
        "website_url": "http://www.jourdeness.com",
        "ceo": "陳佳琦",
        "pe_ratio": -634,
        "report_year_from": 2015,
        "report_year_to": 2023,
        "age": 9,
        "eps_negative_percentage": 0,
        "eps_growth_avg": {
            "last_all": -13.46,
            "last_2y": -36.27,
            "last_4y": -33.09,
            "last_8y": null,
            "last_12y": null,
            "last_16y": null,
            "last_20y": null,
            "at_2006_last_3y": null,
            "at_2007_last_3y": null,
            "at_2008_last_3y": null,
            "at_2009_last_3y": null,
            "at_2010_last_3y": null,
            "at_2011_last_3y": null,
            "at_2012_last_3y": null,
            "at_2013_last_3y": null,
            "at_2014_last_3y": null,
            "at_2015_last_3y": null,
            "at_2016_last_3y": null,
            "at_2017_last_3y": null,
            "at_2018_last_3y": null,
            "at_2019_last_3y": 11.66,
            "at_2020_last_3y": 2.64,
            "at_2021_last_3y": 14.37,
            "at_2022_last_3y": -34.36,
            "at_2023_last_3y": -38.58,
            "at_2024_last_3y": -38.58,
            "at_2006_last_all": null,
            "at_2007_last_all": null,
            "at_2008_last_all": null,
            "at_2009_last_all": null,
            "at_2010_last_all": null,
            "at_2011_last_all": null,
            "at_2012_last_all": null,
            "at_2013_last_all": null,
            "at_2014_last_all": null,
            "at_2015_last_all": null,
            "at_2016_last_all": null,
            "at_2017_last_all": -21.14,
            "at_2018_last_all": 19.24,
            "at_2019_last_all": 11.66,
            "at_2020_last_all": 0.22,
            "at_2021_last_all": 2.54,
            "at_2022_last_all": -11.39,
            "at_2023_last_all": -13.46,
            "at_2024_last_all": -13.46
        },
        "latest_eps": -0.09,
        "latest_price": 57.1,
        "latest_roe": -0.26,
        "latest_gross_margin": 65.93,
        "latest_equity": 2157662,
        "latest_revenue": 677863,
        "latest_gross_profit": 446896,
        "latest_net_income": -41667,
        "latest_debt_ratio": 72.96,
        "latest_current_ratio": 53.5,
        "latest_account_receivable_turnover_ratio": 4.09,
        "latest_inventory_turnover_ratio": 0.6,
        "latest_reinvestment_rate": 210.75,
        "latest_research_to_sale_ratio": 2.08
    },
    "eps_dividends": {
        "2001": {
            "cash": 0,
            "stock": 0,
            "eps": 0
        },
        "2002": {
            "cash": 0,
            "stock": 0,
            "eps": 0
        },
        "2003": {
            "cash": 0,
            "stock": 0,
            "eps": 0
        },
        "2004": {
            "cash": 0,
            "stock": 0,
            "eps": 0
        },
        "2005": {
            "cash": 0,
            "stock": 0,
            "eps": 0
        },
        "2006": {
            "cash": 0,
            "stock": 0,
            "eps": 0
        },
        "2007": {
            "cash": 0,
            "stock": 0,
            "eps": 0
        },
        "2008": {
            "cash": 0,
            "stock": 0,
            "eps": 0
        },
        "2009": {
            "cash": 0,
            "stock": 0,
            "eps": 0
        },
        "2010": {
            "cash": 0,
            "stock": 0,
            "eps": 0
        },
        "2011": {
            "cash": 0,
            "stock": 0,
            "eps": 0
        },
        "2012": {
            "cash": 0,
            "stock": 0,
            "eps": 0
        },
        "2013": {
            "cash": 0,
            "stock": 0,
            "eps": 0
        },
        "2014": {
            "cash": 0,
            "stock": 0,
            "eps": 0
        },
        "2015": {
            "cash": 3,
            "stock": 0,
            "eps": 5.08
        },
        "2016": {
            "cash": 5,
            "stock": 0,
            "eps": 4.6
        },
        "2017": {
            "cash": 3.5,
            "stock": 0,
            "eps": 3.09
        },
        "2018": {
            "cash": 2.5,
            "stock": 0,
            "eps": 8.92
        },
        "2019": {
            "cash": 4.5,
            "stock": 0,
            "eps": 7.93
        },
        "2020": {
            "cash": 4,
            "stock": 0,
            "eps": 4.32
        },
        "2021": {
            "cash": 2,
            "stock": 0,
            "eps": 4.93
        },
        "2022": {
            "cash": 3.5,
            "stock": 0,
            "eps": 0.25
        },
        "2023": {
            "cash": 1,
            "stock": 0,
            "eps": 0.18
        }
    },
    "dividends": {
        "2015-05-14": {
            "cash": 3,
            "stock": 0
        },
        "2016-08-02": {
            "cash": 5,
            "stock": 0
        },
        "2017-08-02": {
            "cash": 3.5,
            "stock": 0
        },
        "2018-08-16": {
            "cash": 2.5,
            "stock": 0
        },
        "2019-08-15": {
            "cash": 4.5,
            "stock": 0
        },
        "2020-08-17": {
            "cash": 4,
            "stock": 0
        },
        "2021-08-03": {
            "cash": 2,
            "stock": 0
        },
        "2022-05-20": {
            "cash": 3.5,
            "stock": 0
        },
        "2023-05-25": {
            "cash": 1,
            "stock": 0
        }
    },
    "prices": {
        "200101": "無",
        "200102": "無",
        "200103": "無",
        "200104": "無",
        "200105": "無",
        "200106": "無",
        "200107": "無",
        "200108": "無",
        "200109": "無",
        "200110": "無",
        "200111": "無",
        "200112": "無",
        "200201": "無",
        "200202": "無",
        "200203": "無",
        "200204": "無",
        "200205": "無",
        "200206": "無",
        "200207": "無",
        "200208": "無",
        "200209": "無",
        "200210": "無",
        "200211": "無",
        "200212": "無",
        "200301": "無",
        "200302": "無",
        "200303": "無",
        "200304": "無",
        "200305": "無",
        "200306": "無",
        "200307": "無",
        "200308": "無",
        "200309": "無",
        "200310": "無",
        "200311": "無",
        "200312": "無",
        "200401": "無",
        "200402": "無",
        "200403": "無",
        "200404": "無",
        "200405": "無",
        "200406": "無",
        "200407": "無",
        "200408": "無",
        "200409": "無",
        "200410": "無",
        "200411": "無",
        "200412": "無",
        "200501": "無",
        "200502": "無",
        "200503": "無",
        "200504": "無",
        "200505": "無",
        "200506": "無",
        "200507": "無",
        "200508": "無",
        "200509": "無",
        "200510": "無",
        "200511": "無",
        "200512": "無",
        "200601": "無",
        "200602": "無",
        "200603": "無",
        "200604": "無",
        "200605": "無",
        "200606": "無",
        "200607": "無",
        "200608": "無",
        "200609": "無",
        "200610": "無",
        "200611": "無",
        "200612": "無",
        "200701": "無",
        "200702": "無",
        "200703": "無",
        "200704": "無",
        "200705": "無",
        "200706": "無",
        "200707": "無",
        "200708": "無",
        "200709": "無",
        "200710": "無",
        "200711": "無",
        "200712": "無",
        "200801": "無",
        "200802": "無",
        "200803": "無",
        "200804": "無",
        "200805": "無",
        "200806": "無",
        "200807": "無",
        "200808": "無",
        "200809": "無",
        "200810": "無",
        "200811": "無",
        "200812": "無",
        "200901": "無",
        "200902": "無",
        "200903": "無",
        "200904": "無",
        "200905": "無",
        "200906": "無",
        "200907": "無",
        "200908": "無",
        "200909": "無",
        "200910": "無",
        "200911": "無",
        "200912": "無",
        "201001": "無",
        "201002": "無",
        "201003": "無",
        "201004": "無",
        "201005": "無",
        "201006": "無",
        "201007": "無",
        "201008": "無",
        "201009": "無",
        "201010": "無",
        "201011": "無",
        "201012": "無",
        "201101": "無",
        "201102": "無",
        "201103": "無",
        "201104": "無",
        "201105": "無",
        "201106": "無",
        "201107": "無",
        "201108": "無",
        "201109": "無",
        "201110": "無",
        "201111": "無",
        "201112": "無",
        "201201": "無",
        "201202": "無",
        "201203": "無",
        "201204": "無",
        "201205": "無",
        "201206": "無",
        "201207": "無",
        "201208": "無",
        "201209": "無",
        "201210": "無",
        "201211": "無",
        "201212": "無",
        "201301": "無",
        "201302": "無",
        "201303": "無",
        "201304": "無",
        "201305": "無",
        "201306": "無",
        "201307": "無",
        "201308": "無",
        "201309": "無",
        "201310": "無",
        "201311": "無",
        "201312": "無",
        "201401": "無",
        "201402": "無",
        "201403": "無",
        "201404": "無",
        "201405": "無",
        "201406": "無",
        "201407": "無",
        "201408": "無",
        "201409": "無",
        "201410": "無",
        "201411": "無",
        "201412": "無",
        "201501": "無",
        "201502": "無",
        "201503": "無",
        "201504": "無",
        "201505": "無",
        "201506": "無",
        "201507": "無",
        "201508": "無",
        "201509": "無",
        "201510": "131.56",
        "201511": "165.83",
        "201512": "146.67",
        "201601": "125.26",
        "201602": "126.23",
        "201603": "123.50",
        "201604": "110.58",
        "201605": "91.94",
        "201606": "91.26",
        "201607": "90.18",
        "201608": "85.25",
        "201609": "84.38",
        "201610": "93.72",
        "201611": "89.00",
        "201612": "84.87",
        "201701": "84.49",
        "201702": "86.44",
        "201703": "87.43",
        "201704": "83.61",
        "201705": "76.66",
        "201706": "73.32",
        "201707": "69.93",
        "201708": "60.06",
        "201709": "65.11",
        "201710": "62.97",
        "201711": "60.14",
        "201712": "56.43",
        "201801": "58.88",
        "201802": "54.38",
        "201803": "64.03",
        "201804": "85.17",
        "201805": "116.20",
        "201806": "129.12",
        "201807": "127.98",
        "201808": "124.63",
        "201809": "105.76",
        "201810": "91.57",
        "201811": "87.41",
        "201812": "99.10",
        "201901": "118.64",
        "201902": "123.96",
        "201903": "118.32",
        "201904": "109.12",
        "201905": "99.70",
        "201906": "112.73",
        "201907": "111.74",
        "201908": "100.25",
        "201909": "100.74",
        "201910": "98.27",
        "201911": "102.98",
        "201912": "114.73",
        "202001": "118.20",
        "202002": "91.53",
        "202003": "75.75",
        "202004": "76.67",
        "202005": "84.44",
        "202006": "84.08",
        "202007": "79.84",
        "202008": "74.82",
        "202009": "84.80",
        "202010": "85.34",
        "202011": "92.59",
        "202012": "97.00",
        "202101": "87.77",
        "202102": "88.00",
        "202103": "92.70",
        "202104": "97.79",
        "202105": "80.10",
        "202106": "76.36",
        "202107": "77.08",
        "202108": "73.21",
        "202109": "70.82",
        "202110": "73.10",
        "202111": "76.62",
        "202112": "72.53",
        "202201": "70.19",
        "202202": "70.98",
        "202203": "69.24",
        "202204": "69.89",
        "202205": "65.33",
        "202206": "64.76",
        "202207": "67.90",
        "202208": "69.50",
        "202209": "74.56",
        "202210": "71.46",
        "202211": "70.66",
        "202212": "78.80",
        "202301": "74.25",
        "202302": "78.46",
        "202303": "85.49",
        "202304": "96.74",
        "202305": "84.92",
        "202306": "82.34",
        "202307": "79.60",
        "202308": "70.97",
        "202309": "68.16",
        "202310": "65.12",
        "202311": "62.99",
        "202312": "59.66"
    },
    "quarters": {
        "20011": {
            "year_quarter": 20011,
            "year": 2001,
            "quarter": 1,
            "eps": null,
            "eps_growth_year": null,
            "eps_4q": null,
            "eps_4q_growth_year": null,
            "roe": null,
            "roe_4q": 0,
            "gross_profit": null,
            "gross_margin": null,
            "gross_margin_4q_avg": 0,
            "net_income": null,
            "net_income_4q": null,
            "revenue": null,
            "revenue_4q": null,
            "common_shares": null,
            "book_valuer_per_share": null,
            "book_valuer_per_share_4q_avg": 0,
            "equity": null,
            "current_ratio": null,
            "debt_ratio": null,
            "inventory_turnover_ratio": null,
            "account_receivable_turnover_ratio": null,
            "reinvestment_rate": null,
            "research_to_sale_ratio": null,
            "price_fair": 0,
            "eps_avg_yearly": 0,
            "eps_latest_yearly": 0,
            "eps_growth_yearly": 0
        },
        "20012": {
            "year_quarter": 20012,
            "year": 2001,
            "quarter": 2,
            "eps": null,
            "eps_growth_year": null,
            "eps_4q": null,
            "eps_4q_growth_year": null,
            "roe": null,
            "roe_4q": 0,
            "gross_profit": null,
            "gross_margin": null,
            "gross_margin_4q_avg": 0,
            "net_income": null,
            "net_income_4q": null,
            "revenue": null,
            "revenue_4q": null,
            "common_shares": null,
            "book_valuer_per_share": null,
            "book_valuer_per_share_4q_avg": 0,
            "equity": null,
            "current_ratio": null,
            "debt_ratio": null,
            "inventory_turnover_ratio": null,
            "account_receivable_turnover_ratio": null,
            "reinvestment_rate": null,
            "research_to_sale_ratio": null,
            "price_fair": 0,
            "eps_avg_yearly": 0,
            "eps_latest_yearly": 0,
            "eps_growth_yearly": 0
        },
        "20013": {
            "year_quarter": 20013,
            "year": 2001,
            "quarter": 3,
            "eps": null,
            "eps_growth_year": null,
            "eps_4q": null,
            "eps_4q_growth_year": null,
            "roe": null,
            "roe_4q": 0,
            "gross_profit": null,
            "gross_margin": null,
            "gross_margin_4q_avg": 0,
            "net_income": null,
            "net_income_4q": null,
            "revenue": null,
            "revenue_4q": null,
            "common_shares": null,
            "book_valuer_per_share": null,
            "book_valuer_per_share_4q_avg": 0,
            "equity": null,
            "current_ratio": null,
            "debt_ratio": null,
            "inventory_turnover_ratio": null,
            "account_receivable_turnover_ratio": null,
            "reinvestment_rate": null,
            "research_to_sale_ratio": null,
            "price_fair": 0,
            "eps_avg_yearly": 0,
            "eps_latest_yearly": 0,
            "eps_growth_yearly": 0
        },
        "20014": {
            "year_quarter": 20014,
            "year": 2001,
            "quarter": 4,
            "eps": null,
            "eps_growth_year": null,
            "eps_4q": null,
            "eps_4q_growth_year": null,
            "roe": null,
            "roe_4q": 0,
            "gross_profit": null,
            "gross_margin": null,
            "gross_margin_4q_avg": 0,
            "net_income": null,
            "net_income_4q": null,
            "revenue": null,
            "revenue_4q": null,
            "common_shares": null,
            "book_valuer_per_share": null,
            "book_valuer_per_share_4q_avg": 0,
            "equity": null,
            "current_ratio": null,
            "debt_ratio": null,
            "inventory_turnover_ratio": null,
            "account_receivable_turnover_ratio": null,
            "reinvestment_rate": null,
            "research_to_sale_ratio": null,
            "price_fair": 0,
            "eps_avg_yearly": 0,
            "eps_latest_yearly": 0,
            "eps_growth_yearly": 0
        },
        "20021": {
            "year_quarter": 20021,
            "year": 2002,
            "quarter": 1,
            "eps": null,
            "eps_growth_year": null,
            "eps_4q": null,
            "eps_4q_growth_year": null,
            "roe": null,
            "roe_4q": 0,
            "gross_profit": null,
            "gross_margin": null,
            "gross_margin_4q_avg": 0,
            "net_income": null,
            "net_income_4q": null,
            "revenue": null,
            "revenue_4q": null,
            "common_shares": null,
            "book_valuer_per_share": null,
            "book_valuer_per_share_4q_avg": 0,
            "equity": null,
            "current_ratio": null,
            "debt_ratio": null,
            "inventory_turnover_ratio": null,
            "account_receivable_turnover_ratio": null,
            "reinvestment_rate": null,
            "research_to_sale_ratio": null,
            "price_fair": 0,
            "eps_avg_yearly": 0,
            "eps_latest_yearly": 0,
            "eps_growth_yearly": 0
        },
        "20022": {
            "year_quarter": 20022,
            "year": 2002,
            "quarter": 2,
            "eps": null,
            "eps_growth_year": null,
            "eps_4q": null,
            "eps_4q_growth_year": null,
            "roe": null,
            "roe_4q": 0,
            "gross_profit": null,
            "gross_margin": null,
            "gross_margin_4q_avg": 0,
            "net_income": null,
            "net_income_4q": null,
            "revenue": null,
            "revenue_4q": null,
            "common_shares": null,
            "book_valuer_per_share": null,
            "book_valuer_per_share_4q_avg": 0,
            "equity": null,
            "current_ratio": null,
            "debt_ratio": null,
            "inventory_turnover_ratio": null,
            "account_receivable_turnover_ratio": null,
            "reinvestment_rate": null,
            "research_to_sale_ratio": null,
            "price_fair": 0,
            "eps_avg_yearly": 0,
            "eps_latest_yearly": 0,
            "eps_growth_yearly": 0
        },
        "20023": {
            "year_quarter": 20023,
            "year": 2002,
            "quarter": 3,
            "eps": null,
            "eps_growth_year": null,
            "eps_4q": null,
            "eps_4q_growth_year": null,
            "roe": null,
            "roe_4q": 0,
            "gross_profit": null,
            "gross_margin": null,
            "gross_margin_4q_avg": 0,
            "net_income": null,
            "net_income_4q": null,
            "revenue": null,
            "revenue_4q": null,
            "common_shares": null,
            "book_valuer_per_share": null,
            "book_valuer_per_share_4q_avg": 0,
            "equity": null,
            "current_ratio": null,
            "debt_ratio": null,
            "inventory_turnover_ratio": null,
            "account_receivable_turnover_ratio": null,
            "reinvestment_rate": null,
            "research_to_sale_ratio": null,
            "price_fair": 0,
            "eps_avg_yearly": 0,
            "eps_latest_yearly": 0,
            "eps_growth_yearly": 0
        },
        "20024": {
            "year_quarter": 20024,
            "year": 2002,
            "quarter": 4,
            "eps": null,
            "eps_growth_year": null,
            "eps_4q": null,
            "eps_4q_growth_year": null,
            "roe": null,
            "roe_4q": 0,
            "gross_profit": null,
            "gross_margin": null,
            "gross_margin_4q_avg": 0,
            "net_income": null,
            "net_income_4q": null,
            "revenue": null,
            "revenue_4q": null,
            "common_shares": null,
            "book_valuer_per_share": null,
            "book_valuer_per_share_4q_avg": 0,
            "equity": null,
            "current_ratio": null,
            "debt_ratio": null,
            "inventory_turnover_ratio": null,
            "account_receivable_turnover_ratio": null,
            "reinvestment_rate": null,
            "research_to_sale_ratio": null,
            "price_fair": 0,
            "eps_avg_yearly": 0,
            "eps_latest_yearly": 0,
            "eps_growth_yearly": 0
        },
        "20031": {
            "year_quarter": 20031,
            "year": 2003,
            "quarter": 1,
            "eps": null,
            "eps_growth_year": null,
            "eps_4q": null,
            "eps_4q_growth_year": null,
            "roe": null,
            "roe_4q": 0,
            "gross_profit": null,
            "gross_margin": null,
            "gross_margin_4q_avg": 0,
            "net_income": null,
            "net_income_4q": null,
            "revenue": null,
            "revenue_4q": null,
            "common_shares": null,
            "book_valuer_per_share": null,
            "book_valuer_per_share_4q_avg": 0,
            "equity": null,
            "current_ratio": null,
            "debt_ratio": null,
            "inventory_turnover_ratio": null,
            "account_receivable_turnover_ratio": null,
            "reinvestment_rate": null,
            "research_to_sale_ratio": null,
            "price_fair": 0,
            "eps_avg_yearly": 0,
            "eps_latest_yearly": 0,
            "eps_growth_yearly": 0
        },
        "20032": {
            "year_quarter": 20032,
            "year": 2003,
            "quarter": 2,
            "eps": null,
            "eps_growth_year": null,
            "eps_4q": null,
            "eps_4q_growth_year": null,
            "roe": null,
            "roe_4q": 0,
            "gross_profit": null,
            "gross_margin": null,
            "gross_margin_4q_avg": 0,
            "net_income": null,
            "net_income_4q": null,
            "revenue": null,
            "revenue_4q": null,
            "common_shares": null,
            "book_valuer_per_share": null,
            "book_valuer_per_share_4q_avg": 0,
            "equity": null,
            "current_ratio": null,
            "debt_ratio": null,
            "inventory_turnover_ratio": null,
            "account_receivable_turnover_ratio": null,
            "reinvestment_rate": null,
            "research_to_sale_ratio": null,
            "price_fair": 0,
            "eps_avg_yearly": 0,
            "eps_latest_yearly": 0,
            "eps_growth_yearly": 0
        },
        "20033": {
            "year_quarter": 20033,
            "year": 2003,
            "quarter": 3,
            "eps": null,
            "eps_growth_year": null,
            "eps_4q": null,
            "eps_4q_growth_year": null,
            "roe": null,
            "roe_4q": 0,
            "gross_profit": null,
            "gross_margin": null,
            "gross_margin_4q_avg": 0,
            "net_income": null,
            "net_income_4q": null,
            "revenue": null,
            "revenue_4q": null,
            "common_shares": null,
            "book_valuer_per_share": null,
            "book_valuer_per_share_4q_avg": 0,
            "equity": null,
            "current_ratio": null,
            "debt_ratio": null,
            "inventory_turnover_ratio": null,
            "account_receivable_turnover_ratio": null,
            "reinvestment_rate": null,
            "research_to_sale_ratio": null,
            "price_fair": 0,
            "eps_avg_yearly": 0,
            "eps_latest_yearly": 0,
            "eps_growth_yearly": 0
        },
        "20034": {
            "year_quarter": 20034,
            "year": 2003,
            "quarter": 4,
            "eps": null,
            "eps_growth_year": null,
            "eps_4q": null,
            "eps_4q_growth_year": null,
            "roe": null,
            "roe_4q": 0,
            "gross_profit": null,
            "gross_margin": null,
            "gross_margin_4q_avg": 0,
            "net_income": null,
            "net_income_4q": null,
            "revenue": null,
            "revenue_4q": null,
            "common_shares": null,
            "book_valuer_per_share": null,
            "book_valuer_per_share_4q_avg": 0,
            "equity": null,
            "current_ratio": null,
            "debt_ratio": null,
            "inventory_turnover_ratio": null,
            "account_receivable_turnover_ratio": null,
            "reinvestment_rate": null,
            "research_to_sale_ratio": null,
            "price_fair": 0,
            "eps_avg_yearly": 0,
            "eps_latest_yearly": 0,
            "eps_growth_yearly": 0
        },
        "20041": {
            "year_quarter": 20041,
            "year": 2004,
            "quarter": 1,
            "eps": null,
            "eps_growth_year": null,
            "eps_4q": null,
            "eps_4q_growth_year": null,
            "roe": null,
            "roe_4q": 0,
            "gross_profit": null,
            "gross_margin": null,
            "gross_margin_4q_avg": 0,
            "net_income": null,
            "net_income_4q": null,
            "revenue": null,
            "revenue_4q": null,
            "common_shares": null,
            "book_valuer_per_share": null,
            "book_valuer_per_share_4q_avg": 0,
            "equity": null,
            "current_ratio": null,
            "debt_ratio": null,
            "inventory_turnover_ratio": null,
            "account_receivable_turnover_ratio": null,
            "reinvestment_rate": null,
            "research_to_sale_ratio": null,
            "price_fair": 0,
            "eps_avg_yearly": 0,
            "eps_latest_yearly": 0,
            "eps_growth_yearly": 0
        },
        "20042": {
            "year_quarter": 20042,
            "year": 2004,
            "quarter": 2,
            "eps": null,
            "eps_growth_year": null,
            "eps_4q": null,
            "eps_4q_growth_year": null,
            "roe": null,
            "roe_4q": 0,
            "gross_profit": null,
            "gross_margin": null,
            "gross_margin_4q_avg": 0,
            "net_income": null,
            "net_income_4q": null,
            "revenue": null,
            "revenue_4q": null,
            "common_shares": null,
            "book_valuer_per_share": null,
            "book_valuer_per_share_4q_avg": 0,
            "equity": null,
            "current_ratio": null,
            "debt_ratio": null,
            "inventory_turnover_ratio": null,
            "account_receivable_turnover_ratio": null,
            "reinvestment_rate": null,
            "research_to_sale_ratio": null,
            "price_fair": 0,
            "eps_avg_yearly": 0,
            "eps_latest_yearly": 0,
            "eps_growth_yearly": 0
        },
        "20043": {
            "year_quarter": 20043,
            "year": 2004,
            "quarter": 3,
            "eps": null,
            "eps_growth_year": null,
            "eps_4q": null,
            "eps_4q_growth_year": null,
            "roe": null,
            "roe_4q": 0,
            "gross_profit": null,
            "gross_margin": null,
            "gross_margin_4q_avg": 0,
            "net_income": null,
            "net_income_4q": null,
            "revenue": null,
            "revenue_4q": null,
            "common_shares": null,
            "book_valuer_per_share": null,
            "book_valuer_per_share_4q_avg": 0,
            "equity": null,
            "current_ratio": null,
            "debt_ratio": null,
            "inventory_turnover_ratio": null,
            "account_receivable_turnover_ratio": null,
            "reinvestment_rate": null,
            "research_to_sale_ratio": null,
            "price_fair": 0,
            "eps_avg_yearly": 0,
            "eps_latest_yearly": 0,
            "eps_growth_yearly": 0
        },
        "20044": {
            "year_quarter": 20044,
            "year": 2004,
            "quarter": 4,
            "eps": null,
            "eps_growth_year": null,
            "eps_4q": null,
            "eps_4q_growth_year": null,
            "roe": null,
            "roe_4q": 0,
            "gross_profit": null,
            "gross_margin": null,
            "gross_margin_4q_avg": 0,
            "net_income": null,
            "net_income_4q": null,
            "revenue": null,
            "revenue_4q": null,
            "common_shares": null,
            "book_valuer_per_share": null,
            "book_valuer_per_share_4q_avg": 0,
            "equity": null,
            "current_ratio": null,
            "debt_ratio": null,
            "inventory_turnover_ratio": null,
            "account_receivable_turnover_ratio": null,
            "reinvestment_rate": null,
            "research_to_sale_ratio": null,
            "price_fair": 0,
            "eps_avg_yearly": 0,
            "eps_latest_yearly": 0,
            "eps_growth_yearly": 0
        },
        "20051": {
            "year_quarter": 20051,
            "year": 2005,
            "quarter": 1,
            "eps": null,
            "eps_growth_year": null,
            "eps_4q": null,
            "eps_4q_growth_year": null,
            "roe": null,
            "roe_4q": 0,
            "gross_profit": null,
            "gross_margin": null,
            "gross_margin_4q_avg": 0,
            "net_income": null,
            "net_income_4q": null,
            "revenue": null,
            "revenue_4q": null,
            "common_shares": null,
            "book_valuer_per_share": null,
            "book_valuer_per_share_4q_avg": 0,
            "equity": null,
            "current_ratio": null,
            "debt_ratio": null,
            "inventory_turnover_ratio": null,
            "account_receivable_turnover_ratio": null,
            "reinvestment_rate": null,
            "research_to_sale_ratio": null,
            "price_fair": 0,
            "eps_avg_yearly": 0,
            "eps_latest_yearly": 0,
            "eps_growth_yearly": 0
        },
        "20052": {
            "year_quarter": 20052,
            "year": 2005,
            "quarter": 2,
            "eps": null,
            "eps_growth_year": null,
            "eps_4q": null,
            "eps_4q_growth_year": null,
            "roe": null,
            "roe_4q": 0,
            "gross_profit": null,
            "gross_margin": null,
            "gross_margin_4q_avg": 0,
            "net_income": null,
            "net_income_4q": null,
            "revenue": null,
            "revenue_4q": null,
            "common_shares": null,
            "book_valuer_per_share": null,
            "book_valuer_per_share_4q_avg": 0,
            "equity": null,
            "current_ratio": null,
            "debt_ratio": null,
            "inventory_turnover_ratio": null,
            "account_receivable_turnover_ratio": null,
            "reinvestment_rate": null,
            "research_to_sale_ratio": null,
            "price_fair": 0,
            "eps_avg_yearly": 0,
            "eps_latest_yearly": 0,
            "eps_growth_yearly": 0
        },
        "20053": {
            "year_quarter": 20053,
            "year": 2005,
            "quarter": 3,
            "eps": null,
            "eps_growth_year": null,
            "eps_4q": null,
            "eps_4q_growth_year": null,
            "roe": null,
            "roe_4q": 0,
            "gross_profit": null,
            "gross_margin": null,
            "gross_margin_4q_avg": 0,
            "net_income": null,
            "net_income_4q": null,
            "revenue": null,
            "revenue_4q": null,
            "common_shares": null,
            "book_valuer_per_share": null,
            "book_valuer_per_share_4q_avg": 0,
            "equity": null,
            "current_ratio": null,
            "debt_ratio": null,
            "inventory_turnover_ratio": null,
            "account_receivable_turnover_ratio": null,
            "reinvestment_rate": null,
            "research_to_sale_ratio": null,
            "price_fair": 0,
            "eps_avg_yearly": 0,
            "eps_latest_yearly": 0,
            "eps_growth_yearly": 0
        },
        "20054": {
            "year_quarter": 20054,
            "year": 2005,
            "quarter": 4,
            "eps": null,
            "eps_growth_year": null,
            "eps_4q": null,
            "eps_4q_growth_year": null,
            "roe": null,
            "roe_4q": 0,
            "gross_profit": null,
            "gross_margin": null,
            "gross_margin_4q_avg": 0,
            "net_income": null,
            "net_income_4q": null,
            "revenue": null,
            "revenue_4q": null,
            "common_shares": null,
            "book_valuer_per_share": null,
            "book_valuer_per_share_4q_avg": 0,
            "equity": null,
            "current_ratio": null,
            "debt_ratio": null,
            "inventory_turnover_ratio": null,
            "account_receivable_turnover_ratio": null,
            "reinvestment_rate": null,
            "research_to_sale_ratio": null,
            "price_fair": 0,
            "eps_avg_yearly": 0,
            "eps_latest_yearly": 0,
            "eps_growth_yearly": 0
        },
        "20061": {
            "year_quarter": 20061,
            "year": 2006,
            "quarter": 1,
            "eps": null,
            "eps_growth_year": null,
            "eps_4q": null,
            "eps_4q_growth_year": null,
            "roe": null,
            "roe_4q": 0,
            "gross_profit": null,
            "gross_margin": null,
            "gross_margin_4q_avg": 0,
            "net_income": null,
            "net_income_4q": null,
            "revenue": null,
            "revenue_4q": null,
            "common_shares": null,
            "book_valuer_per_share": null,
            "book_valuer_per_share_4q_avg": 0,
            "equity": null,
            "current_ratio": null,
            "debt_ratio": null,
            "inventory_turnover_ratio": null,
            "account_receivable_turnover_ratio": null,
            "reinvestment_rate": null,
            "research_to_sale_ratio": null,
            "price_fair": 0,
            "eps_avg_yearly": 0,
            "eps_latest_yearly": 0,
            "eps_growth_yearly": 0
        },
        "20062": {
            "year_quarter": 20062,
            "year": 2006,
            "quarter": 2,
            "eps": null,
            "eps_growth_year": null,
            "eps_4q": null,
            "eps_4q_growth_year": null,
            "roe": null,
            "roe_4q": 0,
            "gross_profit": null,
            "gross_margin": null,
            "gross_margin_4q_avg": 0,
            "net_income": null,
            "net_income_4q": null,
            "revenue": null,
            "revenue_4q": null,
            "common_shares": null,
            "book_valuer_per_share": null,
            "book_valuer_per_share_4q_avg": 0,
            "equity": null,
            "current_ratio": null,
            "debt_ratio": null,
            "inventory_turnover_ratio": null,
            "account_receivable_turnover_ratio": null,
            "reinvestment_rate": null,
            "research_to_sale_ratio": null,
            "price_fair": 0,
            "eps_avg_yearly": 0,
            "eps_latest_yearly": 0,
            "eps_growth_yearly": 0
        },
        "20063": {
            "year_quarter": 20063,
            "year": 2006,
            "quarter": 3,
            "eps": null,
            "eps_growth_year": null,
            "eps_4q": null,
            "eps_4q_growth_year": null,
            "roe": null,
            "roe_4q": 0,
            "gross_profit": null,
            "gross_margin": null,
            "gross_margin_4q_avg": 0,
            "net_income": null,
            "net_income_4q": null,
            "revenue": null,
            "revenue_4q": null,
            "common_shares": null,
            "book_valuer_per_share": null,
            "book_valuer_per_share_4q_avg": 0,
            "equity": null,
            "current_ratio": null,
            "debt_ratio": null,
            "inventory_turnover_ratio": null,
            "account_receivable_turnover_ratio": null,
            "reinvestment_rate": null,
            "research_to_sale_ratio": null,
            "price_fair": 0,
            "eps_avg_yearly": 0,
            "eps_latest_yearly": 0,
            "eps_growth_yearly": 0
        },
        "20064": {
            "year_quarter": 20064,
            "year": 2006,
            "quarter": 4,
            "eps": null,
            "eps_growth_year": null,
            "eps_4q": null,
            "eps_4q_growth_year": null,
            "roe": null,
            "roe_4q": 0,
            "gross_profit": null,
            "gross_margin": null,
            "gross_margin_4q_avg": 0,
            "net_income": null,
            "net_income_4q": null,
            "revenue": null,
            "revenue_4q": null,
            "common_shares": null,
            "book_valuer_per_share": null,
            "book_valuer_per_share_4q_avg": 0,
            "equity": null,
            "current_ratio": null,
            "debt_ratio": null,
            "inventory_turnover_ratio": null,
            "account_receivable_turnover_ratio": null,
            "reinvestment_rate": null,
            "research_to_sale_ratio": null,
            "price_fair": 0,
            "eps_avg_yearly": 0,
            "eps_latest_yearly": 0,
            "eps_growth_yearly": 0
        },
        "20071": {
            "year_quarter": 20071,
            "year": 2007,
            "quarter": 1,
            "eps": null,
            "eps_growth_year": null,
            "eps_4q": null,
            "eps_4q_growth_year": null,
            "roe": null,
            "roe_4q": 0,
            "gross_profit": null,
            "gross_margin": null,
            "gross_margin_4q_avg": 0,
            "net_income": null,
            "net_income_4q": null,
            "revenue": null,
            "revenue_4q": null,
            "common_shares": null,
            "book_valuer_per_share": null,
            "book_valuer_per_share_4q_avg": 0,
            "equity": null,
            "current_ratio": null,
            "debt_ratio": null,
            "inventory_turnover_ratio": null,
            "account_receivable_turnover_ratio": null,
            "reinvestment_rate": null,
            "research_to_sale_ratio": null,
            "price_fair": 0,
            "eps_avg_yearly": 0,
            "eps_latest_yearly": 0,
            "eps_growth_yearly": 0
        },
        "20072": {
            "year_quarter": 20072,
            "year": 2007,
            "quarter": 2,
            "eps": null,
            "eps_growth_year": null,
            "eps_4q": null,
            "eps_4q_growth_year": null,
            "roe": null,
            "roe_4q": 0,
            "gross_profit": null,
            "gross_margin": null,
            "gross_margin_4q_avg": 0,
            "net_income": null,
            "net_income_4q": null,
            "revenue": null,
            "revenue_4q": null,
            "common_shares": null,
            "book_valuer_per_share": null,
            "book_valuer_per_share_4q_avg": 0,
            "equity": null,
            "current_ratio": null,
            "debt_ratio": null,
            "inventory_turnover_ratio": null,
            "account_receivable_turnover_ratio": null,
            "reinvestment_rate": null,
            "research_to_sale_ratio": null,
            "price_fair": 0,
            "eps_avg_yearly": 0,
            "eps_latest_yearly": 0,
            "eps_growth_yearly": 0
        },
        "20073": {
            "year_quarter": 20073,
            "year": 2007,
            "quarter": 3,
            "eps": null,
            "eps_growth_year": null,
            "eps_4q": null,
            "eps_4q_growth_year": null,
            "roe": null,
            "roe_4q": 0,
            "gross_profit": null,
            "gross_margin": null,
            "gross_margin_4q_avg": 0,
            "net_income": null,
            "net_income_4q": null,
            "revenue": null,
            "revenue_4q": null,
            "common_shares": null,
            "book_valuer_per_share": null,
            "book_valuer_per_share_4q_avg": 0,
            "equity": null,
            "current_ratio": null,
            "debt_ratio": null,
            "inventory_turnover_ratio": null,
            "account_receivable_turnover_ratio": null,
            "reinvestment_rate": null,
            "research_to_sale_ratio": null,
            "price_fair": 0,
            "eps_avg_yearly": 0,
            "eps_latest_yearly": 0,
            "eps_growth_yearly": 0
        },
        "20074": {
            "year_quarter": 20074,
            "year": 2007,
            "quarter": 4,
            "eps": null,
            "eps_growth_year": null,
            "eps_4q": null,
            "eps_4q_growth_year": null,
            "roe": null,
            "roe_4q": 0,
            "gross_profit": null,
            "gross_margin": null,
            "gross_margin_4q_avg": 0,
            "net_income": null,
            "net_income_4q": null,
            "revenue": null,
            "revenue_4q": null,
            "common_shares": null,
            "book_valuer_per_share": null,
            "book_valuer_per_share_4q_avg": 0,
            "equity": null,
            "current_ratio": null,
            "debt_ratio": null,
            "inventory_turnover_ratio": null,
            "account_receivable_turnover_ratio": null,
            "reinvestment_rate": null,
            "research_to_sale_ratio": null,
            "price_fair": 0,
            "eps_avg_yearly": 0,
            "eps_latest_yearly": 0,
            "eps_growth_yearly": 0
        },
        "20081": {
            "year_quarter": 20081,
            "year": 2008,
            "quarter": 1,
            "eps": null,
            "eps_growth_year": null,
            "eps_4q": null,
            "eps_4q_growth_year": null,
            "roe": null,
            "roe_4q": 0,
            "gross_profit": null,
            "gross_margin": null,
            "gross_margin_4q_avg": 0,
            "net_income": null,
            "net_income_4q": null,
            "revenue": null,
            "revenue_4q": null,
            "common_shares": null,
            "book_valuer_per_share": null,
            "book_valuer_per_share_4q_avg": 0,
            "equity": null,
            "current_ratio": null,
            "debt_ratio": null,
            "inventory_turnover_ratio": null,
            "account_receivable_turnover_ratio": null,
            "reinvestment_rate": null,
            "research_to_sale_ratio": null,
            "price_fair": 0,
            "eps_avg_yearly": 0,
            "eps_latest_yearly": 0,
            "eps_growth_yearly": 0
        },
        "20082": {
            "year_quarter": 20082,
            "year": 2008,
            "quarter": 2,
            "eps": null,
            "eps_growth_year": null,
            "eps_4q": null,
            "eps_4q_growth_year": null,
            "roe": null,
            "roe_4q": 0,
            "gross_profit": null,
            "gross_margin": null,
            "gross_margin_4q_avg": 0,
            "net_income": null,
            "net_income_4q": null,
            "revenue": null,
            "revenue_4q": null,
            "common_shares": null,
            "book_valuer_per_share": null,
            "book_valuer_per_share_4q_avg": 0,
            "equity": null,
            "current_ratio": null,
            "debt_ratio": null,
            "inventory_turnover_ratio": null,
            "account_receivable_turnover_ratio": null,
            "reinvestment_rate": null,
            "research_to_sale_ratio": null,
            "price_fair": 0,
            "eps_avg_yearly": 0,
            "eps_latest_yearly": 0,
            "eps_growth_yearly": 0
        },
        "20083": {
            "year_quarter": 20083,
            "year": 2008,
            "quarter": 3,
            "eps": null,
            "eps_growth_year": null,
            "eps_4q": null,
            "eps_4q_growth_year": null,
            "roe": null,
            "roe_4q": 0,
            "gross_profit": null,
            "gross_margin": null,
            "gross_margin_4q_avg": 0,
            "net_income": null,
            "net_income_4q": null,
            "revenue": null,
            "revenue_4q": null,
            "common_shares": null,
            "book_valuer_per_share": null,
            "book_valuer_per_share_4q_avg": 0,
            "equity": null,
            "current_ratio": null,
            "debt_ratio": null,
            "inventory_turnover_ratio": null,
            "account_receivable_turnover_ratio": null,
            "reinvestment_rate": null,
            "research_to_sale_ratio": null,
            "price_fair": 0,
            "eps_avg_yearly": 0,
            "eps_latest_yearly": 0,
            "eps_growth_yearly": 0
        },
        "20084": {
            "year_quarter": 20084,
            "year": 2008,
            "quarter": 4,
            "eps": null,
            "eps_growth_year": null,
            "eps_4q": null,
            "eps_4q_growth_year": null,
            "roe": null,
            "roe_4q": 0,
            "gross_profit": null,
            "gross_margin": null,
            "gross_margin_4q_avg": 0,
            "net_income": null,
            "net_income_4q": null,
            "revenue": null,
            "revenue_4q": null,
            "common_shares": null,
            "book_valuer_per_share": null,
            "book_valuer_per_share_4q_avg": 0,
            "equity": null,
            "current_ratio": null,
            "debt_ratio": null,
            "inventory_turnover_ratio": null,
            "account_receivable_turnover_ratio": null,
            "reinvestment_rate": null,
            "research_to_sale_ratio": null,
            "price_fair": 0,
            "eps_avg_yearly": 0,
            "eps_latest_yearly": 0,
            "eps_growth_yearly": 0
        },
        "20091": {
            "year_quarter": 20091,
            "year": 2009,
            "quarter": 1,
            "eps": null,
            "eps_growth_year": null,
            "eps_4q": null,
            "eps_4q_growth_year": null,
            "roe": null,
            "roe_4q": 0,
            "gross_profit": null,
            "gross_margin": null,
            "gross_margin_4q_avg": 0,
            "net_income": null,
            "net_income_4q": null,
            "revenue": null,
            "revenue_4q": null,
            "common_shares": null,
            "book_valuer_per_share": null,
            "book_valuer_per_share_4q_avg": 0,
            "equity": null,
            "current_ratio": null,
            "debt_ratio": null,
            "inventory_turnover_ratio": null,
            "account_receivable_turnover_ratio": null,
            "reinvestment_rate": null,
            "research_to_sale_ratio": null,
            "price_fair": 0,
            "eps_avg_yearly": 0,
            "eps_latest_yearly": 0,
            "eps_growth_yearly": 0
        },
        "20092": {
            "year_quarter": 20092,
            "year": 2009,
            "quarter": 2,
            "eps": null,
            "eps_growth_year": null,
            "eps_4q": null,
            "eps_4q_growth_year": null,
            "roe": null,
            "roe_4q": 0,
            "gross_profit": null,
            "gross_margin": null,
            "gross_margin_4q_avg": 0,
            "net_income": null,
            "net_income_4q": null,
            "revenue": null,
            "revenue_4q": null,
            "common_shares": null,
            "book_valuer_per_share": null,
            "book_valuer_per_share_4q_avg": 0,
            "equity": null,
            "current_ratio": null,
            "debt_ratio": null,
            "inventory_turnover_ratio": null,
            "account_receivable_turnover_ratio": null,
            "reinvestment_rate": null,
            "research_to_sale_ratio": null,
            "price_fair": 0,
            "eps_avg_yearly": 0,
            "eps_latest_yearly": 0,
            "eps_growth_yearly": 0
        },
        "20093": {
            "year_quarter": 20093,
            "year": 2009,
            "quarter": 3,
            "eps": null,
            "eps_growth_year": null,
            "eps_4q": null,
            "eps_4q_growth_year": null,
            "roe": null,
            "roe_4q": 0,
            "gross_profit": null,
            "gross_margin": null,
            "gross_margin_4q_avg": 0,
            "net_income": null,
            "net_income_4q": null,
            "revenue": null,
            "revenue_4q": null,
            "common_shares": null,
            "book_valuer_per_share": null,
            "book_valuer_per_share_4q_avg": 0,
            "equity": null,
            "current_ratio": null,
            "debt_ratio": null,
            "inventory_turnover_ratio": null,
            "account_receivable_turnover_ratio": null,
            "reinvestment_rate": null,
            "research_to_sale_ratio": null,
            "price_fair": 0,
            "eps_avg_yearly": 0,
            "eps_latest_yearly": 0,
            "eps_growth_yearly": 0
        },
        "20094": {
            "year_quarter": 20094,
            "year": 2009,
            "quarter": 4,
            "eps": null,
            "eps_growth_year": null,
            "eps_4q": null,
            "eps_4q_growth_year": null,
            "roe": null,
            "roe_4q": 0,
            "gross_profit": null,
            "gross_margin": null,
            "gross_margin_4q_avg": 0,
            "net_income": null,
            "net_income_4q": null,
            "revenue": null,
            "revenue_4q": null,
            "common_shares": null,
            "book_valuer_per_share": null,
            "book_valuer_per_share_4q_avg": 0,
            "equity": null,
            "current_ratio": null,
            "debt_ratio": null,
            "inventory_turnover_ratio": null,
            "account_receivable_turnover_ratio": null,
            "reinvestment_rate": null,
            "research_to_sale_ratio": null,
            "price_fair": 0,
            "eps_avg_yearly": 0,
            "eps_latest_yearly": 0,
            "eps_growth_yearly": 0
        },
        "20101": {
            "year_quarter": 20101,
            "year": 2010,
            "quarter": 1,
            "eps": null,
            "eps_growth_year": null,
            "eps_4q": null,
            "eps_4q_growth_year": null,
            "roe": null,
            "roe_4q": 0,
            "gross_profit": null,
            "gross_margin": null,
            "gross_margin_4q_avg": 0,
            "net_income": null,
            "net_income_4q": null,
            "revenue": null,
            "revenue_4q": null,
            "common_shares": null,
            "book_valuer_per_share": null,
            "book_valuer_per_share_4q_avg": 0,
            "equity": null,
            "current_ratio": null,
            "debt_ratio": null,
            "inventory_turnover_ratio": null,
            "account_receivable_turnover_ratio": null,
            "reinvestment_rate": null,
            "research_to_sale_ratio": null,
            "price_fair": 0,
            "eps_avg_yearly": 0,
            "eps_latest_yearly": 0,
            "eps_growth_yearly": 0
        },
        "20102": {
            "year_quarter": 20102,
            "year": 2010,
            "quarter": 2,
            "eps": null,
            "eps_growth_year": null,
            "eps_4q": null,
            "eps_4q_growth_year": null,
            "roe": null,
            "roe_4q": 0,
            "gross_profit": null,
            "gross_margin": null,
            "gross_margin_4q_avg": 0,
            "net_income": null,
            "net_income_4q": null,
            "revenue": null,
            "revenue_4q": null,
            "common_shares": null,
            "book_valuer_per_share": null,
            "book_valuer_per_share_4q_avg": 0,
            "equity": null,
            "current_ratio": null,
            "debt_ratio": null,
            "inventory_turnover_ratio": null,
            "account_receivable_turnover_ratio": null,
            "reinvestment_rate": null,
            "research_to_sale_ratio": null,
            "price_fair": 0,
            "eps_avg_yearly": 0,
            "eps_latest_yearly": 0,
            "eps_growth_yearly": 0
        },
        "20103": {
            "year_quarter": 20103,
            "year": 2010,
            "quarter": 3,
            "eps": null,
            "eps_growth_year": null,
            "eps_4q": null,
            "eps_4q_growth_year": null,
            "roe": null,
            "roe_4q": 0,
            "gross_profit": null,
            "gross_margin": null,
            "gross_margin_4q_avg": 0,
            "net_income": null,
            "net_income_4q": null,
            "revenue": null,
            "revenue_4q": null,
            "common_shares": null,
            "book_valuer_per_share": null,
            "book_valuer_per_share_4q_avg": 0,
            "equity": null,
            "current_ratio": null,
            "debt_ratio": null,
            "inventory_turnover_ratio": null,
            "account_receivable_turnover_ratio": null,
            "reinvestment_rate": null,
            "research_to_sale_ratio": null,
            "price_fair": 0,
            "eps_avg_yearly": 0,
            "eps_latest_yearly": 0,
            "eps_growth_yearly": 0
        },
        "20104": {
            "year_quarter": 20104,
            "year": 2010,
            "quarter": 4,
            "eps": null,
            "eps_growth_year": null,
            "eps_4q": null,
            "eps_4q_growth_year": null,
            "roe": null,
            "roe_4q": 0,
            "gross_profit": null,
            "gross_margin": null,
            "gross_margin_4q_avg": 0,
            "net_income": null,
            "net_income_4q": null,
            "revenue": null,
            "revenue_4q": null,
            "common_shares": null,
            "book_valuer_per_share": null,
            "book_valuer_per_share_4q_avg": 0,
            "equity": null,
            "current_ratio": null,
            "debt_ratio": null,
            "inventory_turnover_ratio": null,
            "account_receivable_turnover_ratio": null,
            "reinvestment_rate": null,
            "research_to_sale_ratio": null,
            "price_fair": 0,
            "eps_avg_yearly": 0,
            "eps_latest_yearly": 0,
            "eps_growth_yearly": 0
        },
        "20111": {
            "year_quarter": 20111,
            "year": 2011,
            "quarter": 1,
            "eps": null,
            "eps_growth_year": null,
            "eps_4q": null,
            "eps_4q_growth_year": null,
            "roe": null,
            "roe_4q": 0,
            "gross_profit": null,
            "gross_margin": null,
            "gross_margin_4q_avg": 0,
            "net_income": null,
            "net_income_4q": null,
            "revenue": null,
            "revenue_4q": null,
            "common_shares": null,
            "book_valuer_per_share": null,
            "book_valuer_per_share_4q_avg": 0,
            "equity": null,
            "current_ratio": null,
            "debt_ratio": null,
            "inventory_turnover_ratio": null,
            "account_receivable_turnover_ratio": null,
            "reinvestment_rate": null,
            "research_to_sale_ratio": null,
            "price_fair": 0,
            "eps_avg_yearly": 0,
            "eps_latest_yearly": 0,
            "eps_growth_yearly": 0
        },
        "20112": {
            "year_quarter": 20112,
            "year": 2011,
            "quarter": 2,
            "eps": null,
            "eps_growth_year": null,
            "eps_4q": null,
            "eps_4q_growth_year": null,
            "roe": null,
            "roe_4q": 0,
            "gross_profit": null,
            "gross_margin": null,
            "gross_margin_4q_avg": 0,
            "net_income": null,
            "net_income_4q": null,
            "revenue": null,
            "revenue_4q": null,
            "common_shares": null,
            "book_valuer_per_share": null,
            "book_valuer_per_share_4q_avg": 0,
            "equity": null,
            "current_ratio": null,
            "debt_ratio": null,
            "inventory_turnover_ratio": null,
            "account_receivable_turnover_ratio": null,
            "reinvestment_rate": null,
            "research_to_sale_ratio": null,
            "price_fair": 0,
            "eps_avg_yearly": 0,
            "eps_latest_yearly": 0,
            "eps_growth_yearly": 0
        },
        "20113": {
            "year_quarter": 20113,
            "year": 2011,
            "quarter": 3,
            "eps": null,
            "eps_growth_year": null,
            "eps_4q": null,
            "eps_4q_growth_year": null,
            "roe": null,
            "roe_4q": 0,
            "gross_profit": null,
            "gross_margin": null,
            "gross_margin_4q_avg": 0,
            "net_income": null,
            "net_income_4q": null,
            "revenue": null,
            "revenue_4q": null,
            "common_shares": null,
            "book_valuer_per_share": null,
            "book_valuer_per_share_4q_avg": 0,
            "equity": null,
            "current_ratio": null,
            "debt_ratio": null,
            "inventory_turnover_ratio": null,
            "account_receivable_turnover_ratio": null,
            "reinvestment_rate": null,
            "research_to_sale_ratio": null,
            "price_fair": 0,
            "eps_avg_yearly": 0,
            "eps_latest_yearly": 0,
            "eps_growth_yearly": 0
        },
        "20114": {
            "year_quarter": 20114,
            "year": 2011,
            "quarter": 4,
            "eps": null,
            "eps_growth_year": null,
            "eps_4q": null,
            "eps_4q_growth_year": null,
            "roe": null,
            "roe_4q": 0,
            "gross_profit": null,
            "gross_margin": null,
            "gross_margin_4q_avg": 0,
            "net_income": null,
            "net_income_4q": null,
            "revenue": null,
            "revenue_4q": null,
            "common_shares": 229293,
            "book_valuer_per_share": 26.68,
            "book_valuer_per_share_4q_avg": 6.67,
            "equity": 611652,
            "current_ratio": 59.64,
            "debt_ratio": 71.43,
            "inventory_turnover_ratio": null,
            "account_receivable_turnover_ratio": null,
            "reinvestment_rate": null,
            "research_to_sale_ratio": null,
            "price_fair": 0,
            "eps_avg_yearly": 0,
            "eps_latest_yearly": 0,
            "eps_growth_yearly": 0
        },
        "20121": {
            "year_quarter": 20121,
            "year": 2012,
            "quarter": 1,
            "eps": null,
            "eps_growth_year": null,
            "eps_4q": null,
            "eps_4q_growth_year": null,
            "roe": null,
            "roe_4q": 0,
            "gross_profit": null,
            "gross_margin": null,
            "gross_margin_4q_avg": 0,
            "net_income": null,
            "net_income_4q": null,
            "revenue": null,
            "revenue_4q": null,
            "common_shares": null,
            "book_valuer_per_share": null,
            "book_valuer_per_share_4q_avg": 6.67,
            "equity": null,
            "current_ratio": null,
            "debt_ratio": null,
            "inventory_turnover_ratio": null,
            "account_receivable_turnover_ratio": null,
            "reinvestment_rate": null,
            "research_to_sale_ratio": null,
            "price_fair": 0,
            "eps_avg_yearly": 0,
            "eps_latest_yearly": 0,
            "eps_growth_yearly": 0
        },
        "20122": {
            "year_quarter": 20122,
            "year": 2012,
            "quarter": 2,
            "eps": null,
            "eps_growth_year": null,
            "eps_4q": null,
            "eps_4q_growth_year": null,
            "roe": null,
            "roe_4q": 0,
            "gross_profit": null,
            "gross_margin": null,
            "gross_margin_4q_avg": 0,
            "net_income": null,
            "net_income_4q": null,
            "revenue": null,
            "revenue_4q": null,
            "common_shares": null,
            "book_valuer_per_share": null,
            "book_valuer_per_share_4q_avg": 6.67,
            "equity": null,
            "current_ratio": null,
            "debt_ratio": null,
            "inventory_turnover_ratio": null,
            "account_receivable_turnover_ratio": null,
            "reinvestment_rate": null,
            "research_to_sale_ratio": null,
            "price_fair": 0,
            "eps_avg_yearly": 0,
            "eps_latest_yearly": 0,
            "eps_growth_yearly": 0
        },
        "20123": {
            "year_quarter": 20123,
            "year": 2012,
            "quarter": 3,
            "eps": null,
            "eps_growth_year": null,
            "eps_4q": null,
            "eps_4q_growth_year": null,
            "roe": null,
            "roe_4q": 0,
            "gross_profit": null,
            "gross_margin": null,
            "gross_margin_4q_avg": 0,
            "net_income": null,
            "net_income_4q": null,
            "revenue": null,
            "revenue_4q": null,
            "common_shares": null,
            "book_valuer_per_share": null,
            "book_valuer_per_share_4q_avg": 6.67,
            "equity": null,
            "current_ratio": null,
            "debt_ratio": null,
            "inventory_turnover_ratio": null,
            "account_receivable_turnover_ratio": null,
            "reinvestment_rate": null,
            "research_to_sale_ratio": null,
            "price_fair": 0,
            "eps_avg_yearly": 0,
            "eps_latest_yearly": 0,
            "eps_growth_yearly": 0
        },
        "20124": {
            "year_quarter": 20124,
            "year": 2012,
            "quarter": 4,
            "eps": null,
            "eps_growth_year": null,
            "eps_4q": null,
            "eps_4q_growth_year": null,
            "roe": null,
            "roe_4q": 0,
            "gross_profit": null,
            "gross_margin": null,
            "gross_margin_4q_avg": 0,
            "net_income": null,
            "net_income_4q": null,
            "revenue": null,
            "revenue_4q": null,
            "common_shares": 229293,
            "book_valuer_per_share": 23.38,
            "book_valuer_per_share_4q_avg": 5.85,
            "equity": 536138,
            "current_ratio": 54.76,
            "debt_ratio": 76.5,
            "inventory_turnover_ratio": null,
            "account_receivable_turnover_ratio": null,
            "reinvestment_rate": null,
            "research_to_sale_ratio": null,
            "price_fair": 0,
            "eps_avg_yearly": 0,
            "eps_latest_yearly": 0,
            "eps_growth_yearly": 0
        },
        "20131": {
            "year_quarter": 20131,
            "year": 2013,
            "quarter": 1,
            "eps": null,
            "eps_growth_year": null,
            "eps_4q": null,
            "eps_4q_growth_year": null,
            "roe": null,
            "roe_4q": 0,
            "gross_profit": null,
            "gross_margin": null,
            "gross_margin_4q_avg": 0,
            "net_income": null,
            "net_income_4q": null,
            "revenue": null,
            "revenue_4q": null,
            "common_shares": null,
            "book_valuer_per_share": null,
            "book_valuer_per_share_4q_avg": 5.85,
            "equity": null,
            "current_ratio": null,
            "debt_ratio": null,
            "inventory_turnover_ratio": null,
            "account_receivable_turnover_ratio": null,
            "reinvestment_rate": null,
            "research_to_sale_ratio": null,
            "price_fair": 0,
            "eps_avg_yearly": 0,
            "eps_latest_yearly": 0,
            "eps_growth_yearly": 0
        },
        "20132": {
            "year_quarter": 20132,
            "year": 2013,
            "quarter": 2,
            "eps": null,
            "eps_growth_year": null,
            "eps_4q": null,
            "eps_4q_growth_year": null,
            "roe": null,
            "roe_4q": 0,
            "gross_profit": null,
            "gross_margin": null,
            "gross_margin_4q_avg": 0,
            "net_income": null,
            "net_income_4q": null,
            "revenue": null,
            "revenue_4q": null,
            "common_shares": null,
            "book_valuer_per_share": null,
            "book_valuer_per_share_4q_avg": 5.85,
            "equity": null,
            "current_ratio": null,
            "debt_ratio": null,
            "inventory_turnover_ratio": null,
            "account_receivable_turnover_ratio": null,
            "reinvestment_rate": null,
            "research_to_sale_ratio": null,
            "price_fair": 0,
            "eps_avg_yearly": 0,
            "eps_latest_yearly": 0,
            "eps_growth_yearly": 0
        },
        "20133": {
            "year_quarter": 20133,
            "year": 2013,
            "quarter": 3,
            "eps": null,
            "eps_growth_year": null,
            "eps_4q": null,
            "eps_4q_growth_year": null,
            "roe": null,
            "roe_4q": 0,
            "gross_profit": null,
            "gross_margin": null,
            "gross_margin_4q_avg": 0,
            "net_income": null,
            "net_income_4q": null,
            "revenue": null,
            "revenue_4q": null,
            "common_shares": null,
            "book_valuer_per_share": null,
            "book_valuer_per_share_4q_avg": 5.85,
            "equity": null,
            "current_ratio": null,
            "debt_ratio": null,
            "inventory_turnover_ratio": null,
            "account_receivable_turnover_ratio": null,
            "reinvestment_rate": null,
            "research_to_sale_ratio": null,
            "price_fair": 0,
            "eps_avg_yearly": 0,
            "eps_latest_yearly": 0,
            "eps_growth_yearly": 0
        },
        "20134": {
            "year_quarter": 20134,
            "year": 2013,
            "quarter": 4,
            "eps": null,
            "eps_growth_year": null,
            "eps_4q": null,
            "eps_4q_growth_year": null,
            "roe": null,
            "roe_4q": 0,
            "gross_profit": null,
            "gross_margin": null,
            "gross_margin_4q_avg": 0,
            "net_income": null,
            "net_income_4q": null,
            "revenue": null,
            "revenue_4q": null,
            "common_shares": 196992,
            "book_valuer_per_share": 28.39,
            "book_valuer_per_share_4q_avg": 7.1,
            "equity": 559237,
            "current_ratio": 58.48,
            "debt_ratio": 77.44,
            "inventory_turnover_ratio": null,
            "account_receivable_turnover_ratio": null,
            "reinvestment_rate": null,
            "research_to_sale_ratio": null,
            "price_fair": 0,
            "eps_avg_yearly": 0,
            "eps_latest_yearly": 0,
            "eps_growth_yearly": 0
        },
        "20141": {
            "year_quarter": 20141,
            "year": 2014,
            "quarter": 1,
            "eps": null,
            "eps_growth_year": null,
            "eps_4q": null,
            "eps_4q_growth_year": null,
            "roe": null,
            "roe_4q": 0,
            "gross_profit": 259240,
            "gross_margin": null,
            "gross_margin_4q_avg": 0,
            "net_income": 47605,
            "net_income_4q": null,
            "revenue": 361926,
            "revenue_4q": null,
            "common_shares": 229292,
            "book_valuer_per_share": 27.9,
            "book_valuer_per_share_4q_avg": 14.07,
            "equity": 639710,
            "current_ratio": 60.69,
            "debt_ratio": 74.35,
            "inventory_turnover_ratio": null,
            "account_receivable_turnover_ratio": null,
            "reinvestment_rate": null,
            "research_to_sale_ratio": null,
            "price_fair": 0,
            "eps_avg_yearly": 0,
            "eps_latest_yearly": 0,
            "eps_growth_yearly": 0
        },
        "20142": {
            "year_quarter": 20142,
            "year": 2014,
            "quarter": 2,
            "eps": null,
            "eps_growth_year": null,
            "eps_4q": null,
            "eps_4q_growth_year": null,
            "roe": null,
            "roe_4q": 0,
            "gross_profit": 268686,
            "gross_margin": null,
            "gross_margin_4q_avg": 0,
            "net_income": 65558,
            "net_income_4q": null,
            "revenue": 376513,
            "revenue_4q": null,
            "common_shares": 515907,
            "book_valuer_per_share": 11.57,
            "book_valuer_per_share_4q_avg": 16.97,
            "equity": 596791,
            "current_ratio": 61.12,
            "debt_ratio": 76.51,
            "inventory_turnover_ratio": null,
            "account_receivable_turnover_ratio": null,
            "reinvestment_rate": null,
            "research_to_sale_ratio": null,
            "price_fair": 0,
            "eps_avg_yearly": 0,
            "eps_latest_yearly": 0,
            "eps_growth_yearly": 0
        },
        "20143": {
            "year_quarter": 20143,
            "year": 2014,
            "quarter": 3,
            "eps": null,
            "eps_growth_year": null,
            "eps_4q": null,
            "eps_4q_growth_year": null,
            "roe": null,
            "roe_4q": 0,
            "gross_profit": 284370,
            "gross_margin": null,
            "gross_margin_4q_avg": 0,
            "net_income": 82502,
            "net_income_4q": null,
            "revenue": 413011,
            "revenue_4q": null,
            "common_shares": 515907,
            "book_valuer_per_share": 13.47,
            "book_valuer_per_share_4q_avg": 20.33,
            "equity": 694712,
            "current_ratio": 66.13,
            "debt_ratio": 73.12,
            "inventory_turnover_ratio": null,
            "account_receivable_turnover_ratio": null,
            "reinvestment_rate": null,
            "research_to_sale_ratio": null,
            "price_fair": 0,
            "eps_avg_yearly": 0,
            "eps_latest_yearly": 0,
            "eps_growth_yearly": 0
        },
        "20144": {
            "year_quarter": 20144,
            "year": 2014,
            "quarter": 4,
            "eps": null,
            "eps_growth_year": null,
            "eps_4q": null,
            "eps_4q_growth_year": null,
            "roe": null,
            "roe_4q": 0,
            "gross_profit": 288517,
            "gross_margin": null,
            "gross_margin_4q_avg": 0,
            "net_income": 76652,
            "net_income_4q": null,
            "revenue": 413144,
            "revenue_4q": null,
            "common_shares": 515907,
            "book_valuer_per_share": 15.36,
            "book_valuer_per_share_4q_avg": 17.08,
            "equity": 792469,
            "current_ratio": 73.03,
            "debt_ratio": 71.22,
            "inventory_turnover_ratio": null,
            "account_receivable_turnover_ratio": null,
            "reinvestment_rate": null,
            "research_to_sale_ratio": null,
            "price_fair": 0,
            "eps_avg_yearly": 0,
            "eps_latest_yearly": 0,
            "eps_growth_yearly": 0
        },
        "20151": {
            "year_quarter": 20151,
            "year": 2015,
            "quarter": 1,
            "eps": null,
            "eps_growth_year": null,
            "eps_4q": null,
            "eps_4q_growth_year": null,
            "roe": null,
            "roe_4q": 0,
            "gross_profit": 245054,
            "gross_margin": null,
            "gross_margin_4q_avg": 0,
            "net_income": 69853,
            "net_income_4q": null,
            "revenue": 368372,
            "revenue_4q": null,
            "common_shares": 515907,
            "book_valuer_per_share": 16.58,
            "book_valuer_per_share_4q_avg": 14.25,
            "equity": 855254,
            "current_ratio": 77.26,
            "debt_ratio": 69.01,
            "inventory_turnover_ratio": null,
            "account_receivable_turnover_ratio": null,
            "reinvestment_rate": null,
            "research_to_sale_ratio": null,
            "price_fair": 0,
            "eps_avg_yearly": 0,
            "eps_latest_yearly": 0,
            "eps_growth_yearly": 0
        },
        "20152": {
            "year_quarter": 20152,
            "year": 2015,
            "quarter": 2,
            "eps": 1.89,
            "eps_growth_year": null,
            "eps_4q": 1.89,
            "eps_4q_growth_year": null,
            "roe": 11.29,
            "roe_4q": 11.29,
            "gross_profit": 301073,
            "gross_margin": 67.95,
            "gross_margin_4q_avg": 16.99,
            "net_income": 97599,
            "net_income_4q": null,
            "revenue": 443051,
            "revenue_4q": null,
            "common_shares": 515907,
            "book_valuer_per_share": 16.93,
            "book_valuer_per_share_4q_avg": 15.59,
            "equity": 873311,
            "current_ratio": 80.47,
            "debt_ratio": 68.84,
            "inventory_turnover_ratio": 0.61,
            "account_receivable_turnover_ratio": 7.46,
            "reinvestment_rate": null,
            "research_to_sale_ratio": null,
            "price_fair": 0,
            "eps_avg_yearly": 0,
            "eps_latest_yearly": 0,
            "eps_growth_yearly": 0
        },
        "20153": {
            "year_quarter": 20153,
            "year": 2015,
            "quarter": 3,
            "eps": 1.72,
            "eps_growth_year": null,
            "eps_4q": 3.61,
            "eps_4q_growth_year": null,
            "roe": 9.51,
            "roe_4q": 20.799999999999997,
            "gross_profit": 285340,
            "gross_margin": 67.79,
            "gross_margin_4q_avg": 33.94,
            "net_income": 88652,
            "net_income_4q": null,
            "revenue": 420922,
            "revenue_4q": null,
            "common_shares": 515907,
            "book_valuer_per_share": 19.21,
            "book_valuer_per_share_4q_avg": 17.02,
            "equity": 991198,
            "current_ratio": 85.79,
            "debt_ratio": 64.84,
            "inventory_turnover_ratio": 0.59,
            "account_receivable_turnover_ratio": 2.91,
            "reinvestment_rate": null,
            "research_to_sale_ratio": 0.98,
            "price_fair": 20.64,
            "eps_avg_yearly": 6.88,
            "eps_latest_yearly": 6.88,
            "eps_growth_yearly": -35.98
        },
        "20154": {
            "year_quarter": 20154,
            "year": 2015,
            "quarter": 4,
            "eps": 1.47,
            "eps_growth_year": null,
            "eps_4q": 4.65,
            "eps_4q_growth_year": null,
            "roe": 6.79,
            "roe_4q": 27.59,
            "gross_profit": 344925,
            "gross_margin": 68.39,
            "gross_margin_4q_avg": 51.03,
            "net_income": 85804,
            "net_income_4q": null,
            "revenue": 504331,
            "revenue_4q": null,
            "common_shares": 584697,
            "book_valuer_per_share": 26.29,
            "book_valuer_per_share_4q_avg": 19.75,
            "equity": 1537084,
            "current_ratio": 106.69,
            "debt_ratio": 54.22,
            "inventory_turnover_ratio": 0.71,
            "account_receivable_turnover_ratio": 3.03,
            "reinvestment_rate": null,
            "research_to_sale_ratio": 0.97,
            "price_fair": 19.14,
            "eps_avg_yearly": 6.38,
            "eps_latest_yearly": 5.88,
            "eps_growth_yearly": -47.06
        },
        "20161": {
            "year_quarter": 20161,
            "year": 2016,
            "quarter": 1,
            "eps": 1,
            "eps_growth_year": null,
            "eps_4q": 5.65,
            "eps_4q_growth_year": null,
            "roe": 3.72,
            "roe_4q": 31.31,
            "gross_profit": 272728,
            "gross_margin": 71.04,
            "gross_margin_4q_avg": 68.79,
            "net_income": 58241,
            "net_income_4q": null,
            "revenue": 383926,
            "revenue_4q": null,
            "common_shares": 584697,
            "book_valuer_per_share": 27.22,
            "book_valuer_per_share_4q_avg": 22.41,
            "equity": 1591273,
            "current_ratio": 80.21,
            "debt_ratio": 53.05,
            "inventory_turnover_ratio": 0.47,
            "account_receivable_turnover_ratio": 2.41,
            "reinvestment_rate": null,
            "research_to_sale_ratio": 1.11,
            "price_fair": 16.76,
            "eps_avg_yearly": 5.59,
            "eps_latest_yearly": 4,
            "eps_growth_yearly": -74
        },
        "20162": {
            "year_quarter": 20162,
            "year": 2016,
            "quarter": 2,
            "eps": 1.06,
            "eps_growth_year": -43.97,
            "eps_4q": 5.04,
            "eps_4q_growth_year": 166.34,
            "roe": 4.23,
            "roe_4q": 24.25,
            "gross_profit": 299911,
            "gross_margin": 69.09,
            "gross_margin_4q_avg": 69.08,
            "net_income": 61913,
            "net_income_4q": null,
            "revenue": 434074,
            "revenue_4q": null,
            "common_shares": 584697,
            "book_valuer_per_share": 22.9,
            "book_valuer_per_share_4q_avg": 23.91,
            "equity": 1339219,
            "current_ratio": 69.68,
            "debt_ratio": 61.28,
            "inventory_turnover_ratio": 0.49,
            "account_receivable_turnover_ratio": 2.42,
            "reinvestment_rate": null,
            "research_to_sale_ratio": 1.18,
            "price_fair": 15.75,
            "eps_avg_yearly": 5.25,
            "eps_latest_yearly": 4.24,
            "eps_growth_yearly": -49.5
        },
        "20163": {
            "year_quarter": 20163,
            "year": 2016,
            "quarter": 3,
            "eps": 1.17,
            "eps_growth_year": -31.98,
            "eps_4q": 4.48,
            "eps_4q_growth_year": 24.22,
            "roe": 5,
            "roe_4q": 19.740000000000002,
            "gross_profit": 300350,
            "gross_margin": 66.95,
            "gross_margin_4q_avg": 68.87,
            "net_income": 68118,
            "net_income_4q": null,
            "revenue": 448608,
            "revenue_4q": null,
            "common_shares": 611147,
            "book_valuer_per_share": 22.63,
            "book_valuer_per_share_4q_avg": 24.76,
            "equity": 1383207,
            "current_ratio": 56.24,
            "debt_ratio": 60.2,
            "inventory_turnover_ratio": 0.53,
            "account_receivable_turnover_ratio": 2.23,
            "reinvestment_rate": null,
            "research_to_sale_ratio": 1.24,
            "price_fair": 15.41,
            "eps_avg_yearly": 5.14,
            "eps_latest_yearly": 4.68,
            "eps_growth_yearly": -31.3
        },
        "20164": {
            "year_quarter": 20164,
            "year": 2016,
            "quarter": 4,
            "eps": 1.37,
            "eps_growth_year": -6.45,
            "eps_4q": 4.45,
            "eps_4q_growth_year": -4.33,
            "roe": 5.88,
            "roe_4q": 18.83,
            "gross_profit": 382141,
            "gross_margin": 67.24,
            "gross_margin_4q_avg": 68.58,
            "net_income": 83958,
            "net_income_4q": null,
            "revenue": 568321,
            "revenue_4q": null,
            "common_shares": 611547,
            "book_valuer_per_share": 24.06,
            "book_valuer_per_share_4q_avg": 24.2,
            "equity": 1471182,
            "current_ratio": 53.9,
            "debt_ratio": 63.46,
            "inventory_turnover_ratio": 0.68,
            "account_receivable_turnover_ratio": 2.46,
            "reinvestment_rate": null,
            "research_to_sale_ratio": 1.67,
            "price_fair": 15.58,
            "eps_avg_yearly": 5.19,
            "eps_latest_yearly": 5.48,
            "eps_growth_yearly": -14.69
        },
        "20171": {
            "year_quarter": 20171,
            "year": 2017,
            "quarter": 1,
            "eps": 0.91,
            "eps_growth_year": -9,
            "eps_4q": 4.37,
            "eps_4q_growth_year": -22.69,
            "roe": 3.58,
            "roe_4q": 18.69,
            "gross_profit": 366146,
            "gross_margin": 73.23,
            "gross_margin_4q_avg": 69.13,
            "net_income": 53072,
            "net_income_4q": null,
            "revenue": 499972,
            "revenue_4q": null,
            "common_shares": 611547,
            "book_valuer_per_share": 24.41,
            "book_valuer_per_share_4q_avg": 23.5,
            "equity": 1492620,
            "current_ratio": 48.09,
            "debt_ratio": 65.82,
            "inventory_turnover_ratio": 0.46,
            "account_receivable_turnover_ratio": 2.07,
            "reinvestment_rate": null,
            "research_to_sale_ratio": 1.68,
            "price_fair": 14.91,
            "eps_avg_yearly": 4.97,
            "eps_latest_yearly": 3.64,
            "eps_growth_yearly": -31.78
        },
        "20172": {
            "year_quarter": 20172,
            "year": 2017,
            "quarter": 2,
            "eps": 0.68,
            "eps_growth_year": -35.85,
            "eps_4q": 4.01,
            "eps_4q_growth_year": -20.48,
            "roe": 2.81,
            "roe_4q": 17.27,
            "gross_profit": 397217,
            "gross_margin": 70.4,
            "gross_margin_4q_avg": 69.46,
            "net_income": 39882,
            "net_income_4q": null,
            "revenue": 564240,
            "revenue_4q": null,
            "common_shares": 611547,
            "book_valuer_per_share": 21.95,
            "book_valuer_per_share_4q_avg": 23.26,
            "equity": 1342190,
            "current_ratio": 51.32,
            "debt_ratio": 72.12,
            "inventory_turnover_ratio": 0.52,
            "account_receivable_turnover_ratio": 2.73,
            "reinvestment_rate": null,
            "research_to_sale_ratio": 1.47,
            "price_fair": 14.07,
            "eps_avg_yearly": 4.69,
            "eps_latest_yearly": 2.72,
            "eps_growth_yearly": -40.44
        },
        "20173": {
            "year_quarter": 20173,
            "year": 2017,
            "quarter": 3,
            "eps": 0.86,
            "eps_growth_year": -26.5,
            "eps_4q": 3.72,
            "eps_4q_growth_year": -17.06,
            "roe": 3.66,
            "roe_4q": 15.93,
            "gross_profit": 425318,
            "gross_margin": 70.34,
            "gross_margin_4q_avg": 70.3,
            "net_income": 50556,
            "net_income_4q": null,
            "revenue": 604632,
            "revenue_4q": null,
            "common_shares": 611547,
            "book_valuer_per_share": 23.17,
            "book_valuer_per_share_4q_avg": 23.4,
            "equity": 1416905,
            "current_ratio": 46.36,
            "debt_ratio": 70.86,
            "inventory_turnover_ratio": 0.56,
            "account_receivable_turnover_ratio": 3.38,
            "reinvestment_rate": null,
            "research_to_sale_ratio": 1.62,
            "price_fair": 13.65,
            "eps_avg_yearly": 4.55,
            "eps_latest_yearly": 3.44,
            "eps_growth_yearly": -24.18
        },
        "20174": {
            "year_quarter": 20174,
            "year": 2017,
            "quarter": 4,
            "eps": 0.64,
            "eps_growth_year": -53.68,
            "eps_4q": 2.98,
            "eps_4q_growth_year": -33,
            "roe": 2.7,
            "roe_4q": 12.75,
            "gross_profit": 456322,
            "gross_margin": 70.78,
            "gross_margin_4q_avg": 71.19,
            "net_income": 38892,
            "net_income_4q": null,
            "revenue": 644676,
            "revenue_4q": null,
            "common_shares": 611547,
            "book_valuer_per_share": 23.94,
            "book_valuer_per_share_4q_avg": 23.37,
            "equity": 1464149,
            "current_ratio": 47.4,
            "debt_ratio": 71.18,
            "inventory_turnover_ratio": 0.62,
            "account_receivable_turnover_ratio": 3.75,
            "reinvestment_rate": 72.07,
            "research_to_sale_ratio": 1.52,
            "price_fair": 13.06,
            "eps_avg_yearly": 4.35,
            "eps_latest_yearly": 2.56,
            "eps_growth_yearly": -32
        },
        "20181": {
            "year_quarter": 20181,
            "year": 2018,
            "quarter": 1,
            "eps": 1.91,
            "eps_growth_year": 109.89,
            "eps_4q": 3.95,
            "eps_4q_growth_year": -9.58,
            "roe": 7.3,
            "roe_4q": 16.47,
            "gross_profit": 535467,
            "gross_margin": 77.06,
            "gross_margin_4q_avg": 72.15,
            "net_income": 111879,
            "net_income_4q": null,
            "revenue": 694879,
            "revenue_4q": null,
            "common_shares": 610897,
            "book_valuer_per_share": 26.23,
            "book_valuer_per_share_4q_avg": 23.82,
            "equity": 1602331,
            "current_ratio": 46.94,
            "debt_ratio": 68.55,
            "inventory_turnover_ratio": 0.55,
            "account_receivable_turnover_ratio": 4.16,
            "reinvestment_rate": 72,
            "research_to_sale_ratio": 1.07,
            "price_fair": 162.78,
            "eps_avg_yearly": 4.65,
            "eps_latest_yearly": 7.64,
            "eps_growth_yearly": 43.07
        },
        "20182": {
            "year_quarter": 20182,
            "year": 2018,
            "quarter": 2,
            "eps": 2.57,
            "eps_growth_year": 277.94,
            "eps_4q": 5.75,
            "eps_4q_growth_year": 43.58,
            "roe": 9.4,
            "roe_4q": 23.06,
            "gross_profit": 615135,
            "gross_margin": 76.95,
            "gross_margin_4q_avg": 73.78,
            "net_income": 150123,
            "net_income_4q": null,
            "revenue": 799416,
            "revenue_4q": null,
            "common_shares": 610897,
            "book_valuer_per_share": 26.06,
            "book_valuer_per_share_4q_avg": 24.85,
            "equity": 1591875,
            "current_ratio": 47.98,
            "debt_ratio": 68.99,
            "inventory_turnover_ratio": 0.64,
            "account_receivable_turnover_ratio": 4.94,
            "reinvestment_rate": 69.44,
            "research_to_sale_ratio": 0.96,
            "price_fair": 179.2,
            "eps_avg_yearly": 5.12,
            "eps_latest_yearly": 10.28,
            "eps_growth_yearly": 51
        },
        "20183": {
            "year_quarter": 20183,
            "year": 2018,
            "quarter": 3,
            "eps": 2.1,
            "eps_growth_year": 144.19,
            "eps_4q": 6.94,
            "eps_4q_growth_year": 86.45,
            "roe": 7.51,
            "roe_4q": 26.91,
            "gross_profit": 592287,
            "gross_margin": 76.11,
            "gross_margin_4q_avg": 75.23,
            "net_income": 122764,
            "net_income_4q": null,
            "revenue": 778170,
            "revenue_4q": null,
            "common_shares": 610897,
            "book_valuer_per_share": 27.46,
            "book_valuer_per_share_4q_avg": 25.92,
            "equity": 1677412,
            "current_ratio": 48.06,
            "debt_ratio": 67.05,
            "inventory_turnover_ratio": 0.66,
            "account_receivable_turnover_ratio": 5.07,
            "reinvestment_rate": 66.85,
            "research_to_sale_ratio": 0.98,
            "price_fair": 188.03,
            "eps_avg_yearly": 5.37,
            "eps_latest_yearly": 8.4,
            "eps_growth_yearly": 41.45
        },
        "20184": {
            "year_quarter": 20184,
            "year": 2018,
            "quarter": 4,
            "eps": 2.34,
            "eps_growth_year": 268,
            "eps_4q": 8.65,
            "eps_4q_growth_year": 189.94,
            "roe": 8.06,
            "roe_4q": 32.269999999999996,
            "gross_profit": 644337,
            "gross_margin": 77.07,
            "gross_margin_4q_avg": 76.8,
            "net_income": 142759,
            "net_income_4q": null,
            "revenue": 836031,
            "revenue_4q": null,
            "common_shares": 609997,
            "book_valuer_per_share": 30.54,
            "book_valuer_per_share_4q_avg": 27.57,
            "equity": 1863080,
            "current_ratio": 78.4,
            "debt_ratio": 68.94,
            "inventory_turnover_ratio": 0.7,
            "account_receivable_turnover_ratio": 5.31,
            "reinvestment_rate": 66.4,
            "research_to_sale_ratio": 0.8,
            "price_fair": 198,
            "eps_avg_yearly": 5.66,
            "eps_latest_yearly": 9.36,
            "eps_growth_yearly": 41.75
        },
        "20191": {
            "year_quarter": 20191,
            "year": 2019,
            "quarter": 1,
            "eps": 1.17,
            "eps_growth_year": -38.74,
            "eps_4q": 7.94,
            "eps_4q_growth_year": 101.04,
            "roe": 3.57,
            "roe_4q": 28.54,
            "gross_profit": 499325,
            "gross_margin": 75,
            "gross_margin_4q_avg": 76.28,
            "net_income": 68563,
            "net_income_4q": null,
            "revenue": 665747,
            "revenue_4q": null,
            "common_shares": 609997,
            "book_valuer_per_share": 32.36,
            "book_valuer_per_share_4q_avg": 29.11,
            "equity": 1974021,
            "current_ratio": 68.72,
            "debt_ratio": 71.88,
            "inventory_turnover_ratio": 0.62,
            "account_receivable_turnover_ratio": 4.13,
            "reinvestment_rate": 66.65,
            "research_to_sale_ratio": 0.99,
            "price_fair": 195.72,
            "eps_avg_yearly": 5.59,
            "eps_latest_yearly": 4.68,
            "eps_growth_yearly": 25.64
        },
        "20192": {
            "year_quarter": 20192,
            "year": 2019,
            "quarter": 2,
            "eps": 2.61,
            "eps_growth_year": 1.56,
            "eps_4q": 7.98,
            "eps_4q_growth_year": 38.73,
            "roe": 8.02,
            "roe_4q": 27.159999999999997,
            "gross_profit": 683861,
            "gross_margin": 76.34,
            "gross_margin_4q_avg": 76.13,
            "net_income": 152766,
            "net_income_4q": null,
            "revenue": 895823,
            "revenue_4q": null,
            "common_shares": 609997,
            "book_valuer_per_share": 30.13,
            "book_valuer_per_share_4q_avg": 30.12,
            "equity": 1837983,
            "current_ratio": 56.91,
            "debt_ratio": 72.47,
            "inventory_turnover_ratio": 0.78,
            "account_receivable_turnover_ratio": 6.09,
            "reinvestment_rate": 62.77,
            "research_to_sale_ratio": 0.83,
            "price_fair": 206.33,
            "eps_avg_yearly": 5.9,
            "eps_latest_yearly": 10.44,
            "eps_growth_yearly": 54.8
        },
        "20193": {
            "year_quarter": 20193,
            "year": 2019,
            "quarter": 3,
            "eps": 1.51,
            "eps_growth_year": -28.1,
            "eps_4q": 7.43,
            "eps_4q_growth_year": 7.1,
            "roe": 4.77,
            "roe_4q": 24.42,
            "gross_profit": 589673,
            "gross_margin": 75.45,
            "gross_margin_4q_avg": 75.97,
            "net_income": 88349,
            "net_income_4q": null,
            "revenue": 781558,
            "revenue_4q": null,
            "common_shares": 609147,
            "book_valuer_per_share": 30.68,
            "book_valuer_per_share_4q_avg": 30.93,
            "equity": 1868972,
            "current_ratio": 57.91,
            "debt_ratio": 71.65,
            "inventory_turnover_ratio": 0.66,
            "account_receivable_turnover_ratio": 5.24,
            "reinvestment_rate": 61.47,
            "research_to_sale_ratio": 0.99,
            "price_fair": 204.49,
            "eps_avg_yearly": 5.84,
            "eps_latest_yearly": 6.04,
            "eps_growth_yearly": 46.52
        },
        "20194": {
            "year_quarter": 20194,
            "year": 2019,
            "quarter": 4,
            "eps": 2.64,
            "eps_growth_year": 12.79,
            "eps_4q": 7.72,
            "eps_4q_growth_year": -10.69,
            "roe": 8.27,
            "roe_4q": 24.63,
            "gross_profit": 718904,
            "gross_margin": 79.08,
            "gross_margin_4q_avg": 76.47,
            "net_income": 160788,
            "net_income_4q": null,
            "revenue": 909137,
            "revenue_4q": null,
            "common_shares": 609147,
            "book_valuer_per_share": 33.18,
            "book_valuer_per_share_4q_avg": 31.59,
            "equity": 2021307,
            "current_ratio": 58.48,
            "debt_ratio": 68.76,
            "inventory_turnover_ratio": 0.61,
            "account_receivable_turnover_ratio": 5.61,
            "reinvestment_rate": 61.37,
            "research_to_sale_ratio": 0.69,
            "price_fair": 214.73,
            "eps_avg_yearly": 6.14,
            "eps_latest_yearly": 10.56,
            "eps_growth_yearly": 68.86
        },
        "20201": {
            "year_quarter": 20201,
            "year": 2020,
            "quarter": 1,
            "eps": -0.26,
            "eps_growth_year": -122.22,
            "eps_4q": 6.34,
            "eps_4q_growth_year": -20.07,
            "roe": -0.77,
            "roe_4q": 20.29,
            "gross_profit": 400306,
            "gross_margin": 73.45,
            "gross_margin_4q_avg": 76.08,
            "net_income": -15414,
            "net_income_4q": null,
            "revenue": 544970,
            "revenue_4q": null,
            "common_shares": 609147,
            "book_valuer_per_share": 32.69,
            "book_valuer_per_share_4q_avg": 31.67,
            "equity": 1991071,
            "current_ratio": 53.56,
            "debt_ratio": 68.23,
            "inventory_turnover_ratio": 0.44,
            "account_receivable_turnover_ratio": 3.17,
            "reinvestment_rate": 34,
            "research_to_sale_ratio": 1.55,
            "price_fair": 219.71,
            "eps_avg_yearly": 6.28,
            "eps_latest_yearly": 10.56,
            "eps_growth_yearly": 81.98
        },
        "20202": {
            "year_quarter": 20202,
            "year": 2020,
            "quarter": 2,
            "eps": 0.9,
            "eps_growth_year": -65.52,
            "eps_4q": 4.7,
            "eps_4q_growth_year": -41.11,
            "roe": 2.79,
            "roe_4q": 15.059999999999999,
            "gross_profit": 479735,
            "gross_margin": 76.15,
            "gross_margin_4q_avg": 76.03,
            "net_income": 52574,
            "net_income_4q": null,
            "revenue": 630009,
            "revenue_4q": null,
            "common_shares": 609147,
            "book_valuer_per_share": 29.25,
            "book_valuer_per_share_4q_avg": 31.45,
            "equity": 1782014,
            "current_ratio": 40.62,
            "debt_ratio": 71.83,
            "inventory_turnover_ratio": 0.45,
            "account_receivable_turnover_ratio": 4.17,
            "reinvestment_rate": 38.9,
            "research_to_sale_ratio": 1.02,
            "price_fair": 224.8,
            "eps_avg_yearly": 6.42,
            "eps_latest_yearly": 10.56,
            "eps_growth_yearly": 86.12
        },
        "20203": {
            "year_quarter": 20203,
            "year": 2020,
            "quarter": 3,
            "eps": 1.46,
            "eps_growth_year": -3.31,
            "eps_4q": 4.65,
            "eps_4q_growth_year": -37.34,
            "roe": 4.65,
            "roe_4q": 14.94,
            "gross_profit": 551066,
            "gross_margin": 76.21,
            "gross_margin_4q_avg": 76.22,
            "net_income": 85558,
            "net_income_4q": null,
            "revenue": 723052,
            "revenue_4q": null,
            "common_shares": 609147,
            "book_valuer_per_share": 31.2,
            "book_valuer_per_share_4q_avg": 31.58,
            "equity": 1900836,
            "current_ratio": 49.51,
            "debt_ratio": 71.18,
            "inventory_turnover_ratio": 0.5,
            "account_receivable_turnover_ratio": 5.34,
            "reinvestment_rate": 39.3,
            "research_to_sale_ratio": 0.92,
            "price_fair": 227.7,
            "eps_avg_yearly": 6.51,
            "eps_latest_yearly": 5.84,
            "eps_growth_yearly": 100.93
        },
        "20204": {
            "year_quarter": 20204,
            "year": 2020,
            "quarter": 4,
            "eps": 2.22,
            "eps_growth_year": -16.03,
            "eps_4q": 4.23,
            "eps_4q_growth_year": -45.22,
            "roe": 6.8,
            "roe_4q": 13.469999999999999,
            "gross_profit": 641439,
            "gross_margin": 76.97,
            "gross_margin_4q_avg": 75.7,
            "net_income": 135007,
            "net_income_4q": null,
            "revenue": 833398,
            "revenue_4q": null,
            "common_shares": 609147,
            "book_valuer_per_share": 34.02,
            "book_valuer_per_share_4q_avg": 31.79,
            "equity": 2072476,
            "current_ratio": 53.74,
            "debt_ratio": 70.52,
            "inventory_turnover_ratio": 0.56,
            "account_receivable_turnover_ratio": 5.48,
            "reinvestment_rate": 42.35,
            "research_to_sale_ratio": 0.86,
            "price_fair": 236.2,
            "eps_avg_yearly": 6.75,
            "eps_latest_yearly": 8.88,
            "eps_growth_yearly": 110.92
        },
        "20211": {
            "year_quarter": 20211,
            "year": 2021,
            "quarter": 1,
            "eps": 1.22,
            "eps_growth_year": null,
            "eps_4q": 5.66,
            "eps_4q_growth_year": -10.86,
            "roe": 3.39,
            "roe_4q": 17.63,
            "gross_profit": 543328,
            "gross_margin": 74.64,
            "gross_margin_4q_avg": 75.99,
            "net_income": 71392,
            "net_income_4q": null,
            "revenue": 727921,
            "revenue_4q": null,
            "common_shares": 609147,
            "book_valuer_per_share": 35.07,
            "book_valuer_per_share_4q_avg": 32.39,
            "equity": 2136433,
            "current_ratio": 56.17,
            "debt_ratio": 70.28,
            "inventory_turnover_ratio": 0.54,
            "account_receivable_turnover_ratio": 4.07,
            "reinvestment_rate": 45.54,
            "research_to_sale_ratio": 0.95,
            "price_fair": 239.3,
            "eps_avg_yearly": 6.84,
            "eps_latest_yearly": 4.88,
            "eps_growth_yearly": 107.64
        },
        "20212": {
            "year_quarter": 20212,
            "year": 2021,
            "quarter": 2,
            "eps": 1.57,
            "eps_growth_year": 74.44,
            "eps_4q": 6.3,
            "eps_4q_growth_year": 34.05,
            "roe": 4.34,
            "roe_4q": 19.18,
            "gross_profit": 491169,
            "gross_margin": 73.08,
            "gross_margin_4q_avg": 75.23,
            "net_income": 91835,
            "net_income_4q": null,
            "revenue": 672092,
            "revenue_4q": null,
            "common_shares": 609147,
            "book_valuer_per_share": 34.45,
            "book_valuer_per_share_4q_avg": 33.69,
            "equity": 2098386,
            "current_ratio": 56.52,
            "debt_ratio": 71.14,
            "inventory_turnover_ratio": 0.53,
            "account_receivable_turnover_ratio": 3.72,
            "reinvestment_rate": 47.28,
            "research_to_sale_ratio": 0.98,
            "price_fair": 248.2,
            "eps_avg_yearly": 7.09,
            "eps_latest_yearly": 6.28,
            "eps_growth_yearly": 123.06
        },
        "20213": {
            "year_quarter": 20213,
            "year": 2021,
            "quarter": 3,
            "eps": 0.62,
            "eps_growth_year": -57.53,
            "eps_4q": 5.49,
            "eps_4q_growth_year": 17.99,
            "roe": 1.71,
            "roe_4q": 16.24,
            "gross_profit": 449535,
            "gross_margin": 71,
            "gross_margin_4q_avg": 73.92,
            "net_income": 36276,
            "net_income_4q": null,
            "revenue": 633144,
            "revenue_4q": null,
            "common_shares": 609147,
            "book_valuer_per_share": 35.1,
            "book_valuer_per_share_4q_avg": 34.66,
            "equity": 2138056,
            "current_ratio": 58.71,
            "debt_ratio": 71.58,
            "inventory_turnover_ratio": 0.54,
            "account_receivable_turnover_ratio": 3.69,
            "reinvestment_rate": 54.11,
            "research_to_sale_ratio": 1.18,
            "price_fair": 245.8,
            "eps_avg_yearly": 7.02,
            "eps_latest_yearly": 2.48,
            "eps_growth_yearly": 98.21
        },
        "20214": {
            "year_quarter": 20214,
            "year": 2021,
            "quarter": 4,
            "eps": 1.52,
            "eps_growth_year": -31.27,
            "eps_4q": 4.8,
            "eps_4q_growth_year": 13.53,
            "roe": 4.19,
            "roe_4q": 13.63,
            "gross_profit": 580812,
            "gross_margin": 73.88,
            "gross_margin_4q_avg": 73.15,
            "net_income": 92654,
            "net_income_4q": null,
            "revenue": 786183,
            "revenue_4q": null,
            "common_shares": 608237,
            "book_valuer_per_share": 37.5,
            "book_valuer_per_share_4q_avg": 35.53,
            "equity": 2281010,
            "current_ratio": 88.11,
            "debt_ratio": 72.97,
            "inventory_turnover_ratio": 0.63,
            "account_receivable_turnover_ratio": 4.33,
            "reinvestment_rate": 58.51,
            "research_to_sale_ratio": 0.99,
            "price_fair": 254.6,
            "eps_avg_yearly": 7.27,
            "eps_latest_yearly": 6.08,
            "eps_growth_yearly": 146.99
        },
        "20221": {
            "year_quarter": 20221,
            "year": 2022,
            "quarter": 1,
            "eps": 0.16,
            "eps_growth_year": -86.89,
            "eps_4q": 3.78,
            "eps_4q_growth_year": -33.15,
            "roe": 0.41,
            "roe_4q": 10.65,
            "gross_profit": 452398,
            "gross_margin": 70.87,
            "gross_margin_4q_avg": 72.21,
            "net_income": 9195,
            "net_income_4q": null,
            "revenue": 638393,
            "revenue_4q": null,
            "common_shares": 608237,
            "book_valuer_per_share": 35.52,
            "book_valuer_per_share_4q_avg": 35.64,
            "equity": 2160463,
            "current_ratio": 78.19,
            "debt_ratio": 72.92,
            "inventory_turnover_ratio": 0.55,
            "account_receivable_turnover_ratio": 3.34,
            "reinvestment_rate": 71.2,
            "research_to_sale_ratio": 1.21,
            "price_fair": 237.1,
            "eps_avg_yearly": 6.77,
            "eps_latest_yearly": 0.64,
            "eps_growth_yearly": 64.73
        },
        "20222": {
            "year_quarter": 20222,
            "year": 2022,
            "quarter": 2,
            "eps": 0.59,
            "eps_growth_year": -62.42,
            "eps_4q": 2.85,
            "eps_4q_growth_year": -54.8,
            "roe": 1.62,
            "roe_4q": 7.930000000000001,
            "gross_profit": 443904,
            "gross_margin": 69.1,
            "gross_margin_4q_avg": 71.21,
            "net_income": 35100,
            "net_income_4q": null,
            "revenue": 642367,
            "revenue_4q": null,
            "common_shares": 608237,
            "book_valuer_per_share": 35.75,
            "book_valuer_per_share_4q_avg": 35.97,
            "equity": 2174305,
            "current_ratio": 74.13,
            "debt_ratio": 72.4,
            "inventory_turnover_ratio": 0.55,
            "account_receivable_turnover_ratio": 3.25,
            "reinvestment_rate": 93.7,
            "research_to_sale_ratio": 1.4,
            "price_fair": 217.3,
            "eps_avg_yearly": 6.21,
            "eps_latest_yearly": 2.36,
            "eps_growth_yearly": 131.64
        },
        "20223": {
            "year_quarter": 20223,
            "year": 2022,
            "quarter": 3,
            "eps": -0.24,
            "eps_growth_year": -138.71,
            "eps_4q": 2.02,
            "eps_4q_growth_year": -63.3,
            "roe": -0.66,
            "roe_4q": 5.5600000000000005,
            "gross_profit": 443617,
            "gross_margin": 66.61,
            "gross_margin_4q_avg": 70.12,
            "net_income": -14375,
            "net_income_4q": null,
            "revenue": 666016,
            "revenue_4q": null,
            "common_shares": 608237,
            "book_valuer_per_share": 35.8,
            "book_valuer_per_share_4q_avg": 36.14,
            "equity": 2177350,
            "current_ratio": 70.53,
            "debt_ratio": 72.65,
            "inventory_turnover_ratio": 0.6,
            "account_receivable_turnover_ratio": 3.28,
            "reinvestment_rate": 122.95,
            "research_to_sale_ratio": 1.22,
            "price_fair": 211.4,
            "eps_avg_yearly": 6.04,
            "eps_latest_yearly": 2.36,
            "eps_growth_yearly": 147.4
        },
        "20224": {
            "year_quarter": 20224,
            "year": 2022,
            "quarter": 4,
            "eps": -0.26,
            "eps_growth_year": -117.22,
            "eps_4q": 0.23,
            "eps_4q_growth_year": -95.21,
            "roe": -0.74,
            "roe_4q": 0.6300000000000001,
            "gross_profit": 551292,
            "gross_margin": 66.29,
            "gross_margin_4q_avg": 68.22,
            "net_income": -15938,
            "net_income_4q": null,
            "revenue": 831641,
            "revenue_4q": null,
            "common_shares": 607621,
            "book_valuer_per_share": 35.49,
            "book_valuer_per_share_4q_avg": 35.64,
            "equity": 2156564,
            "current_ratio": 50.4,
            "debt_ratio": 73.21,
            "inventory_turnover_ratio": 0.8,
            "account_receivable_turnover_ratio": 4.16,
            "reinvestment_rate": 152.66,
            "research_to_sale_ratio": 1.18,
            "price_fair": 201.72,
            "eps_avg_yearly": 5.76,
            "eps_latest_yearly": 2.36,
            "eps_growth_yearly": 155.87
        },
        "20231": {
            "year_quarter": 20231,
            "year": 2023,
            "quarter": 1,
            "eps": 0.09,
            "eps_growth_year": -43.75,
            "eps_4q": 0.16,
            "eps_4q_growth_year": -95.72,
            "roe": 0.24,
            "roe_4q": 0.45999999999999996,
            "gross_profit": 534729,
            "gross_margin": 68.37,
            "gross_margin_4q_avg": 67.59,
            "net_income": 5070,
            "net_income_4q": null,
            "revenue": 782098,
            "revenue_4q": null,
            "common_shares": 609077,
            "book_valuer_per_share": 34.85,
            "book_valuer_per_share_4q_avg": 35.47,
            "equity": 2122439,
            "current_ratio": 51.87,
            "debt_ratio": 73.72,
            "inventory_turnover_ratio": 0.72,
            "account_receivable_turnover_ratio": 4.19,
            "reinvestment_rate": 159.12,
            "research_to_sale_ratio": 1.47,
            "price_fair": 205.16,
            "eps_avg_yearly": 5.86,
            "eps_latest_yearly": 2.36,
            "eps_growth_yearly": 188.22
        },
        "20232": {
            "year_quarter": 20232,
            "year": 2023,
            "quarter": 2,
            "eps": 0.78,
            "eps_growth_year": 32.2,
            "eps_4q": 0.36,
            "eps_4q_growth_year": -87.53,
            "roe": 2.2,
            "roe_4q": 1.0400000000000005,
            "gross_profit": 572648,
            "gross_margin": 70.28,
            "gross_margin_4q_avg": 67.89,
            "net_income": 47003,
            "net_income_4q": null,
            "revenue": 814855,
            "revenue_4q": null,
            "common_shares": 612945,
            "book_valuer_per_share": 35.06,
            "book_valuer_per_share_4q_avg": 35.3,
            "equity": 2148923,
            "current_ratio": 52.62,
            "debt_ratio": 72.81,
            "inventory_turnover_ratio": 0.67,
            "account_receivable_turnover_ratio": 4.66,
            "reinvestment_rate": 177.51,
            "research_to_sale_ratio": 1.48,
            "price_fair": 181.87,
            "eps_avg_yearly": 5.2,
            "eps_latest_yearly": 3.12,
            "eps_growth_yearly": 422.26
        },
        "20233": {
            "year_quarter": 20233,
            "year": 2023,
            "quarter": 3,
            "eps": -0.69,
            "eps_growth_year": null,
            "eps_4q": -0.09,
            "eps_4q_growth_year": -104.47,
            "roe": -1.94,
            "roe_4q": -0.23999999999999977,
            "gross_profit": 446896,
            "gross_margin": 65.93,
            "gross_margin_4q_avg": 67.72,
            "net_income": -41667,
            "net_income_4q": null,
            "revenue": 677863,
            "revenue_4q": null,
            "common_shares": 614775,
            "book_valuer_per_share": 35.1,
            "book_valuer_per_share_4q_avg": 35.13,
            "equity": 2157662,
            "current_ratio": 53.5,
            "debt_ratio": 72.96,
            "inventory_turnover_ratio": 0.6,
            "account_receivable_turnover_ratio": 4.09,
            "reinvestment_rate": 210.75,
            "research_to_sale_ratio": 2.08,
            "price_fair": 178.92,
            "eps_avg_yearly": 5.11,
            "eps_latest_yearly": 3.12,
            "eps_growth_yearly": 481.34
        }
    },
    "months": {
        "2015-10": {
            "month": "2015-10",
            "price": "131.56",
            "revenue": 161670
        },
        "2015-11": {
            "month": "2015-11",
            "price": "165.83",
            "revenue": 154573
        },
        "2015-12": {
            "month": "2015-12",
            "price": "146.67",
            "revenue": 185097
        },
        "2016-01": {
            "month": "2016-01",
            "price": "125.26",
            "revenue": 146263
        },
        "2016-02": {
            "month": "2016-02",
            "price": "126.23",
            "revenue": 102428
        },
        "2016-03": {
            "month": "2016-03",
            "price": "123.50",
            "revenue": 135263
        },
        "2016-04": {
            "month": "2016-04",
            "price": "110.58",
            "revenue": 142954
        },
        "2016-05": {
            "month": "2016-05",
            "price": "91.94",
            "revenue": 151444
        },
        "2016-06": {
            "month": "2016-06",
            "price": "91.26",
            "revenue": 140190
        },
        "2016-07": {
            "month": "2016-07",
            "price": "90.18",
            "revenue": 136109
        },
        "2016-08": {
            "month": "2016-08",
            "price": "85.25",
            "revenue": 139688
        },
        "2016-09": {
            "month": "2016-09",
            "price": "84.38",
            "revenue": 173664
        },
        "2016-10": {
            "month": "2016-10",
            "price": "93.72",
            "revenue": 174157
        },
        "2016-11": {
            "month": "2016-11",
            "price": "89.00",
            "revenue": 182401
        },
        "2016-12": {
            "month": "2016-12",
            "price": "84.87",
            "revenue": 211826
        },
        "2017-01": {
            "month": "2017-01",
            "price": "84.49",
            "revenue": 139480
        },
        "2017-02": {
            "month": "2017-02",
            "price": "86.44",
            "revenue": 153212
        },
        "2017-03": {
            "month": "2017-03",
            "price": "87.43",
            "revenue": 204731
        },
        "2017-04": {
            "month": "2017-04",
            "price": "83.61",
            "revenue": 187982
        },
        "2017-05": {
            "month": "2017-05",
            "price": "76.66",
            "revenue": 186025
        },
        "2017-06": {
            "month": "2017-06",
            "price": "73.32",
            "revenue": 189840
        },
        "2017-07": {
            "month": "2017-07",
            "price": "69.93",
            "revenue": 183676
        },
        "2017-08": {
            "month": "2017-08",
            "price": "60.06",
            "revenue": 189697
        },
        "2017-09": {
            "month": "2017-09",
            "price": "65.11",
            "revenue": 235171
        },
        "2017-10": {
            "month": "2017-10",
            "price": "62.97",
            "revenue": 208757
        },
        "2017-11": {
            "month": "2017-11",
            "price": "60.14",
            "revenue": 194253
        },
        "2017-12": {
            "month": "2017-12",
            "price": "56.43",
            "revenue": 235705
        },
        "2018-01": {
            "month": "2018-01",
            "price": "58.88",
            "revenue": 196635
        },
        "2018-02": {
            "month": "2018-02",
            "price": "54.38",
            "revenue": 139258
        },
        "2018-03": {
            "month": "2018-03",
            "price": "64.03",
            "revenue": 357269
        },
        "2018-04": {
            "month": "2018-04",
            "price": "85.17",
            "revenue": 280186
        },
        "2018-05": {
            "month": "2018-05",
            "price": "116.20",
            "revenue": 261503
        },
        "2018-06": {
            "month": "2018-06",
            "price": "129.12",
            "revenue": 260028
        },
        "2018-07": {
            "month": "2018-07",
            "price": "127.98",
            "revenue": 235995
        },
        "2018-08": {
            "month": "2018-08",
            "price": "124.63",
            "revenue": 243180
        },
        "2018-09": {
            "month": "2018-09",
            "price": "105.76",
            "revenue": 300050
        },
        "2018-10": {
            "month": "2018-10",
            "price": "91.57",
            "revenue": 268132
        },
        "2018-11": {
            "month": "2018-11",
            "price": "87.41",
            "revenue": 276162
        },
        "2018-12": {
            "month": "2018-12",
            "price": "99.10",
            "revenue": 291086
        },
        "2019-01": {
            "month": "2019-01",
            "price": "118.64",
            "revenue": 241475
        },
        "2019-02": {
            "month": "2019-02",
            "price": "123.96",
            "revenue": 161012
        },
        "2019-03": {
            "month": "2019-03",
            "price": "118.32",
            "revenue": 263562
        },
        "2019-04": {
            "month": "2019-04",
            "price": "109.12",
            "revenue": 315351
        },
        "2019-05": {
            "month": "2019-05",
            "price": "99.70",
            "revenue": 299601
        },
        "2019-06": {
            "month": "2019-06",
            "price": "112.73",
            "revenue": 271274
        },
        "2019-07": {
            "month": "2019-07",
            "price": "111.74",
            "revenue": 260439
        },
        "2019-08": {
            "month": "2019-08",
            "price": "100.25",
            "revenue": 250811
        },
        "2019-09": {
            "month": "2019-09",
            "price": "100.74",
            "revenue": 270202
        },
        "2019-10": {
            "month": "2019-10",
            "price": "98.27",
            "revenue": 270632
        },
        "2019-11": {
            "month": "2019-11",
            "price": "102.98",
            "revenue": 271775
        },
        "2019-12": {
            "month": "2019-12",
            "price": "114.73",
            "revenue": 358239
        },
        "2020-01": {
            "month": "2020-01",
            "price": "118.20",
            "revenue": 216029
        },
        "2020-02": {
            "month": "2020-02",
            "price": "91.53",
            "revenue": 157079
        },
        "2020-03": {
            "month": "2020-03",
            "price": "75.75",
            "revenue": 169176
        },
        "2020-04": {
            "month": "2020-04",
            "price": "76.67",
            "revenue": 187004
        },
        "2020-05": {
            "month": "2020-05",
            "price": "84.44",
            "revenue": 216919
        },
        "2020-06": {
            "month": "2020-06",
            "price": "84.08",
            "revenue": 225262
        },
        "2020-07": {
            "month": "2020-07",
            "price": "79.84",
            "revenue": 226254
        },
        "2020-08": {
            "month": "2020-08",
            "price": "74.82",
            "revenue": 227279
        },
        "2020-09": {
            "month": "2020-09",
            "price": "84.80",
            "revenue": 269073
        },
        "2020-10": {
            "month": "2020-10",
            "price": "85.34",
            "revenue": 250780
        },
        "2020-11": {
            "month": "2020-11",
            "price": "92.59",
            "revenue": 300108
        },
        "2020-12": {
            "month": "2020-12",
            "price": "97.00",
            "revenue": 286912
        },
        "2021-01": {
            "month": "2021-01",
            "price": "87.77",
            "revenue": 265276
        },
        "2021-02": {
            "month": "2021-02",
            "price": "88.00",
            "revenue": 185454
        },
        "2021-03": {
            "month": "2021-03",
            "price": "92.70",
            "revenue": 278574
        },
        "2021-04": {
            "month": "2021-04",
            "price": "97.79",
            "revenue": 241004
        },
        "2021-05": {
            "month": "2021-05",
            "price": "80.10",
            "revenue": 219619
        },
        "2021-06": {
            "month": "2021-06",
            "price": "76.36",
            "revenue": 216093
        },
        "2021-07": {
            "month": "2021-07",
            "price": "77.08",
            "revenue": 154245
        },
        "2021-08": {
            "month": "2021-08",
            "price": "73.21",
            "revenue": 200045
        },
        "2021-09": {
            "month": "2021-09",
            "price": "70.82",
            "revenue": 273463
        },
        "2021-10": {
            "month": "2021-10",
            "price": "73.10",
            "revenue": 231190
        },
        "2021-11": {
            "month": "2021-11",
            "price": "76.62",
            "revenue": 235099
        },
        "2021-12": {
            "month": "2021-12",
            "price": "72.53",
            "revenue": 270270
        },
        "2022-01": {
            "month": "2022-01",
            "price": "70.19",
            "revenue": 237034
        },
        "2022-02": {
            "month": "2022-02",
            "price": "70.98",
            "revenue": 182020
        },
        "2022-03": {
            "month": "2022-03",
            "price": "69.24",
            "revenue": 218170
        },
        "2022-04": {
            "month": "2022-04",
            "price": "69.89",
            "revenue": 210698
        },
        "2022-05": {
            "month": "2022-05",
            "price": "65.33",
            "revenue": 192272
        },
        "2022-06": {
            "month": "2022-06",
            "price": "64.76",
            "revenue": 253805
        },
        "2022-07": {
            "month": "2022-07",
            "price": "67.90",
            "revenue": 200064
        },
        "2022-08": {
            "month": "2022-08",
            "price": "69.50",
            "revenue": 216035
        },
        "2022-09": {
            "month": "2022-09",
            "price": "74.56",
            "revenue": 250909
        },
        "2022-10": {
            "month": "2022-10",
            "price": "71.46",
            "revenue": 310537
        },
        "2022-11": {
            "month": "2022-11",
            "price": "70.66",
            "revenue": 289155
        },
        "2022-12": {
            "month": "2022-12",
            "price": "78.80",
            "revenue": 231331
        },
        "2023-01": {
            "month": "2023-01",
            "price": "74.25",
            "revenue": 237766
        },
        "2023-02": {
            "month": "2023-02",
            "price": "78.46",
            "revenue": 251836
        },
        "2023-03": {
            "month": "2023-03",
            "price": "85.49",
            "revenue": 286042
        },
        "2023-04": {
            "month": "2023-04",
            "price": "96.74",
            "revenue": 274194
        },
        "2023-05": {
            "month": "2023-05",
            "price": "84.92",
            "revenue": 260383
        },
        "2023-06": {
            "month": "2023-06",
            "price": "82.34",
            "revenue": 287031
        },
        "2023-07": {
            "month": "2023-07",
            "price": "79.60",
            "revenue": 225041
        },
        "2023-08": {
            "month": "2023-08",
            "price": "70.97",
            "revenue": 210039
        },
        "2023-09": {
            "month": "2023-09",
            "price": "68.16",
            "revenue": 242168
        },
        "2023-10": {
            "month": "2023-10",
            "price": "65.12",
            "revenue": 231439
        },
        "2023-11": {
            "month": "2023-11",
            "price": "62.99",
            "revenue": 209148
        },
        "2023-12": {
            "month": "2023-12",
            "price": "59.66",
            "revenue": 260965
        }
    }
}
