{
    "summary": {
        "stock_name": "杏國",
        "stock_id": "4192",
        "category": "生技醫療",
        "main_business": "A.食品顧問業 B.藥品檢驗業 C.生物技術服務業  D.西藥批發業<br>E.智慧財產權業  F.除許可業務外，經營法令非禁止或限制之業務",
        "website_url": "http://www.syncorebio.com",
        "ceo": "蘇慕寰",
        "pe_ratio": -35,
        "report_year_from": 2011,
        "report_year_to": 2023,
        "age": 13,
        "eps_negative_percentage": 100,
        "eps_growth_avg": {
            "last_all": null,
            "last_2y": null,
            "last_4y": null,
            "last_8y": null,
            "last_12y": null,
            "last_16y": null,
            "last_20y": null,
            "at_2006_last_3y": null,
            "at_2007_last_3y": null,
            "at_2008_last_3y": null,
            "at_2009_last_3y": null,
            "at_2010_last_3y": null,
            "at_2011_last_3y": null,
            "at_2012_last_3y": null,
            "at_2013_last_3y": null,
            "at_2014_last_3y": null,
            "at_2015_last_3y": null,
            "at_2016_last_3y": null,
            "at_2017_last_3y": null,
            "at_2018_last_3y": null,
            "at_2019_last_3y": null,
            "at_2020_last_3y": null,
            "at_2021_last_3y": null,
            "at_2022_last_3y": null,
            "at_2023_last_3y": null,
            "at_2024_last_3y": null,
            "at_2006_last_all": null,
            "at_2007_last_all": null,
            "at_2008_last_all": null,
            "at_2009_last_all": null,
            "at_2010_last_all": null,
            "at_2011_last_all": null,
            "at_2012_last_all": null,
            "at_2013_last_all": null,
            "at_2014_last_all": null,
            "at_2015_last_all": null,
            "at_2016_last_all": null,
            "at_2017_last_all": null,
            "at_2018_last_all": null,
            "at_2019_last_all": null,
            "at_2020_last_all": null,
            "at_2021_last_all": null,
            "at_2022_last_all": null,
            "at_2023_last_all": null,
            "at_2024_last_all": null
        },
        "latest_eps": -1.09,
        "latest_price": 37.8,
        "latest_roe": -12.59,
        "latest_gross_margin": -121.07,
        "latest_equity": 357136,
        "latest_revenue": 6179,
        "latest_gross_profit": -7481,
        "latest_net_income": 41619,
        "latest_debt_ratio": 5.61,
        "latest_current_ratio": 1462.74,
        "latest_account_receivable_turnover_ratio": 2.48,
        "latest_inventory_turnover_ratio": 1.49,
        "latest_reinvestment_rate": null,
        "latest_research_to_sale_ratio": -836.45
    },
    "eps_dividends": {
        "2001": {
            "cash": 0,
            "stock": 0,
            "eps": 0
        },
        "2002": {
            "cash": 0,
            "stock": 0,
            "eps": 0
        },
        "2003": {
            "cash": 0,
            "stock": 0,
            "eps": 0
        },
        "2004": {
            "cash": 0,
            "stock": 0,
            "eps": 0
        },
        "2005": {
            "cash": 0,
            "stock": 0,
            "eps": 0
        },
        "2006": {
            "cash": 0,
            "stock": 0,
            "eps": 0
        },
        "2007": {
            "cash": 0,
            "stock": 0,
            "eps": 0
        },
        "2008": {
            "cash": 0,
            "stock": 0,
            "eps": 0
        },
        "2009": {
            "cash": 0,
            "stock": 0,
            "eps": 0
        },
        "2010": {
            "cash": 0,
            "stock": 0,
            "eps": 0
        },
        "2011": {
            "cash": 0,
            "stock": 0,
            "eps": 0
        },
        "2012": {
            "cash": 0,
            "stock": 0,
            "eps": 0
        },
        "2013": {
            "cash": 0,
            "stock": 0,
            "eps": 0
        },
        "2014": {
            "cash": 0,
            "stock": 0,
            "eps": -3.59
        },
        "2015": {
            "cash": 0,
            "stock": 0,
            "eps": -3.12
        },
        "2016": {
            "cash": 0,
            "stock": 0,
            "eps": -2.77
        },
        "2017": {
            "cash": 0,
            "stock": 0,
            "eps": -3.69
        },
        "2018": {
            "cash": 0,
            "stock": 0,
            "eps": -3.86
        },
        "2019": {
            "cash": 0,
            "stock": 0,
            "eps": -4.59
        },
        "2020": {
            "cash": 0,
            "stock": 0,
            "eps": -3.87
        },
        "2021": {
            "cash": 0,
            "stock": 0,
            "eps": -4.02
        },
        "2022": {
            "cash": 0,
            "stock": 0,
            "eps": -1.65
        },
        "2023": {
            "cash": 0,
            "stock": 0,
            "eps": -0.85
        }
    },
    "dividends": [],
    "prices": {
        "200101": "無",
        "200102": "無",
        "200103": "無",
        "200104": "無",
        "200105": "無",
        "200106": "無",
        "200107": "無",
        "200108": "無",
        "200109": "無",
        "200110": "無",
        "200111": "無",
        "200112": "無",
        "200201": "無",
        "200202": "無",
        "200203": "無",
        "200204": "無",
        "200205": "無",
        "200206": "無",
        "200207": "無",
        "200208": "無",
        "200209": "無",
        "200210": "無",
        "200211": "無",
        "200212": "無",
        "200301": "無",
        "200302": "無",
        "200303": "無",
        "200304": "無",
        "200305": "無",
        "200306": "無",
        "200307": "無",
        "200308": "無",
        "200309": "無",
        "200310": "無",
        "200311": "無",
        "200312": "無",
        "200401": "無",
        "200402": "無",
        "200403": "無",
        "200404": "無",
        "200405": "無",
        "200406": "無",
        "200407": "無",
        "200408": "無",
        "200409": "無",
        "200410": "無",
        "200411": "無",
        "200412": "無",
        "200501": "無",
        "200502": "無",
        "200503": "無",
        "200504": "無",
        "200505": "無",
        "200506": "無",
        "200507": "無",
        "200508": "無",
        "200509": "無",
        "200510": "無",
        "200511": "無",
        "200512": "無",
        "200601": "無",
        "200602": "無",
        "200603": "無",
        "200604": "無",
        "200605": "無",
        "200606": "無",
        "200607": "無",
        "200608": "無",
        "200609": "無",
        "200610": "無",
        "200611": "無",
        "200612": "無",
        "200701": "無",
        "200702": "無",
        "200703": "無",
        "200704": "無",
        "200705": "無",
        "200706": "無",
        "200707": "無",
        "200708": "無",
        "200709": "無",
        "200710": "無",
        "200711": "無",
        "200712": "無",
        "200801": "無",
        "200802": "無",
        "200803": "無",
        "200804": "無",
        "200805": "無",
        "200806": "無",
        "200807": "無",
        "200808": "無",
        "200809": "無",
        "200810": "無",
        "200811": "無",
        "200812": "無",
        "200901": "無",
        "200902": "無",
        "200903": "無",
        "200904": "無",
        "200905": "無",
        "200906": "無",
        "200907": "無",
        "200908": "無",
        "200909": "無",
        "200910": "無",
        "200911": "無",
        "200912": "無",
        "201001": "無",
        "201002": "無",
        "201003": "無",
        "201004": "無",
        "201005": "無",
        "201006": "無",
        "201007": "無",
        "201008": "無",
        "201009": "無",
        "201010": "無",
        "201011": "無",
        "201012": "無",
        "201101": "無",
        "201102": "無",
        "201103": "無",
        "201104": "無",
        "201105": "無",
        "201106": "無",
        "201107": "無",
        "201108": "無",
        "201109": "無",
        "201110": "無",
        "201111": "無",
        "201112": "無",
        "201201": "無",
        "201202": "無",
        "201203": "無",
        "201204": "無",
        "201205": "無",
        "201206": "無",
        "201207": "無",
        "201208": "無",
        "201209": "無",
        "201210": "無",
        "201211": "無",
        "201212": "無",
        "201301": "無",
        "201302": "無",
        "201303": "無",
        "201304": "無",
        "201305": "無",
        "201306": "無",
        "201307": "無",
        "201308": "112.35",
        "201309": "104.37",
        "201310": "99.46",
        "201311": "105.37",
        "201312": "89.04",
        "201401": "79.53",
        "201402": "86.61",
        "201403": "89.11",
        "201404": "90.79",
        "201405": "107.27",
        "201406": "112.32",
        "201407": "101.10",
        "201408": "89.81",
        "201409": "92.48",
        "201410": "73.45",
        "201411": "63.88",
        "201412": "64.80",
        "201501": "57.60",
        "201502": "54.70",
        "201503": "49.59",
        "201504": "46.76",
        "201505": "41.92",
        "201506": "40.42",
        "201507": "39.32",
        "201508": "30.43",
        "201509": "31.32",
        "201510": "43.53",
        "201511": "47.29",
        "201512": "46.73",
        "201601": "40.40",
        "201602": "40.87",
        "201603": "40.39",
        "201604": "39.17",
        "201605": "36.26",
        "201606": "34.57",
        "201607": "34.15",
        "201608": "32.35",
        "201609": "30.70",
        "201610": "28.80",
        "201611": "29.08",
        "201612": "29.42",
        "201701": "29.35",
        "201702": "29.04",
        "201703": "27.76",
        "201704": "30.91",
        "201705": "30.44",
        "201706": "29.78",
        "201707": "29.73",
        "201708": "29.40",
        "201709": "27.67",
        "201710": "28.63",
        "201711": "28.58",
        "201712": "28.07",
        "201801": "29.10",
        "201802": "30.51",
        "201803": "30.39",
        "201804": "29.49",
        "201805": "28.05",
        "201806": "27.16",
        "201807": "25.94",
        "201808": "24.87",
        "201809": "25.67",
        "201810": "25.81",
        "201811": "24.84",
        "201812": "24.64",
        "201901": "25.77",
        "201902": "28.24",
        "201903": "28.59",
        "201904": "28.23",
        "201905": "27.55",
        "201906": "27.67",
        "201907": "29.81",
        "201908": "30.24",
        "201909": "31.33",
        "201910": "30.02",
        "201911": "30.13",
        "201912": "30.00",
        "202001": "29.28",
        "202002": "28.48",
        "202003": "22.44",
        "202004": "24.42",
        "202005": "32.02",
        "202006": "57.33",
        "202007": "90.60",
        "202008": "80.84",
        "202009": "65.30",
        "202010": "53.36",
        "202011": "48.40",
        "202012": "46.40",
        "202101": "42.50",
        "202102": "46.93",
        "202103": "51.51",
        "202104": "55.45",
        "202105": "51.95",
        "202106": "49.44",
        "202107": "48.79",
        "202108": "83.15",
        "202109": "103.55",
        "202110": "121.03",
        "202111": "41.69",
        "202112": "32.56",
        "202201": "29.93",
        "202202": "33.76",
        "202203": "36.38",
        "202204": "37.05",
        "202205": "32.83",
        "202206": "29.43",
        "202207": "27.56",
        "202208": "28.94",
        "202209": "30.08",
        "202210": "26.46",
        "202211": "24.90",
        "202212": "26.60",
        "202301": "24.93",
        "202302": "25.19",
        "202303": "22.49",
        "202304": "19.49",
        "202305": "18.60",
        "202306": "17.94",
        "202307": "50.91",
        "202308": "48.10",
        "202309": "48.06",
        "202310": "40.59",
        "202311": "35.98",
        "202312": "37.61"
    },
    "quarters": {
        "20011": {
            "year_quarter": 20011,
            "year": 2001,
            "quarter": 1,
            "eps": null,
            "eps_growth_year": null,
            "eps_4q": null,
            "eps_4q_growth_year": null,
            "roe": null,
            "roe_4q": 0,
            "gross_profit": null,
            "gross_margin": null,
            "gross_margin_4q_avg": 0,
            "net_income": null,
            "net_income_4q": null,
            "revenue": null,
            "revenue_4q": null,
            "common_shares": null,
            "book_valuer_per_share": null,
            "book_valuer_per_share_4q_avg": 0,
            "equity": null,
            "current_ratio": null,
            "debt_ratio": null,
            "inventory_turnover_ratio": null,
            "account_receivable_turnover_ratio": null,
            "reinvestment_rate": null,
            "research_to_sale_ratio": null,
            "price_fair": 0,
            "eps_avg_yearly": 0,
            "eps_latest_yearly": 0,
            "eps_growth_yearly": 0
        },
        "20012": {
            "year_quarter": 20012,
            "year": 2001,
            "quarter": 2,
            "eps": null,
            "eps_growth_year": null,
            "eps_4q": null,
            "eps_4q_growth_year": null,
            "roe": null,
            "roe_4q": 0,
            "gross_profit": null,
            "gross_margin": null,
            "gross_margin_4q_avg": 0,
            "net_income": null,
            "net_income_4q": null,
            "revenue": null,
            "revenue_4q": null,
            "common_shares": null,
            "book_valuer_per_share": null,
            "book_valuer_per_share_4q_avg": 0,
            "equity": null,
            "current_ratio": null,
            "debt_ratio": null,
            "inventory_turnover_ratio": null,
            "account_receivable_turnover_ratio": null,
            "reinvestment_rate": null,
            "research_to_sale_ratio": null,
            "price_fair": 0,
            "eps_avg_yearly": 0,
            "eps_latest_yearly": 0,
            "eps_growth_yearly": 0
        },
        "20013": {
            "year_quarter": 20013,
            "year": 2001,
            "quarter": 3,
            "eps": null,
            "eps_growth_year": null,
            "eps_4q": null,
            "eps_4q_growth_year": null,
            "roe": null,
            "roe_4q": 0,
            "gross_profit": null,
            "gross_margin": null,
            "gross_margin_4q_avg": 0,
            "net_income": null,
            "net_income_4q": null,
            "revenue": null,
            "revenue_4q": null,
            "common_shares": null,
            "book_valuer_per_share": null,
            "book_valuer_per_share_4q_avg": 0,
            "equity": null,
            "current_ratio": null,
            "debt_ratio": null,
            "inventory_turnover_ratio": null,
            "account_receivable_turnover_ratio": null,
            "reinvestment_rate": null,
            "research_to_sale_ratio": null,
            "price_fair": 0,
            "eps_avg_yearly": 0,
            "eps_latest_yearly": 0,
            "eps_growth_yearly": 0
        },
        "20014": {
            "year_quarter": 20014,
            "year": 2001,
            "quarter": 4,
            "eps": null,
            "eps_growth_year": null,
            "eps_4q": null,
            "eps_4q_growth_year": null,
            "roe": null,
            "roe_4q": 0,
            "gross_profit": null,
            "gross_margin": null,
            "gross_margin_4q_avg": 0,
            "net_income": null,
            "net_income_4q": null,
            "revenue": null,
            "revenue_4q": null,
            "common_shares": null,
            "book_valuer_per_share": null,
            "book_valuer_per_share_4q_avg": 0,
            "equity": null,
            "current_ratio": null,
            "debt_ratio": null,
            "inventory_turnover_ratio": null,
            "account_receivable_turnover_ratio": null,
            "reinvestment_rate": null,
            "research_to_sale_ratio": null,
            "price_fair": 0,
            "eps_avg_yearly": 0,
            "eps_latest_yearly": 0,
            "eps_growth_yearly": 0
        },
        "20021": {
            "year_quarter": 20021,
            "year": 2002,
            "quarter": 1,
            "eps": null,
            "eps_growth_year": null,
            "eps_4q": null,
            "eps_4q_growth_year": null,
            "roe": null,
            "roe_4q": 0,
            "gross_profit": null,
            "gross_margin": null,
            "gross_margin_4q_avg": 0,
            "net_income": null,
            "net_income_4q": null,
            "revenue": null,
            "revenue_4q": null,
            "common_shares": null,
            "book_valuer_per_share": null,
            "book_valuer_per_share_4q_avg": 0,
            "equity": null,
            "current_ratio": null,
            "debt_ratio": null,
            "inventory_turnover_ratio": null,
            "account_receivable_turnover_ratio": null,
            "reinvestment_rate": null,
            "research_to_sale_ratio": null,
            "price_fair": 0,
            "eps_avg_yearly": 0,
            "eps_latest_yearly": 0,
            "eps_growth_yearly": 0
        },
        "20022": {
            "year_quarter": 20022,
            "year": 2002,
            "quarter": 2,
            "eps": null,
            "eps_growth_year": null,
            "eps_4q": null,
            "eps_4q_growth_year": null,
            "roe": null,
            "roe_4q": 0,
            "gross_profit": null,
            "gross_margin": null,
            "gross_margin_4q_avg": 0,
            "net_income": null,
            "net_income_4q": null,
            "revenue": null,
            "revenue_4q": null,
            "common_shares": null,
            "book_valuer_per_share": null,
            "book_valuer_per_share_4q_avg": 0,
            "equity": null,
            "current_ratio": null,
            "debt_ratio": null,
            "inventory_turnover_ratio": null,
            "account_receivable_turnover_ratio": null,
            "reinvestment_rate": null,
            "research_to_sale_ratio": null,
            "price_fair": 0,
            "eps_avg_yearly": 0,
            "eps_latest_yearly": 0,
            "eps_growth_yearly": 0
        },
        "20023": {
            "year_quarter": 20023,
            "year": 2002,
            "quarter": 3,
            "eps": null,
            "eps_growth_year": null,
            "eps_4q": null,
            "eps_4q_growth_year": null,
            "roe": null,
            "roe_4q": 0,
            "gross_profit": null,
            "gross_margin": null,
            "gross_margin_4q_avg": 0,
            "net_income": null,
            "net_income_4q": null,
            "revenue": null,
            "revenue_4q": null,
            "common_shares": null,
            "book_valuer_per_share": null,
            "book_valuer_per_share_4q_avg": 0,
            "equity": null,
            "current_ratio": null,
            "debt_ratio": null,
            "inventory_turnover_ratio": null,
            "account_receivable_turnover_ratio": null,
            "reinvestment_rate": null,
            "research_to_sale_ratio": null,
            "price_fair": 0,
            "eps_avg_yearly": 0,
            "eps_latest_yearly": 0,
            "eps_growth_yearly": 0
        },
        "20024": {
            "year_quarter": 20024,
            "year": 2002,
            "quarter": 4,
            "eps": null,
            "eps_growth_year": null,
            "eps_4q": null,
            "eps_4q_growth_year": null,
            "roe": null,
            "roe_4q": 0,
            "gross_profit": null,
            "gross_margin": null,
            "gross_margin_4q_avg": 0,
            "net_income": null,
            "net_income_4q": null,
            "revenue": null,
            "revenue_4q": null,
            "common_shares": null,
            "book_valuer_per_share": null,
            "book_valuer_per_share_4q_avg": 0,
            "equity": null,
            "current_ratio": null,
            "debt_ratio": null,
            "inventory_turnover_ratio": null,
            "account_receivable_turnover_ratio": null,
            "reinvestment_rate": null,
            "research_to_sale_ratio": null,
            "price_fair": 0,
            "eps_avg_yearly": 0,
            "eps_latest_yearly": 0,
            "eps_growth_yearly": 0
        },
        "20031": {
            "year_quarter": 20031,
            "year": 2003,
            "quarter": 1,
            "eps": null,
            "eps_growth_year": null,
            "eps_4q": null,
            "eps_4q_growth_year": null,
            "roe": null,
            "roe_4q": 0,
            "gross_profit": null,
            "gross_margin": null,
            "gross_margin_4q_avg": 0,
            "net_income": null,
            "net_income_4q": null,
            "revenue": null,
            "revenue_4q": null,
            "common_shares": null,
            "book_valuer_per_share": null,
            "book_valuer_per_share_4q_avg": 0,
            "equity": null,
            "current_ratio": null,
            "debt_ratio": null,
            "inventory_turnover_ratio": null,
            "account_receivable_turnover_ratio": null,
            "reinvestment_rate": null,
            "research_to_sale_ratio": null,
            "price_fair": 0,
            "eps_avg_yearly": 0,
            "eps_latest_yearly": 0,
            "eps_growth_yearly": 0
        },
        "20032": {
            "year_quarter": 20032,
            "year": 2003,
            "quarter": 2,
            "eps": null,
            "eps_growth_year": null,
            "eps_4q": null,
            "eps_4q_growth_year": null,
            "roe": null,
            "roe_4q": 0,
            "gross_profit": null,
            "gross_margin": null,
            "gross_margin_4q_avg": 0,
            "net_income": null,
            "net_income_4q": null,
            "revenue": null,
            "revenue_4q": null,
            "common_shares": null,
            "book_valuer_per_share": null,
            "book_valuer_per_share_4q_avg": 0,
            "equity": null,
            "current_ratio": null,
            "debt_ratio": null,
            "inventory_turnover_ratio": null,
            "account_receivable_turnover_ratio": null,
            "reinvestment_rate": null,
            "research_to_sale_ratio": null,
            "price_fair": 0,
            "eps_avg_yearly": 0,
            "eps_latest_yearly": 0,
            "eps_growth_yearly": 0
        },
        "20033": {
            "year_quarter": 20033,
            "year": 2003,
            "quarter": 3,
            "eps": null,
            "eps_growth_year": null,
            "eps_4q": null,
            "eps_4q_growth_year": null,
            "roe": null,
            "roe_4q": 0,
            "gross_profit": null,
            "gross_margin": null,
            "gross_margin_4q_avg": 0,
            "net_income": null,
            "net_income_4q": null,
            "revenue": null,
            "revenue_4q": null,
            "common_shares": null,
            "book_valuer_per_share": null,
            "book_valuer_per_share_4q_avg": 0,
            "equity": null,
            "current_ratio": null,
            "debt_ratio": null,
            "inventory_turnover_ratio": null,
            "account_receivable_turnover_ratio": null,
            "reinvestment_rate": null,
            "research_to_sale_ratio": null,
            "price_fair": 0,
            "eps_avg_yearly": 0,
            "eps_latest_yearly": 0,
            "eps_growth_yearly": 0
        },
        "20034": {
            "year_quarter": 20034,
            "year": 2003,
            "quarter": 4,
            "eps": null,
            "eps_growth_year": null,
            "eps_4q": null,
            "eps_4q_growth_year": null,
            "roe": null,
            "roe_4q": 0,
            "gross_profit": null,
            "gross_margin": null,
            "gross_margin_4q_avg": 0,
            "net_income": null,
            "net_income_4q": null,
            "revenue": null,
            "revenue_4q": null,
            "common_shares": null,
            "book_valuer_per_share": null,
            "book_valuer_per_share_4q_avg": 0,
            "equity": null,
            "current_ratio": null,
            "debt_ratio": null,
            "inventory_turnover_ratio": null,
            "account_receivable_turnover_ratio": null,
            "reinvestment_rate": null,
            "research_to_sale_ratio": null,
            "price_fair": 0,
            "eps_avg_yearly": 0,
            "eps_latest_yearly": 0,
            "eps_growth_yearly": 0
        },
        "20041": {
            "year_quarter": 20041,
            "year": 2004,
            "quarter": 1,
            "eps": null,
            "eps_growth_year": null,
            "eps_4q": null,
            "eps_4q_growth_year": null,
            "roe": null,
            "roe_4q": 0,
            "gross_profit": null,
            "gross_margin": null,
            "gross_margin_4q_avg": 0,
            "net_income": null,
            "net_income_4q": null,
            "revenue": null,
            "revenue_4q": null,
            "common_shares": null,
            "book_valuer_per_share": null,
            "book_valuer_per_share_4q_avg": 0,
            "equity": null,
            "current_ratio": null,
            "debt_ratio": null,
            "inventory_turnover_ratio": null,
            "account_receivable_turnover_ratio": null,
            "reinvestment_rate": null,
            "research_to_sale_ratio": null,
            "price_fair": 0,
            "eps_avg_yearly": 0,
            "eps_latest_yearly": 0,
            "eps_growth_yearly": 0
        },
        "20042": {
            "year_quarter": 20042,
            "year": 2004,
            "quarter": 2,
            "eps": null,
            "eps_growth_year": null,
            "eps_4q": null,
            "eps_4q_growth_year": null,
            "roe": null,
            "roe_4q": 0,
            "gross_profit": null,
            "gross_margin": null,
            "gross_margin_4q_avg": 0,
            "net_income": null,
            "net_income_4q": null,
            "revenue": null,
            "revenue_4q": null,
            "common_shares": null,
            "book_valuer_per_share": null,
            "book_valuer_per_share_4q_avg": 0,
            "equity": null,
            "current_ratio": null,
            "debt_ratio": null,
            "inventory_turnover_ratio": null,
            "account_receivable_turnover_ratio": null,
            "reinvestment_rate": null,
            "research_to_sale_ratio": null,
            "price_fair": 0,
            "eps_avg_yearly": 0,
            "eps_latest_yearly": 0,
            "eps_growth_yearly": 0
        },
        "20043": {
            "year_quarter": 20043,
            "year": 2004,
            "quarter": 3,
            "eps": null,
            "eps_growth_year": null,
            "eps_4q": null,
            "eps_4q_growth_year": null,
            "roe": null,
            "roe_4q": 0,
            "gross_profit": null,
            "gross_margin": null,
            "gross_margin_4q_avg": 0,
            "net_income": null,
            "net_income_4q": null,
            "revenue": null,
            "revenue_4q": null,
            "common_shares": null,
            "book_valuer_per_share": null,
            "book_valuer_per_share_4q_avg": 0,
            "equity": null,
            "current_ratio": null,
            "debt_ratio": null,
            "inventory_turnover_ratio": null,
            "account_receivable_turnover_ratio": null,
            "reinvestment_rate": null,
            "research_to_sale_ratio": null,
            "price_fair": 0,
            "eps_avg_yearly": 0,
            "eps_latest_yearly": 0,
            "eps_growth_yearly": 0
        },
        "20044": {
            "year_quarter": 20044,
            "year": 2004,
            "quarter": 4,
            "eps": null,
            "eps_growth_year": null,
            "eps_4q": null,
            "eps_4q_growth_year": null,
            "roe": null,
            "roe_4q": 0,
            "gross_profit": null,
            "gross_margin": null,
            "gross_margin_4q_avg": 0,
            "net_income": null,
            "net_income_4q": null,
            "revenue": null,
            "revenue_4q": null,
            "common_shares": null,
            "book_valuer_per_share": null,
            "book_valuer_per_share_4q_avg": 0,
            "equity": null,
            "current_ratio": null,
            "debt_ratio": null,
            "inventory_turnover_ratio": null,
            "account_receivable_turnover_ratio": null,
            "reinvestment_rate": null,
            "research_to_sale_ratio": null,
            "price_fair": 0,
            "eps_avg_yearly": 0,
            "eps_latest_yearly": 0,
            "eps_growth_yearly": 0
        },
        "20051": {
            "year_quarter": 20051,
            "year": 2005,
            "quarter": 1,
            "eps": null,
            "eps_growth_year": null,
            "eps_4q": null,
            "eps_4q_growth_year": null,
            "roe": null,
            "roe_4q": 0,
            "gross_profit": null,
            "gross_margin": null,
            "gross_margin_4q_avg": 0,
            "net_income": null,
            "net_income_4q": null,
            "revenue": null,
            "revenue_4q": null,
            "common_shares": null,
            "book_valuer_per_share": null,
            "book_valuer_per_share_4q_avg": 0,
            "equity": null,
            "current_ratio": null,
            "debt_ratio": null,
            "inventory_turnover_ratio": null,
            "account_receivable_turnover_ratio": null,
            "reinvestment_rate": null,
            "research_to_sale_ratio": null,
            "price_fair": 0,
            "eps_avg_yearly": 0,
            "eps_latest_yearly": 0,
            "eps_growth_yearly": 0
        },
        "20052": {
            "year_quarter": 20052,
            "year": 2005,
            "quarter": 2,
            "eps": null,
            "eps_growth_year": null,
            "eps_4q": null,
            "eps_4q_growth_year": null,
            "roe": null,
            "roe_4q": 0,
            "gross_profit": null,
            "gross_margin": null,
            "gross_margin_4q_avg": 0,
            "net_income": null,
            "net_income_4q": null,
            "revenue": null,
            "revenue_4q": null,
            "common_shares": null,
            "book_valuer_per_share": null,
            "book_valuer_per_share_4q_avg": 0,
            "equity": null,
            "current_ratio": null,
            "debt_ratio": null,
            "inventory_turnover_ratio": null,
            "account_receivable_turnover_ratio": null,
            "reinvestment_rate": null,
            "research_to_sale_ratio": null,
            "price_fair": 0,
            "eps_avg_yearly": 0,
            "eps_latest_yearly": 0,
            "eps_growth_yearly": 0
        },
        "20053": {
            "year_quarter": 20053,
            "year": 2005,
            "quarter": 3,
            "eps": null,
            "eps_growth_year": null,
            "eps_4q": null,
            "eps_4q_growth_year": null,
            "roe": null,
            "roe_4q": 0,
            "gross_profit": null,
            "gross_margin": null,
            "gross_margin_4q_avg": 0,
            "net_income": null,
            "net_income_4q": null,
            "revenue": null,
            "revenue_4q": null,
            "common_shares": null,
            "book_valuer_per_share": null,
            "book_valuer_per_share_4q_avg": 0,
            "equity": null,
            "current_ratio": null,
            "debt_ratio": null,
            "inventory_turnover_ratio": null,
            "account_receivable_turnover_ratio": null,
            "reinvestment_rate": null,
            "research_to_sale_ratio": null,
            "price_fair": 0,
            "eps_avg_yearly": 0,
            "eps_latest_yearly": 0,
            "eps_growth_yearly": 0
        },
        "20054": {
            "year_quarter": 20054,
            "year": 2005,
            "quarter": 4,
            "eps": null,
            "eps_growth_year": null,
            "eps_4q": null,
            "eps_4q_growth_year": null,
            "roe": null,
            "roe_4q": 0,
            "gross_profit": null,
            "gross_margin": null,
            "gross_margin_4q_avg": 0,
            "net_income": null,
            "net_income_4q": null,
            "revenue": null,
            "revenue_4q": null,
            "common_shares": null,
            "book_valuer_per_share": null,
            "book_valuer_per_share_4q_avg": 0,
            "equity": null,
            "current_ratio": null,
            "debt_ratio": null,
            "inventory_turnover_ratio": null,
            "account_receivable_turnover_ratio": null,
            "reinvestment_rate": null,
            "research_to_sale_ratio": null,
            "price_fair": 0,
            "eps_avg_yearly": 0,
            "eps_latest_yearly": 0,
            "eps_growth_yearly": 0
        },
        "20061": {
            "year_quarter": 20061,
            "year": 2006,
            "quarter": 1,
            "eps": null,
            "eps_growth_year": null,
            "eps_4q": null,
            "eps_4q_growth_year": null,
            "roe": null,
            "roe_4q": 0,
            "gross_profit": null,
            "gross_margin": null,
            "gross_margin_4q_avg": 0,
            "net_income": null,
            "net_income_4q": null,
            "revenue": null,
            "revenue_4q": null,
            "common_shares": null,
            "book_valuer_per_share": null,
            "book_valuer_per_share_4q_avg": 0,
            "equity": null,
            "current_ratio": null,
            "debt_ratio": null,
            "inventory_turnover_ratio": null,
            "account_receivable_turnover_ratio": null,
            "reinvestment_rate": null,
            "research_to_sale_ratio": null,
            "price_fair": 0,
            "eps_avg_yearly": 0,
            "eps_latest_yearly": 0,
            "eps_growth_yearly": 0
        },
        "20062": {
            "year_quarter": 20062,
            "year": 2006,
            "quarter": 2,
            "eps": null,
            "eps_growth_year": null,
            "eps_4q": null,
            "eps_4q_growth_year": null,
            "roe": null,
            "roe_4q": 0,
            "gross_profit": null,
            "gross_margin": null,
            "gross_margin_4q_avg": 0,
            "net_income": null,
            "net_income_4q": null,
            "revenue": null,
            "revenue_4q": null,
            "common_shares": null,
            "book_valuer_per_share": null,
            "book_valuer_per_share_4q_avg": 0,
            "equity": null,
            "current_ratio": null,
            "debt_ratio": null,
            "inventory_turnover_ratio": null,
            "account_receivable_turnover_ratio": null,
            "reinvestment_rate": null,
            "research_to_sale_ratio": null,
            "price_fair": 0,
            "eps_avg_yearly": 0,
            "eps_latest_yearly": 0,
            "eps_growth_yearly": 0
        },
        "20063": {
            "year_quarter": 20063,
            "year": 2006,
            "quarter": 3,
            "eps": null,
            "eps_growth_year": null,
            "eps_4q": null,
            "eps_4q_growth_year": null,
            "roe": null,
            "roe_4q": 0,
            "gross_profit": null,
            "gross_margin": null,
            "gross_margin_4q_avg": 0,
            "net_income": null,
            "net_income_4q": null,
            "revenue": null,
            "revenue_4q": null,
            "common_shares": null,
            "book_valuer_per_share": null,
            "book_valuer_per_share_4q_avg": 0,
            "equity": null,
            "current_ratio": null,
            "debt_ratio": null,
            "inventory_turnover_ratio": null,
            "account_receivable_turnover_ratio": null,
            "reinvestment_rate": null,
            "research_to_sale_ratio": null,
            "price_fair": 0,
            "eps_avg_yearly": 0,
            "eps_latest_yearly": 0,
            "eps_growth_yearly": 0
        },
        "20064": {
            "year_quarter": 20064,
            "year": 2006,
            "quarter": 4,
            "eps": null,
            "eps_growth_year": null,
            "eps_4q": null,
            "eps_4q_growth_year": null,
            "roe": null,
            "roe_4q": 0,
            "gross_profit": null,
            "gross_margin": null,
            "gross_margin_4q_avg": 0,
            "net_income": null,
            "net_income_4q": null,
            "revenue": null,
            "revenue_4q": null,
            "common_shares": null,
            "book_valuer_per_share": null,
            "book_valuer_per_share_4q_avg": 0,
            "equity": null,
            "current_ratio": null,
            "debt_ratio": null,
            "inventory_turnover_ratio": null,
            "account_receivable_turnover_ratio": null,
            "reinvestment_rate": null,
            "research_to_sale_ratio": null,
            "price_fair": 0,
            "eps_avg_yearly": 0,
            "eps_latest_yearly": 0,
            "eps_growth_yearly": 0
        },
        "20071": {
            "year_quarter": 20071,
            "year": 2007,
            "quarter": 1,
            "eps": null,
            "eps_growth_year": null,
            "eps_4q": null,
            "eps_4q_growth_year": null,
            "roe": null,
            "roe_4q": 0,
            "gross_profit": null,
            "gross_margin": null,
            "gross_margin_4q_avg": 0,
            "net_income": null,
            "net_income_4q": null,
            "revenue": null,
            "revenue_4q": null,
            "common_shares": null,
            "book_valuer_per_share": null,
            "book_valuer_per_share_4q_avg": 0,
            "equity": null,
            "current_ratio": null,
            "debt_ratio": null,
            "inventory_turnover_ratio": null,
            "account_receivable_turnover_ratio": null,
            "reinvestment_rate": null,
            "research_to_sale_ratio": null,
            "price_fair": 0,
            "eps_avg_yearly": 0,
            "eps_latest_yearly": 0,
            "eps_growth_yearly": 0
        },
        "20072": {
            "year_quarter": 20072,
            "year": 2007,
            "quarter": 2,
            "eps": null,
            "eps_growth_year": null,
            "eps_4q": null,
            "eps_4q_growth_year": null,
            "roe": null,
            "roe_4q": 0,
            "gross_profit": null,
            "gross_margin": null,
            "gross_margin_4q_avg": 0,
            "net_income": null,
            "net_income_4q": null,
            "revenue": null,
            "revenue_4q": null,
            "common_shares": null,
            "book_valuer_per_share": null,
            "book_valuer_per_share_4q_avg": 0,
            "equity": null,
            "current_ratio": null,
            "debt_ratio": null,
            "inventory_turnover_ratio": null,
            "account_receivable_turnover_ratio": null,
            "reinvestment_rate": null,
            "research_to_sale_ratio": null,
            "price_fair": 0,
            "eps_avg_yearly": 0,
            "eps_latest_yearly": 0,
            "eps_growth_yearly": 0
        },
        "20073": {
            "year_quarter": 20073,
            "year": 2007,
            "quarter": 3,
            "eps": null,
            "eps_growth_year": null,
            "eps_4q": null,
            "eps_4q_growth_year": null,
            "roe": null,
            "roe_4q": 0,
            "gross_profit": null,
            "gross_margin": null,
            "gross_margin_4q_avg": 0,
            "net_income": null,
            "net_income_4q": null,
            "revenue": null,
            "revenue_4q": null,
            "common_shares": null,
            "book_valuer_per_share": null,
            "book_valuer_per_share_4q_avg": 0,
            "equity": null,
            "current_ratio": null,
            "debt_ratio": null,
            "inventory_turnover_ratio": null,
            "account_receivable_turnover_ratio": null,
            "reinvestment_rate": null,
            "research_to_sale_ratio": null,
            "price_fair": 0,
            "eps_avg_yearly": 0,
            "eps_latest_yearly": 0,
            "eps_growth_yearly": 0
        },
        "20074": {
            "year_quarter": 20074,
            "year": 2007,
            "quarter": 4,
            "eps": null,
            "eps_growth_year": null,
            "eps_4q": null,
            "eps_4q_growth_year": null,
            "roe": null,
            "roe_4q": 0,
            "gross_profit": null,
            "gross_margin": null,
            "gross_margin_4q_avg": 0,
            "net_income": null,
            "net_income_4q": null,
            "revenue": null,
            "revenue_4q": null,
            "common_shares": null,
            "book_valuer_per_share": null,
            "book_valuer_per_share_4q_avg": 0,
            "equity": null,
            "current_ratio": null,
            "debt_ratio": null,
            "inventory_turnover_ratio": null,
            "account_receivable_turnover_ratio": null,
            "reinvestment_rate": null,
            "research_to_sale_ratio": null,
            "price_fair": 0,
            "eps_avg_yearly": 0,
            "eps_latest_yearly": 0,
            "eps_growth_yearly": 0
        },
        "20081": {
            "year_quarter": 20081,
            "year": 2008,
            "quarter": 1,
            "eps": null,
            "eps_growth_year": null,
            "eps_4q": null,
            "eps_4q_growth_year": null,
            "roe": null,
            "roe_4q": 0,
            "gross_profit": null,
            "gross_margin": null,
            "gross_margin_4q_avg": 0,
            "net_income": null,
            "net_income_4q": null,
            "revenue": null,
            "revenue_4q": null,
            "common_shares": null,
            "book_valuer_per_share": null,
            "book_valuer_per_share_4q_avg": 0,
            "equity": null,
            "current_ratio": null,
            "debt_ratio": null,
            "inventory_turnover_ratio": null,
            "account_receivable_turnover_ratio": null,
            "reinvestment_rate": null,
            "research_to_sale_ratio": null,
            "price_fair": 0,
            "eps_avg_yearly": 0,
            "eps_latest_yearly": 0,
            "eps_growth_yearly": 0
        },
        "20082": {
            "year_quarter": 20082,
            "year": 2008,
            "quarter": 2,
            "eps": null,
            "eps_growth_year": null,
            "eps_4q": null,
            "eps_4q_growth_year": null,
            "roe": null,
            "roe_4q": 0,
            "gross_profit": null,
            "gross_margin": null,
            "gross_margin_4q_avg": 0,
            "net_income": null,
            "net_income_4q": null,
            "revenue": null,
            "revenue_4q": null,
            "common_shares": null,
            "book_valuer_per_share": null,
            "book_valuer_per_share_4q_avg": 0,
            "equity": null,
            "current_ratio": null,
            "debt_ratio": null,
            "inventory_turnover_ratio": null,
            "account_receivable_turnover_ratio": null,
            "reinvestment_rate": null,
            "research_to_sale_ratio": null,
            "price_fair": 0,
            "eps_avg_yearly": 0,
            "eps_latest_yearly": 0,
            "eps_growth_yearly": 0
        },
        "20083": {
            "year_quarter": 20083,
            "year": 2008,
            "quarter": 3,
            "eps": null,
            "eps_growth_year": null,
            "eps_4q": null,
            "eps_4q_growth_year": null,
            "roe": null,
            "roe_4q": 0,
            "gross_profit": null,
            "gross_margin": null,
            "gross_margin_4q_avg": 0,
            "net_income": null,
            "net_income_4q": null,
            "revenue": null,
            "revenue_4q": null,
            "common_shares": null,
            "book_valuer_per_share": null,
            "book_valuer_per_share_4q_avg": 0,
            "equity": null,
            "current_ratio": null,
            "debt_ratio": null,
            "inventory_turnover_ratio": null,
            "account_receivable_turnover_ratio": null,
            "reinvestment_rate": null,
            "research_to_sale_ratio": null,
            "price_fair": 0,
            "eps_avg_yearly": 0,
            "eps_latest_yearly": 0,
            "eps_growth_yearly": 0
        },
        "20084": {
            "year_quarter": 20084,
            "year": 2008,
            "quarter": 4,
            "eps": null,
            "eps_growth_year": null,
            "eps_4q": null,
            "eps_4q_growth_year": null,
            "roe": null,
            "roe_4q": 0,
            "gross_profit": null,
            "gross_margin": null,
            "gross_margin_4q_avg": 0,
            "net_income": null,
            "net_income_4q": null,
            "revenue": null,
            "revenue_4q": null,
            "common_shares": null,
            "book_valuer_per_share": null,
            "book_valuer_per_share_4q_avg": 0,
            "equity": null,
            "current_ratio": null,
            "debt_ratio": null,
            "inventory_turnover_ratio": null,
            "account_receivable_turnover_ratio": null,
            "reinvestment_rate": null,
            "research_to_sale_ratio": null,
            "price_fair": 0,
            "eps_avg_yearly": 0,
            "eps_latest_yearly": 0,
            "eps_growth_yearly": 0
        },
        "20091": {
            "year_quarter": 20091,
            "year": 2009,
            "quarter": 1,
            "eps": null,
            "eps_growth_year": null,
            "eps_4q": null,
            "eps_4q_growth_year": null,
            "roe": null,
            "roe_4q": 0,
            "gross_profit": null,
            "gross_margin": null,
            "gross_margin_4q_avg": 0,
            "net_income": null,
            "net_income_4q": null,
            "revenue": null,
            "revenue_4q": null,
            "common_shares": null,
            "book_valuer_per_share": null,
            "book_valuer_per_share_4q_avg": 0,
            "equity": null,
            "current_ratio": null,
            "debt_ratio": null,
            "inventory_turnover_ratio": null,
            "account_receivable_turnover_ratio": null,
            "reinvestment_rate": null,
            "research_to_sale_ratio": null,
            "price_fair": 0,
            "eps_avg_yearly": 0,
            "eps_latest_yearly": 0,
            "eps_growth_yearly": 0
        },
        "20092": {
            "year_quarter": 20092,
            "year": 2009,
            "quarter": 2,
            "eps": null,
            "eps_growth_year": null,
            "eps_4q": null,
            "eps_4q_growth_year": null,
            "roe": null,
            "roe_4q": 0,
            "gross_profit": null,
            "gross_margin": null,
            "gross_margin_4q_avg": 0,
            "net_income": null,
            "net_income_4q": null,
            "revenue": null,
            "revenue_4q": null,
            "common_shares": null,
            "book_valuer_per_share": null,
            "book_valuer_per_share_4q_avg": 0,
            "equity": null,
            "current_ratio": null,
            "debt_ratio": null,
            "inventory_turnover_ratio": null,
            "account_receivable_turnover_ratio": null,
            "reinvestment_rate": null,
            "research_to_sale_ratio": null,
            "price_fair": 0,
            "eps_avg_yearly": 0,
            "eps_latest_yearly": 0,
            "eps_growth_yearly": 0
        },
        "20093": {
            "year_quarter": 20093,
            "year": 2009,
            "quarter": 3,
            "eps": null,
            "eps_growth_year": null,
            "eps_4q": null,
            "eps_4q_growth_year": null,
            "roe": null,
            "roe_4q": 0,
            "gross_profit": null,
            "gross_margin": null,
            "gross_margin_4q_avg": 0,
            "net_income": null,
            "net_income_4q": null,
            "revenue": null,
            "revenue_4q": null,
            "common_shares": null,
            "book_valuer_per_share": null,
            "book_valuer_per_share_4q_avg": 0,
            "equity": null,
            "current_ratio": null,
            "debt_ratio": null,
            "inventory_turnover_ratio": null,
            "account_receivable_turnover_ratio": null,
            "reinvestment_rate": null,
            "research_to_sale_ratio": null,
            "price_fair": 0,
            "eps_avg_yearly": 0,
            "eps_latest_yearly": 0,
            "eps_growth_yearly": 0
        },
        "20094": {
            "year_quarter": 20094,
            "year": 2009,
            "quarter": 4,
            "eps": null,
            "eps_growth_year": null,
            "eps_4q": null,
            "eps_4q_growth_year": null,
            "roe": null,
            "roe_4q": 0,
            "gross_profit": null,
            "gross_margin": null,
            "gross_margin_4q_avg": 0,
            "net_income": null,
            "net_income_4q": null,
            "revenue": null,
            "revenue_4q": null,
            "common_shares": null,
            "book_valuer_per_share": null,
            "book_valuer_per_share_4q_avg": 0,
            "equity": null,
            "current_ratio": null,
            "debt_ratio": null,
            "inventory_turnover_ratio": null,
            "account_receivable_turnover_ratio": null,
            "reinvestment_rate": null,
            "research_to_sale_ratio": null,
            "price_fair": 0,
            "eps_avg_yearly": 0,
            "eps_latest_yearly": 0,
            "eps_growth_yearly": 0
        },
        "20101": {
            "year_quarter": 20101,
            "year": 2010,
            "quarter": 1,
            "eps": null,
            "eps_growth_year": null,
            "eps_4q": null,
            "eps_4q_growth_year": null,
            "roe": null,
            "roe_4q": 0,
            "gross_profit": null,
            "gross_margin": null,
            "gross_margin_4q_avg": 0,
            "net_income": null,
            "net_income_4q": null,
            "revenue": null,
            "revenue_4q": null,
            "common_shares": null,
            "book_valuer_per_share": null,
            "book_valuer_per_share_4q_avg": 0,
            "equity": null,
            "current_ratio": null,
            "debt_ratio": null,
            "inventory_turnover_ratio": null,
            "account_receivable_turnover_ratio": null,
            "reinvestment_rate": null,
            "research_to_sale_ratio": null,
            "price_fair": 0,
            "eps_avg_yearly": 0,
            "eps_latest_yearly": 0,
            "eps_growth_yearly": 0
        },
        "20102": {
            "year_quarter": 20102,
            "year": 2010,
            "quarter": 2,
            "eps": null,
            "eps_growth_year": null,
            "eps_4q": null,
            "eps_4q_growth_year": null,
            "roe": null,
            "roe_4q": 0,
            "gross_profit": null,
            "gross_margin": null,
            "gross_margin_4q_avg": 0,
            "net_income": null,
            "net_income_4q": null,
            "revenue": null,
            "revenue_4q": null,
            "common_shares": null,
            "book_valuer_per_share": null,
            "book_valuer_per_share_4q_avg": 0,
            "equity": null,
            "current_ratio": null,
            "debt_ratio": null,
            "inventory_turnover_ratio": null,
            "account_receivable_turnover_ratio": null,
            "reinvestment_rate": null,
            "research_to_sale_ratio": null,
            "price_fair": 0,
            "eps_avg_yearly": 0,
            "eps_latest_yearly": 0,
            "eps_growth_yearly": 0
        },
        "20103": {
            "year_quarter": 20103,
            "year": 2010,
            "quarter": 3,
            "eps": null,
            "eps_growth_year": null,
            "eps_4q": null,
            "eps_4q_growth_year": null,
            "roe": null,
            "roe_4q": 0,
            "gross_profit": null,
            "gross_margin": null,
            "gross_margin_4q_avg": 0,
            "net_income": null,
            "net_income_4q": null,
            "revenue": null,
            "revenue_4q": null,
            "common_shares": null,
            "book_valuer_per_share": null,
            "book_valuer_per_share_4q_avg": 0,
            "equity": null,
            "current_ratio": null,
            "debt_ratio": null,
            "inventory_turnover_ratio": null,
            "account_receivable_turnover_ratio": null,
            "reinvestment_rate": null,
            "research_to_sale_ratio": null,
            "price_fair": 0,
            "eps_avg_yearly": 0,
            "eps_latest_yearly": 0,
            "eps_growth_yearly": 0
        },
        "20104": {
            "year_quarter": 20104,
            "year": 2010,
            "quarter": 4,
            "eps": null,
            "eps_growth_year": null,
            "eps_4q": null,
            "eps_4q_growth_year": null,
            "roe": null,
            "roe_4q": 0,
            "gross_profit": null,
            "gross_margin": null,
            "gross_margin_4q_avg": 0,
            "net_income": null,
            "net_income_4q": null,
            "revenue": null,
            "revenue_4q": null,
            "common_shares": 56000,
            "book_valuer_per_share": 7.3,
            "book_valuer_per_share_4q_avg": 1.83,
            "equity": 40889,
            "current_ratio": 273.19,
            "debt_ratio": 16.27,
            "inventory_turnover_ratio": null,
            "account_receivable_turnover_ratio": null,
            "reinvestment_rate": null,
            "research_to_sale_ratio": null,
            "price_fair": 0,
            "eps_avg_yearly": 0,
            "eps_latest_yearly": 0,
            "eps_growth_yearly": 0
        },
        "20111": {
            "year_quarter": 20111,
            "year": 2011,
            "quarter": 1,
            "eps": null,
            "eps_growth_year": null,
            "eps_4q": null,
            "eps_4q_growth_year": null,
            "roe": null,
            "roe_4q": 0,
            "gross_profit": null,
            "gross_margin": null,
            "gross_margin_4q_avg": 0,
            "net_income": null,
            "net_income_4q": null,
            "revenue": null,
            "revenue_4q": null,
            "common_shares": null,
            "book_valuer_per_share": null,
            "book_valuer_per_share_4q_avg": 1.83,
            "equity": null,
            "current_ratio": null,
            "debt_ratio": null,
            "inventory_turnover_ratio": null,
            "account_receivable_turnover_ratio": null,
            "reinvestment_rate": null,
            "research_to_sale_ratio": null,
            "price_fair": 0,
            "eps_avg_yearly": 0,
            "eps_latest_yearly": 0,
            "eps_growth_yearly": 0
        },
        "20112": {
            "year_quarter": 20112,
            "year": 2011,
            "quarter": 2,
            "eps": null,
            "eps_growth_year": null,
            "eps_4q": null,
            "eps_4q_growth_year": null,
            "roe": null,
            "roe_4q": 0,
            "gross_profit": null,
            "gross_margin": null,
            "gross_margin_4q_avg": 0,
            "net_income": null,
            "net_income_4q": null,
            "revenue": null,
            "revenue_4q": null,
            "common_shares": null,
            "book_valuer_per_share": null,
            "book_valuer_per_share_4q_avg": 1.83,
            "equity": null,
            "current_ratio": null,
            "debt_ratio": null,
            "inventory_turnover_ratio": null,
            "account_receivable_turnover_ratio": null,
            "reinvestment_rate": null,
            "research_to_sale_ratio": null,
            "price_fair": 0,
            "eps_avg_yearly": 0,
            "eps_latest_yearly": 0,
            "eps_growth_yearly": 0
        },
        "20113": {
            "year_quarter": 20113,
            "year": 2011,
            "quarter": 3,
            "eps": null,
            "eps_growth_year": null,
            "eps_4q": null,
            "eps_4q_growth_year": null,
            "roe": null,
            "roe_4q": 0,
            "gross_profit": null,
            "gross_margin": null,
            "gross_margin_4q_avg": 0,
            "net_income": null,
            "net_income_4q": null,
            "revenue": null,
            "revenue_4q": null,
            "common_shares": null,
            "book_valuer_per_share": null,
            "book_valuer_per_share_4q_avg": 1.83,
            "equity": null,
            "current_ratio": null,
            "debt_ratio": null,
            "inventory_turnover_ratio": null,
            "account_receivable_turnover_ratio": null,
            "reinvestment_rate": null,
            "research_to_sale_ratio": null,
            "price_fair": 0,
            "eps_avg_yearly": 0,
            "eps_latest_yearly": 0,
            "eps_growth_yearly": 0
        },
        "20114": {
            "year_quarter": 20114,
            "year": 2011,
            "quarter": 4,
            "eps": null,
            "eps_growth_year": null,
            "eps_4q": null,
            "eps_4q_growth_year": null,
            "roe": null,
            "roe_4q": 0,
            "gross_profit": null,
            "gross_margin": null,
            "gross_margin_4q_avg": 0,
            "net_income": null,
            "net_income_4q": null,
            "revenue": null,
            "revenue_4q": null,
            "common_shares": 166000,
            "book_valuer_per_share": 6.87,
            "book_valuer_per_share_4q_avg": 1.72,
            "equity": 114014,
            "current_ratio": 1086.31,
            "debt_ratio": 5.9,
            "inventory_turnover_ratio": null,
            "account_receivable_turnover_ratio": null,
            "reinvestment_rate": null,
            "research_to_sale_ratio": null,
            "price_fair": 0,
            "eps_avg_yearly": 0,
            "eps_latest_yearly": 0,
            "eps_growth_yearly": 0
        },
        "20121": {
            "year_quarter": 20121,
            "year": 2012,
            "quarter": 1,
            "eps": null,
            "eps_growth_year": null,
            "eps_4q": null,
            "eps_4q_growth_year": null,
            "roe": null,
            "roe_4q": 0,
            "gross_profit": null,
            "gross_margin": null,
            "gross_margin_4q_avg": 0,
            "net_income": null,
            "net_income_4q": null,
            "revenue": null,
            "revenue_4q": null,
            "common_shares": null,
            "book_valuer_per_share": null,
            "book_valuer_per_share_4q_avg": 1.72,
            "equity": null,
            "current_ratio": null,
            "debt_ratio": null,
            "inventory_turnover_ratio": null,
            "account_receivable_turnover_ratio": null,
            "reinvestment_rate": null,
            "research_to_sale_ratio": null,
            "price_fair": 0,
            "eps_avg_yearly": 0,
            "eps_latest_yearly": 0,
            "eps_growth_yearly": 0
        },
        "20122": {
            "year_quarter": 20122,
            "year": 2012,
            "quarter": 2,
            "eps": null,
            "eps_growth_year": null,
            "eps_4q": null,
            "eps_4q_growth_year": null,
            "roe": null,
            "roe_4q": 0,
            "gross_profit": null,
            "gross_margin": null,
            "gross_margin_4q_avg": 0,
            "net_income": null,
            "net_income_4q": null,
            "revenue": null,
            "revenue_4q": null,
            "common_shares": null,
            "book_valuer_per_share": null,
            "book_valuer_per_share_4q_avg": 1.72,
            "equity": null,
            "current_ratio": null,
            "debt_ratio": null,
            "inventory_turnover_ratio": null,
            "account_receivable_turnover_ratio": null,
            "reinvestment_rate": null,
            "research_to_sale_ratio": null,
            "price_fair": 0,
            "eps_avg_yearly": 0,
            "eps_latest_yearly": 0,
            "eps_growth_yearly": 0
        },
        "20123": {
            "year_quarter": 20123,
            "year": 2012,
            "quarter": 3,
            "eps": null,
            "eps_growth_year": null,
            "eps_4q": null,
            "eps_4q_growth_year": null,
            "roe": null,
            "roe_4q": 0,
            "gross_profit": null,
            "gross_margin": null,
            "gross_margin_4q_avg": 0,
            "net_income": null,
            "net_income_4q": null,
            "revenue": null,
            "revenue_4q": null,
            "common_shares": null,
            "book_valuer_per_share": null,
            "book_valuer_per_share_4q_avg": 1.72,
            "equity": null,
            "current_ratio": null,
            "debt_ratio": null,
            "inventory_turnover_ratio": null,
            "account_receivable_turnover_ratio": null,
            "reinvestment_rate": null,
            "research_to_sale_ratio": null,
            "price_fair": 0,
            "eps_avg_yearly": 0,
            "eps_latest_yearly": 0,
            "eps_growth_yearly": 0
        },
        "20124": {
            "year_quarter": 20124,
            "year": 2012,
            "quarter": 4,
            "eps": null,
            "eps_growth_year": null,
            "eps_4q": null,
            "eps_4q_growth_year": null,
            "roe": null,
            "roe_4q": 0,
            "gross_profit": null,
            "gross_margin": null,
            "gross_margin_4q_avg": 0,
            "net_income": null,
            "net_income_4q": null,
            "revenue": null,
            "revenue_4q": null,
            "common_shares": 316000,
            "book_valuer_per_share": 7,
            "book_valuer_per_share_4q_avg": 1.75,
            "equity": 221346,
            "current_ratio": 1305.38,
            "debt_ratio": 6.26,
            "inventory_turnover_ratio": null,
            "account_receivable_turnover_ratio": null,
            "reinvestment_rate": null,
            "research_to_sale_ratio": null,
            "price_fair": 0,
            "eps_avg_yearly": 0,
            "eps_latest_yearly": 0,
            "eps_growth_yearly": 0
        },
        "20131": {
            "year_quarter": 20131,
            "year": 2013,
            "quarter": 1,
            "eps": null,
            "eps_growth_year": null,
            "eps_4q": null,
            "eps_4q_growth_year": null,
            "roe": null,
            "roe_4q": 0,
            "gross_profit": null,
            "gross_margin": null,
            "gross_margin_4q_avg": 0,
            "net_income": null,
            "net_income_4q": null,
            "revenue": null,
            "revenue_4q": null,
            "common_shares": null,
            "book_valuer_per_share": null,
            "book_valuer_per_share_4q_avg": 1.75,
            "equity": null,
            "current_ratio": null,
            "debt_ratio": null,
            "inventory_turnover_ratio": null,
            "account_receivable_turnover_ratio": null,
            "reinvestment_rate": null,
            "research_to_sale_ratio": null,
            "price_fair": 0,
            "eps_avg_yearly": 0,
            "eps_latest_yearly": 0,
            "eps_growth_yearly": 0
        },
        "20132": {
            "year_quarter": 20132,
            "year": 2013,
            "quarter": 2,
            "eps": null,
            "eps_growth_year": null,
            "eps_4q": null,
            "eps_4q_growth_year": null,
            "roe": null,
            "roe_4q": 0,
            "gross_profit": 0,
            "gross_margin": null,
            "gross_margin_4q_avg": 0,
            "net_income": -18428,
            "net_income_4q": null,
            "revenue": 0,
            "revenue_4q": null,
            "common_shares": 515000,
            "book_valuer_per_share": null,
            "book_valuer_per_share_4q_avg": 1.75,
            "equity": 627251,
            "current_ratio": null,
            "debt_ratio": null,
            "inventory_turnover_ratio": null,
            "account_receivable_turnover_ratio": null,
            "reinvestment_rate": null,
            "research_to_sale_ratio": null,
            "price_fair": 0,
            "eps_avg_yearly": 0,
            "eps_latest_yearly": 0,
            "eps_growth_yearly": 0
        },
        "20133": {
            "year_quarter": 20133,
            "year": 2013,
            "quarter": 3,
            "eps": null,
            "eps_growth_year": null,
            "eps_4q": null,
            "eps_4q_growth_year": null,
            "roe": null,
            "roe_4q": 0,
            "gross_profit": 0,
            "gross_margin": null,
            "gross_margin_4q_avg": 0,
            "net_income": -30733,
            "net_income_4q": null,
            "revenue": 0,
            "revenue_4q": null,
            "common_shares": 515000,
            "book_valuer_per_share": null,
            "book_valuer_per_share_4q_avg": 1.75,
            "equity": 594454,
            "current_ratio": null,
            "debt_ratio": null,
            "inventory_turnover_ratio": null,
            "account_receivable_turnover_ratio": null,
            "reinvestment_rate": null,
            "research_to_sale_ratio": null,
            "price_fair": 0,
            "eps_avg_yearly": 0,
            "eps_latest_yearly": 0,
            "eps_growth_yearly": 0
        },
        "20134": {
            "year_quarter": 20134,
            "year": 2013,
            "quarter": 4,
            "eps": null,
            "eps_growth_year": null,
            "eps_4q": null,
            "eps_4q_growth_year": null,
            "roe": null,
            "roe_4q": 0,
            "gross_profit": 452,
            "gross_margin": null,
            "gross_margin_4q_avg": 0,
            "net_income": -42269,
            "net_income_4q": null,
            "revenue": 763,
            "revenue_4q": null,
            "common_shares": 515000,
            "book_valuer_per_share": 10.67,
            "book_valuer_per_share_4q_avg": 2.67,
            "equity": 549363,
            "current_ratio": 1549.29,
            "debt_ratio": 4.87,
            "inventory_turnover_ratio": null,
            "account_receivable_turnover_ratio": null,
            "reinvestment_rate": null,
            "research_to_sale_ratio": null,
            "price_fair": 0,
            "eps_avg_yearly": 0,
            "eps_latest_yearly": 0,
            "eps_growth_yearly": 0
        },
        "20141": {
            "year_quarter": 20141,
            "year": 2014,
            "quarter": 1,
            "eps": null,
            "eps_growth_year": null,
            "eps_4q": null,
            "eps_4q_growth_year": null,
            "roe": null,
            "roe_4q": 0,
            "gross_profit": 621,
            "gross_margin": null,
            "gross_margin_4q_avg": 0,
            "net_income": -39122,
            "net_income_4q": null,
            "revenue": 1044,
            "revenue_4q": null,
            "common_shares": 515000,
            "book_valuer_per_share": 10.88,
            "book_valuer_per_share_4q_avg": 5.39,
            "equity": 560384,
            "current_ratio": 1579.85,
            "debt_ratio": 4.29,
            "inventory_turnover_ratio": null,
            "account_receivable_turnover_ratio": null,
            "reinvestment_rate": null,
            "research_to_sale_ratio": null,
            "price_fair": 0,
            "eps_avg_yearly": 0,
            "eps_latest_yearly": 0,
            "eps_growth_yearly": 0
        },
        "20142": {
            "year_quarter": 20142,
            "year": 2014,
            "quarter": 2,
            "eps": -1.2,
            "eps_growth_year": null,
            "eps_4q": -1.2,
            "eps_4q_growth_year": null,
            "roe": -11.86,
            "roe_4q": -11.86,
            "gross_profit": 724,
            "gross_margin": 59.83,
            "gross_margin_4q_avg": 14.96,
            "net_income": -61887,
            "net_income_4q": null,
            "revenue": 1210,
            "revenue_4q": null,
            "common_shares": 515000,
            "book_valuer_per_share": 9.38,
            "book_valuer_per_share_4q_avg": 7.73,
            "equity": 483248,
            "current_ratio": 1680.5,
            "debt_ratio": 3.92,
            "inventory_turnover_ratio": 0.17,
            "account_receivable_turnover_ratio": 2.69,
            "reinvestment_rate": null,
            "research_to_sale_ratio": 4251.49,
            "price_fair": 0,
            "eps_avg_yearly": 0,
            "eps_latest_yearly": 0,
            "eps_growth_yearly": 0
        },
        "20143": {
            "year_quarter": 20143,
            "year": 2014,
            "quarter": 3,
            "eps": -1.38,
            "eps_growth_year": null,
            "eps_4q": -2.58,
            "eps_4q_growth_year": null,
            "roe": -16.54,
            "roe_4q": -28.4,
            "gross_profit": 772,
            "gross_margin": 59.66,
            "gross_margin_4q_avg": 29.87,
            "net_income": -71084,
            "net_income_4q": null,
            "revenue": 1294,
            "revenue_4q": null,
            "common_shares": 515000,
            "book_valuer_per_share": 7.31,
            "book_valuer_per_share_4q_avg": 9.56,
            "equity": 376495,
            "current_ratio": 1057.87,
            "debt_ratio": 5.37,
            "inventory_turnover_ratio": 0.22,
            "account_receivable_turnover_ratio": 1.3,
            "reinvestment_rate": null,
            "research_to_sale_ratio": 3944.59,
            "price_fair": 0,
            "eps_avg_yearly": 0,
            "eps_latest_yearly": 0,
            "eps_growth_yearly": 0
        },
        "20144": {
            "year_quarter": 20144,
            "year": 2014,
            "quarter": 4,
            "eps": -1.01,
            "eps_growth_year": null,
            "eps_4q": -3.29,
            "eps_4q_growth_year": null,
            "roe": -9.28,
            "roe_4q": -37.68,
            "gross_profit": 909,
            "gross_margin": 59.8,
            "gross_margin_4q_avg": 44.82,
            "net_income": -59106,
            "net_income_4q": null,
            "revenue": 1520,
            "revenue_4q": null,
            "common_shares": 583670,
            "book_valuer_per_share": 15.36,
            "book_valuer_per_share_4q_avg": 10.73,
            "equity": 896731,
            "current_ratio": 549.09,
            "debt_ratio": 13.32,
            "inventory_turnover_ratio": 0.14,
            "account_receivable_turnover_ratio": 1.29,
            "reinvestment_rate": null,
            "research_to_sale_ratio": 4380,
            "price_fair": 0,
            "eps_avg_yearly": 0,
            "eps_latest_yearly": 0,
            "eps_growth_yearly": 0
        },
        "20151": {
            "year_quarter": 20151,
            "year": 2015,
            "quarter": 1,
            "eps": -0.89,
            "eps_growth_year": null,
            "eps_4q": -4.19,
            "eps_4q_growth_year": null,
            "roe": -5.35,
            "roe_4q": -43.03,
            "gross_profit": 785,
            "gross_margin": 59.83,
            "gross_margin_4q_avg": 59.78,
            "net_income": -52209,
            "net_income_4q": null,
            "revenue": 1312,
            "revenue_4q": null,
            "common_shares": 583670,
            "book_valuer_per_share": 18.08,
            "book_valuer_per_share_4q_avg": 12.53,
            "equity": 1055015,
            "current_ratio": 767.03,
            "debt_ratio": 7.49,
            "inventory_turnover_ratio": 0.08,
            "account_receivable_turnover_ratio": 1.04,
            "reinvestment_rate": null,
            "research_to_sale_ratio": 3096.04,
            "price_fair": 0,
            "eps_avg_yearly": 0,
            "eps_latest_yearly": 0,
            "eps_growth_yearly": 0
        },
        "20152": {
            "year_quarter": 20152,
            "year": 2015,
            "quarter": 2,
            "eps": -0.7,
            "eps_growth_year": null,
            "eps_4q": -3.82,
            "eps_4q_growth_year": null,
            "roe": -4.12,
            "roe_4q": -35.29,
            "gross_profit": 10029,
            "gross_margin": 95.03,
            "gross_margin_4q_avg": 68.58,
            "net_income": -40641,
            "net_income_4q": null,
            "revenue": 10554,
            "revenue_4q": null,
            "common_shares": 583670,
            "book_valuer_per_share": 15.76,
            "book_valuer_per_share_4q_avg": 14.13,
            "equity": 919974,
            "current_ratio": 2857.49,
            "debt_ratio": 2.08,
            "inventory_turnover_ratio": 0.09,
            "account_receivable_turnover_ratio": 2.41,
            "reinvestment_rate": null,
            "research_to_sale_ratio": 353.99,
            "price_fair": 0,
            "eps_avg_yearly": 0,
            "eps_latest_yearly": 0,
            "eps_growth_yearly": 0
        },
        "20153": {
            "year_quarter": 20153,
            "year": 2015,
            "quarter": 3,
            "eps": -1.22,
            "eps_growth_year": null,
            "eps_4q": -3.82,
            "eps_4q_growth_year": null,
            "roe": -8.31,
            "roe_4q": -27.060000000000002,
            "gross_profit": 853,
            "gross_margin": 48.11,
            "gross_margin_4q_avg": 65.69,
            "net_income": -71276,
            "net_income_4q": null,
            "revenue": 1773,
            "revenue_4q": null,
            "common_shares": 583670,
            "book_valuer_per_share": 13.63,
            "book_valuer_per_share_4q_avg": 15.71,
            "equity": 795732,
            "current_ratio": 2338.42,
            "debt_ratio": 2.59,
            "inventory_turnover_ratio": 0.17,
            "account_receivable_turnover_ratio": 0.4,
            "reinvestment_rate": null,
            "research_to_sale_ratio": 3330.85,
            "price_fair": 0,
            "eps_avg_yearly": 0,
            "eps_latest_yearly": 0,
            "eps_growth_yearly": 0
        },
        "20154": {
            "year_quarter": 20154,
            "year": 2015,
            "quarter": 4,
            "eps": -0.31,
            "eps_growth_year": null,
            "eps_4q": -3.12,
            "eps_4q_growth_year": null,
            "roe": -2.2,
            "roe_4q": -19.980000000000004,
            "gross_profit": 586,
            "gross_margin": 32.14,
            "gross_margin_4q_avg": 58.78,
            "net_income": -18030,
            "net_income_4q": null,
            "revenue": 1823,
            "revenue_4q": null,
            "common_shares": 583670,
            "book_valuer_per_share": 14.44,
            "book_valuer_per_share_4q_avg": 15.48,
            "equity": 842809,
            "current_ratio": 1042.9,
            "debt_ratio": 17.96,
            "inventory_turnover_ratio": 0.27,
            "account_receivable_turnover_ratio": 1.23,
            "reinvestment_rate": null,
            "research_to_sale_ratio": 1796.87,
            "price_fair": 0,
            "eps_avg_yearly": 0,
            "eps_latest_yearly": 0,
            "eps_growth_yearly": 0
        },
        "20161": {
            "year_quarter": 20161,
            "year": 2016,
            "quarter": 1,
            "eps": -0.84,
            "eps_growth_year": null,
            "eps_4q": -3.06,
            "eps_4q_growth_year": null,
            "roe": -6.1,
            "roe_4q": -20.73,
            "gross_profit": 714,
            "gross_margin": 48.51,
            "gross_margin_4q_avg": 55.95,
            "net_income": -48802,
            "net_income_4q": null,
            "revenue": 1472,
            "revenue_4q": null,
            "common_shares": 583670,
            "book_valuer_per_share": 12.96,
            "book_valuer_per_share_4q_avg": 14.2,
            "equity": 756157,
            "current_ratio": 670.26,
            "debt_ratio": 18.18,
            "inventory_turnover_ratio": 0.18,
            "account_receivable_turnover_ratio": 1,
            "reinvestment_rate": null,
            "research_to_sale_ratio": 2604.62,
            "price_fair": 0,
            "eps_avg_yearly": 0,
            "eps_latest_yearly": 0,
            "eps_growth_yearly": 0
        },
        "20162": {
            "year_quarter": 20162,
            "year": 2016,
            "quarter": 2,
            "eps": -1.07,
            "eps_growth_year": null,
            "eps_4q": -3.44,
            "eps_4q_growth_year": null,
            "roe": -8.75,
            "roe_4q": -25.36,
            "gross_profit": 843,
            "gross_margin": 46.94,
            "gross_margin_4q_avg": 43.93,
            "net_income": -62526,
            "net_income_4q": null,
            "revenue": 1796,
            "revenue_4q": null,
            "common_shares": 583670,
            "book_valuer_per_share": 11.53,
            "book_valuer_per_share_4q_avg": 13.14,
            "equity": 673136,
            "current_ratio": 591.92,
            "debt_ratio": 19.7,
            "inventory_turnover_ratio": 0.23,
            "account_receivable_turnover_ratio": 1.17,
            "reinvestment_rate": null,
            "research_to_sale_ratio": 3355.62,
            "price_fair": 0,
            "eps_avg_yearly": 0,
            "eps_latest_yearly": 0,
            "eps_growth_yearly": 0
        },
        "20163": {
            "year_quarter": 20163,
            "year": 2016,
            "quarter": 3,
            "eps": -0.92,
            "eps_growth_year": null,
            "eps_4q": -2.64,
            "eps_4q_growth_year": null,
            "roe": -6.6,
            "roe_4q": -23.65,
            "gross_profit": 757,
            "gross_margin": 46.56,
            "gross_margin_4q_avg": 43.54,
            "net_income": -55286,
            "net_income_4q": null,
            "revenue": 1626,
            "revenue_4q": null,
            "common_shares": 698670,
            "book_valuer_per_share": 14.33,
            "book_valuer_per_share_4q_avg": 13.32,
            "equity": 1001292,
            "current_ratio": 1312.7,
            "debt_ratio": 13.15,
            "inventory_turnover_ratio": 0.23,
            "account_receivable_turnover_ratio": 0.95,
            "reinvestment_rate": null,
            "research_to_sale_ratio": 2928.66,
            "price_fair": 0,
            "eps_avg_yearly": 0,
            "eps_latest_yearly": 0,
            "eps_growth_yearly": 0
        },
        "20164": {
            "year_quarter": 20164,
            "year": 2016,
            "quarter": 4,
            "eps": 0.06,
            "eps_growth_year": null,
            "eps_4q": -2.32,
            "eps_4q_growth_year": null,
            "roe": 0.44,
            "roe_4q": -21.009999999999998,
            "gross_profit": 937,
            "gross_margin": 46.76,
            "gross_margin_4q_avg": 47.19,
            "net_income": 4375,
            "net_income_4q": null,
            "revenue": 2004,
            "revenue_4q": null,
            "common_shares": 698670,
            "book_valuer_per_share": 13.83,
            "book_valuer_per_share_4q_avg": 13.16,
            "equity": 966357,
            "current_ratio": 1519.87,
            "debt_ratio": 13.32,
            "inventory_turnover_ratio": 0.23,
            "account_receivable_turnover_ratio": 1.06,
            "reinvestment_rate": null,
            "research_to_sale_ratio": 3106.09,
            "price_fair": 0,
            "eps_avg_yearly": 0,
            "eps_latest_yearly": 0,
            "eps_growth_yearly": 0
        },
        "20171": {
            "year_quarter": 20171,
            "year": 2017,
            "quarter": 1,
            "eps": -0.9,
            "eps_growth_year": null,
            "eps_4q": -2.53,
            "eps_4q_growth_year": null,
            "roe": -6.77,
            "roe_4q": -21.68,
            "gross_profit": 846,
            "gross_margin": 46.2,
            "gross_margin_4q_avg": 46.62,
            "net_income": -63039,
            "net_income_4q": null,
            "revenue": 1831,
            "revenue_4q": null,
            "common_shares": 698670,
            "book_valuer_per_share": 12.82,
            "book_valuer_per_share_4q_avg": 13.13,
            "equity": 895861,
            "current_ratio": 1552.18,
            "debt_ratio": 10.47,
            "inventory_turnover_ratio": 0.18,
            "account_receivable_turnover_ratio": 0.91,
            "reinvestment_rate": null,
            "research_to_sale_ratio": 2862.59,
            "price_fair": 0,
            "eps_avg_yearly": 0,
            "eps_latest_yearly": 0,
            "eps_growth_yearly": 0
        },
        "20172": {
            "year_quarter": 20172,
            "year": 2017,
            "quarter": 2,
            "eps": -0.9,
            "eps_growth_year": null,
            "eps_4q": -2.53,
            "eps_4q_growth_year": null,
            "roe": -7.28,
            "roe_4q": -20.21,
            "gross_profit": 1064,
            "gross_margin": 46.69,
            "gross_margin_4q_avg": 46.55,
            "net_income": -63001,
            "net_income_4q": null,
            "revenue": 2279,
            "revenue_4q": null,
            "common_shares": 698670,
            "book_valuer_per_share": 11.96,
            "book_valuer_per_share_4q_avg": 13.24,
            "equity": 835806,
            "current_ratio": 1320.54,
            "debt_ratio": 11.93,
            "inventory_turnover_ratio": 0.25,
            "account_receivable_turnover_ratio": 1.12,
            "reinvestment_rate": null,
            "research_to_sale_ratio": 2494.78,
            "price_fair": 0,
            "eps_avg_yearly": 0,
            "eps_latest_yearly": 0,
            "eps_growth_yearly": 0
        },
        "20173": {
            "year_quarter": 20173,
            "year": 2017,
            "quarter": 3,
            "eps": -0.92,
            "eps_growth_year": null,
            "eps_4q": -2.66,
            "eps_4q_growth_year": null,
            "roe": -7.9,
            "roe_4q": -21.509999999999998,
            "gross_profit": 1070,
            "gross_margin": 52.27,
            "gross_margin_4q_avg": 47.98,
            "net_income": -64284,
            "net_income_4q": null,
            "revenue": 2047,
            "revenue_4q": null,
            "common_shares": 698670,
            "book_valuer_per_share": 11.32,
            "book_valuer_per_share_4q_avg": 12.48,
            "equity": 790820,
            "current_ratio": 1135.6,
            "debt_ratio": 13.05,
            "inventory_turnover_ratio": 0.22,
            "account_receivable_turnover_ratio": 1,
            "reinvestment_rate": null,
            "research_to_sale_ratio": 2772.74,
            "price_fair": 0,
            "eps_avg_yearly": 0,
            "eps_latest_yearly": 0,
            "eps_growth_yearly": 0
        },
        "20174": {
            "year_quarter": 20174,
            "year": 2017,
            "quarter": 4,
            "eps": -0.97,
            "eps_growth_year": -1646.72,
            "eps_4q": -3.69,
            "eps_4q_growth_year": null,
            "roe": -8.95,
            "roe_4q": -30.900000000000002,
            "gross_profit": 1092,
            "gross_margin": 54.96,
            "gross_margin_4q_avg": 50.03,
            "net_income": -67669,
            "net_income_4q": null,
            "revenue": 1987,
            "revenue_4q": null,
            "common_shares": 698670,
            "book_valuer_per_share": 10.31,
            "book_valuer_per_share_4q_avg": 11.6,
            "equity": 720613,
            "current_ratio": 905.76,
            "debt_ratio": 14.81,
            "inventory_turnover_ratio": 0.19,
            "account_receivable_turnover_ratio": 1,
            "reinvestment_rate": null,
            "research_to_sale_ratio": 2934.12,
            "price_fair": 0,
            "eps_avg_yearly": 0,
            "eps_latest_yearly": 0,
            "eps_growth_yearly": 0
        },
        "20181": {
            "year_quarter": 20181,
            "year": 2018,
            "quarter": 1,
            "eps": -0.74,
            "eps_growth_year": null,
            "eps_4q": -3.53,
            "eps_4q_growth_year": null,
            "roe": -7.4,
            "roe_4q": -31.53,
            "gross_profit": 1004,
            "gross_margin": 55.04,
            "gross_margin_4q_avg": 52.24,
            "net_income": -51908,
            "net_income_4q": null,
            "revenue": 1824,
            "revenue_4q": null,
            "common_shares": 698670,
            "book_valuer_per_share": 9.77,
            "book_valuer_per_share_4q_avg": 10.84,
            "equity": 682405,
            "current_ratio": 651.1,
            "debt_ratio": 13.07,
            "inventory_turnover_ratio": 0.17,
            "account_receivable_turnover_ratio": 1.02,
            "reinvestment_rate": null,
            "research_to_sale_ratio": 2215.62,
            "price_fair": 0,
            "eps_avg_yearly": 0,
            "eps_latest_yearly": 0,
            "eps_growth_yearly": 0
        },
        "20182": {
            "year_quarter": 20182,
            "year": 2018,
            "quarter": 2,
            "eps": -0.99,
            "eps_growth_year": null,
            "eps_4q": -3.62,
            "eps_4q_growth_year": null,
            "roe": -10.87,
            "roe_4q": -35.12,
            "gross_profit": 1071,
            "gross_margin": 55.01,
            "gross_margin_4q_avg": 54.32,
            "net_income": -69150,
            "net_income_4q": null,
            "revenue": 1947,
            "revenue_4q": null,
            "common_shares": 698670,
            "book_valuer_per_share": 8.44,
            "book_valuer_per_share_4q_avg": 9.96,
            "equity": 589506,
            "current_ratio": 709.92,
            "debt_ratio": 12.75,
            "inventory_turnover_ratio": 0.19,
            "account_receivable_turnover_ratio": 1.17,
            "reinvestment_rate": null,
            "research_to_sale_ratio": 3112.74,
            "price_fair": 0,
            "eps_avg_yearly": 0,
            "eps_latest_yearly": 0,
            "eps_growth_yearly": 0
        },
        "20183": {
            "year_quarter": 20183,
            "year": 2018,
            "quarter": 3,
            "eps": -1.02,
            "eps_growth_year": null,
            "eps_4q": -3.23,
            "eps_4q_growth_year": null,
            "roe": -11.33,
            "roe_4q": -38.55,
            "gross_profit": 939,
            "gross_margin": 46.79,
            "gross_margin_4q_avg": 52.95,
            "net_income": -80816,
            "net_income_4q": null,
            "revenue": 2007,
            "revenue_4q": null,
            "common_shares": 833670,
            "book_valuer_per_share": 10.04,
            "book_valuer_per_share_4q_avg": 9.64,
            "equity": 836891,
            "current_ratio": 1192.39,
            "debt_ratio": 9.39,
            "inventory_turnover_ratio": 0.23,
            "account_receivable_turnover_ratio": 1.13,
            "reinvestment_rate": null,
            "research_to_sale_ratio": 3457.45,
            "price_fair": 0,
            "eps_avg_yearly": 0,
            "eps_latest_yearly": 0,
            "eps_growth_yearly": 0
        },
        "20184": {
            "year_quarter": 20184,
            "year": 2018,
            "quarter": 4,
            "eps": -1.11,
            "eps_growth_year": null,
            "eps_4q": -3.53,
            "eps_4q_growth_year": null,
            "roe": -11.95,
            "roe_4q": -41.55,
            "gross_profit": 1054,
            "gross_margin": 54.67,
            "gross_margin_4q_avg": 52.88,
            "net_income": -92253,
            "net_income_4q": null,
            "revenue": 1928,
            "revenue_4q": null,
            "common_shares": 833670,
            "book_valuer_per_share": 8.48,
            "book_valuer_per_share_4q_avg": 9.18,
            "equity": 706695,
            "current_ratio": 860.84,
            "debt_ratio": 12.19,
            "inventory_turnover_ratio": 0.22,
            "account_receivable_turnover_ratio": 1.16,
            "reinvestment_rate": null,
            "research_to_sale_ratio": 4520.9,
            "price_fair": 0,
            "eps_avg_yearly": 0,
            "eps_latest_yearly": 0,
            "eps_growth_yearly": 0
        },
        "20191": {
            "year_quarter": 20191,
            "year": 2019,
            "quarter": 1,
            "eps": -0.76,
            "eps_growth_year": null,
            "eps_4q": -3.67,
            "eps_4q_growth_year": null,
            "roe": -9.36,
            "roe_4q": -43.51,
            "gross_profit": 5526,
            "gross_margin": 85.38,
            "gross_margin_4q_avg": 60.46,
            "net_income": -63529,
            "net_income_4q": null,
            "revenue": 6472,
            "revenue_4q": null,
            "common_shares": 833670,
            "book_valuer_per_share": 7.8,
            "book_valuer_per_share_4q_avg": 8.69,
            "equity": 650216,
            "current_ratio": 503.75,
            "debt_ratio": 15.84,
            "inventory_turnover_ratio": 0.21,
            "account_receivable_turnover_ratio": 4.39,
            "reinvestment_rate": null,
            "research_to_sale_ratio": 901.7,
            "price_fair": 0,
            "eps_avg_yearly": 0,
            "eps_latest_yearly": 0,
            "eps_growth_yearly": 0
        },
        "20192": {
            "year_quarter": 20192,
            "year": 2019,
            "quarter": 2,
            "eps": -1.46,
            "eps_growth_year": null,
            "eps_4q": -4.3,
            "eps_4q_growth_year": null,
            "roe": -20.84,
            "roe_4q": -53.48,
            "gross_profit": 1049,
            "gross_margin": 45.02,
            "gross_margin_4q_avg": 57.97,
            "net_income": -122053,
            "net_income_4q": null,
            "revenue": 2330,
            "revenue_4q": null,
            "common_shares": 833670,
            "book_valuer_per_share": 6.25,
            "book_valuer_per_share_4q_avg": 8.14,
            "equity": 521341,
            "current_ratio": 205.23,
            "debt_ratio": 34.62,
            "inventory_turnover_ratio": 0.27,
            "account_receivable_turnover_ratio": 1.44,
            "reinvestment_rate": null,
            "research_to_sale_ratio": 4881.93,
            "price_fair": 0,
            "eps_avg_yearly": 0,
            "eps_latest_yearly": 0,
            "eps_growth_yearly": 0
        },
        "20193": {
            "year_quarter": 20193,
            "year": 2019,
            "quarter": 3,
            "eps": -1.22,
            "eps_growth_year": null,
            "eps_4q": -3.99,
            "eps_4q_growth_year": null,
            "roe": -17.55,
            "roe_4q": -59.7,
            "gross_profit": 840,
            "gross_margin": 41.2,
            "gross_margin_4q_avg": 56.57,
            "net_income": -110785,
            "net_income_4q": null,
            "revenue": 2039,
            "revenue_4q": null,
            "common_shares": 973670,
            "book_valuer_per_share": 7.61,
            "book_valuer_per_share_4q_avg": 7.54,
            "equity": 741228,
            "current_ratio": 426.38,
            "debt_ratio": 19.31,
            "inventory_turnover_ratio": 0.33,
            "account_receivable_turnover_ratio": 1.22,
            "reinvestment_rate": null,
            "research_to_sale_ratio": 5019.08,
            "price_fair": 0,
            "eps_avg_yearly": 0,
            "eps_latest_yearly": 0,
            "eps_growth_yearly": 0
        },
        "20194": {
            "year_quarter": 20194,
            "year": 2019,
            "quarter": 4,
            "eps": -1.15,
            "eps_growth_year": null,
            "eps_4q": -4.2,
            "eps_4q_growth_year": null,
            "roe": -16.59,
            "roe_4q": -64.34,
            "gross_profit": 850,
            "gross_margin": 39.98,
            "gross_margin_4q_avg": 52.9,
            "net_income": -112270,
            "net_income_4q": null,
            "revenue": 2126,
            "revenue_4q": null,
            "common_shares": 973670,
            "book_valuer_per_share": 6.29,
            "book_valuer_per_share_4q_avg": 6.99,
            "equity": 612031,
            "current_ratio": 404.09,
            "debt_ratio": 19.88,
            "inventory_turnover_ratio": 0.42,
            "account_receivable_turnover_ratio": 1.5,
            "reinvestment_rate": null,
            "research_to_sale_ratio": 4968.81,
            "price_fair": 0,
            "eps_avg_yearly": 0,
            "eps_latest_yearly": 0,
            "eps_growth_yearly": 0
        },
        "20201": {
            "year_quarter": 20201,
            "year": 2020,
            "quarter": 1,
            "eps": -0.87,
            "eps_growth_year": null,
            "eps_4q": -4.41,
            "eps_4q_growth_year": null,
            "roe": -14.82,
            "roe_4q": -69.8,
            "gross_profit": 870,
            "gross_margin": 41.79,
            "gross_margin_4q_avg": 42,
            "net_income": -84532,
            "net_income_4q": null,
            "revenue": 2082,
            "revenue_4q": null,
            "common_shares": 973670,
            "book_valuer_per_share": 5.43,
            "book_valuer_per_share_4q_avg": 6.4,
            "equity": 528940,
            "current_ratio": 203.74,
            "debt_ratio": 42.63,
            "inventory_turnover_ratio": 0.52,
            "account_receivable_turnover_ratio": 1.4,
            "reinvestment_rate": null,
            "research_to_sale_ratio": 3655.91,
            "price_fair": 0,
            "eps_avg_yearly": 0,
            "eps_latest_yearly": 0,
            "eps_growth_yearly": 0
        },
        "20202": {
            "year_quarter": 20202,
            "year": 2020,
            "quarter": 2,
            "eps": -1.08,
            "eps_growth_year": null,
            "eps_4q": -3.92,
            "eps_4q_growth_year": null,
            "roe": -16.84,
            "roe_4q": -65.8,
            "gross_profit": 705,
            "gross_margin": 42.52,
            "gross_margin_4q_avg": 41.37,
            "net_income": -109738,
            "net_income_4q": null,
            "revenue": 1658,
            "revenue_4q": null,
            "common_shares": 1065770,
            "book_valuer_per_share": 7.26,
            "book_valuer_per_share_4q_avg": 6.65,
            "equity": 774016,
            "current_ratio": 268.96,
            "debt_ratio": 31.52,
            "inventory_turnover_ratio": 0.1,
            "account_receivable_turnover_ratio": 1.07,
            "reinvestment_rate": null,
            "research_to_sale_ratio": 6095.42,
            "price_fair": 0,
            "eps_avg_yearly": 0,
            "eps_latest_yearly": 0,
            "eps_growth_yearly": 0
        },
        "20203": {
            "year_quarter": 20203,
            "year": 2020,
            "quarter": 3,
            "eps": -0.96,
            "eps_growth_year": null,
            "eps_4q": -3.83,
            "eps_4q_growth_year": null,
            "roe": -14.16,
            "roe_4q": -62.41,
            "gross_profit": 1570,
            "gross_margin": 39.93,
            "gross_margin_4q_avg": 41.06,
            "net_income": -101990,
            "net_income_4q": null,
            "revenue": 3932,
            "revenue_4q": null,
            "common_shares": 1065770,
            "book_valuer_per_share": 6.25,
            "book_valuer_per_share_4q_avg": 6.31,
            "equity": 666369,
            "current_ratio": 247.8,
            "debt_ratio": 33.81,
            "inventory_turnover_ratio": 0.13,
            "account_receivable_turnover_ratio": 2.98,
            "reinvestment_rate": null,
            "research_to_sale_ratio": 2334.54,
            "price_fair": 0,
            "eps_avg_yearly": 0,
            "eps_latest_yearly": 0,
            "eps_growth_yearly": 0
        },
        "20204": {
            "year_quarter": 20204,
            "year": 2020,
            "quarter": 4,
            "eps": -0.96,
            "eps_growth_year": null,
            "eps_4q": -3.74,
            "eps_4q_growth_year": null,
            "roe": -16.73,
            "roe_4q": -62.550000000000004,
            "gross_profit": 3045,
            "gross_margin": 53.76,
            "gross_margin_4q_avg": 44.5,
            "net_income": -102658,
            "net_income_4q": null,
            "revenue": 5664,
            "revenue_4q": null,
            "common_shares": 1065770,
            "book_valuer_per_share": 5.26,
            "book_valuer_per_share_4q_avg": 6.05,
            "equity": 560579,
            "current_ratio": 213.14,
            "debt_ratio": 38.67,
            "inventory_turnover_ratio": 0.15,
            "account_receivable_turnover_ratio": 4.67,
            "reinvestment_rate": null,
            "research_to_sale_ratio": 1663.88,
            "price_fair": 0,
            "eps_avg_yearly": 0,
            "eps_latest_yearly": 0,
            "eps_growth_yearly": 0
        },
        "20211": {
            "year_quarter": 20211,
            "year": 2021,
            "quarter": 1,
            "eps": -0.65,
            "eps_growth_year": null,
            "eps_4q": -3.35,
            "eps_4q_growth_year": null,
            "roe": -10.23,
            "roe_4q": -57.96000000000001,
            "gross_profit": 585,
            "gross_margin": 44.55,
            "gross_margin_4q_avg": 45.19,
            "net_income": -71565,
            "net_income_4q": null,
            "revenue": 1313,
            "revenue_4q": null,
            "common_shares": 1150770,
            "book_valuer_per_share": 7.29,
            "book_valuer_per_share_4q_avg": 6.52,
            "equity": 838593,
            "current_ratio": 277.54,
            "debt_ratio": 31.51,
            "inventory_turnover_ratio": 0.04,
            "account_receivable_turnover_ratio": 1.25,
            "reinvestment_rate": null,
            "research_to_sale_ratio": 4952.32,
            "price_fair": 0,
            "eps_avg_yearly": 0,
            "eps_latest_yearly": 0,
            "eps_growth_yearly": 0
        },
        "20212": {
            "year_quarter": 20212,
            "year": 2021,
            "quarter": 2,
            "eps": -0.77,
            "eps_growth_year": null,
            "eps_4q": -3.17,
            "eps_4q_growth_year": null,
            "roe": -11.11,
            "roe_4q": -52.230000000000004,
            "gross_profit": 631,
            "gross_margin": 49.45,
            "gross_margin_4q_avg": 46.92,
            "net_income": -88244,
            "net_income_4q": null,
            "revenue": 1276,
            "revenue_4q": null,
            "common_shares": 1150770,
            "book_valuer_per_share": 6.52,
            "book_valuer_per_share_4q_avg": 6.33,
            "equity": 750654,
            "current_ratio": 341.26,
            "debt_ratio": 25.04,
            "inventory_turnover_ratio": 0.03,
            "account_receivable_turnover_ratio": 1.31,
            "reinvestment_rate": null,
            "research_to_sale_ratio": 5829.55,
            "price_fair": 0,
            "eps_avg_yearly": 0,
            "eps_latest_yearly": 0,
            "eps_growth_yearly": 0
        },
        "20213": {
            "year_quarter": 20213,
            "year": 2021,
            "quarter": 3,
            "eps": -1.9,
            "eps_growth_year": null,
            "eps_4q": -4.18,
            "eps_4q_growth_year": null,
            "roe": -34.14,
            "roe_4q": -72.21000000000001,
            "gross_profit": 196,
            "gross_margin": 13.24,
            "gross_margin_4q_avg": 40.25,
            "net_income": -218653,
            "net_income_4q": null,
            "revenue": 1480,
            "revenue_4q": null,
            "common_shares": 1150770,
            "book_valuer_per_share": 4.61,
            "book_valuer_per_share_4q_avg": 5.92,
            "equity": 530378,
            "current_ratio": 199.59,
            "debt_ratio": 42.88,
            "inventory_turnover_ratio": 0.07,
            "account_receivable_turnover_ratio": 1.46,
            "reinvestment_rate": null,
            "research_to_sale_ratio": 14242.84,
            "price_fair": 0,
            "eps_avg_yearly": 0,
            "eps_latest_yearly": 0,
            "eps_growth_yearly": 0
        },
        "20214": {
            "year_quarter": 20214,
            "year": 2021,
            "quarter": 4,
            "eps": -0.7,
            "eps_growth_year": null,
            "eps_4q": -3.99,
            "eps_4q_growth_year": null,
            "roe": -16.47,
            "roe_4q": -71.95,
            "gross_profit": 1557,
            "gross_margin": 54.25,
            "gross_margin_4q_avg": 40.37,
            "net_income": -80135,
            "net_income_4q": null,
            "revenue": 2870,
            "revenue_4q": null,
            "common_shares": 1150770,
            "book_valuer_per_share": 3.85,
            "book_valuer_per_share_4q_avg": 5.57,
            "equity": 442920,
            "current_ratio": 186.28,
            "debt_ratio": 46.28,
            "inventory_turnover_ratio": 0.08,
            "account_receivable_turnover_ratio": 2.03,
            "reinvestment_rate": null,
            "research_to_sale_ratio": 2535.37,
            "price_fair": 0,
            "eps_avg_yearly": 0,
            "eps_latest_yearly": 0,
            "eps_growth_yearly": 0
        },
        "20221": {
            "year_quarter": 20221,
            "year": 2022,
            "quarter": 1,
            "eps": -0.37,
            "eps_growth_year": null,
            "eps_4q": -3.73,
            "eps_4q_growth_year": null,
            "roe": -10.01,
            "roe_4q": -71.72999999999999,
            "gross_profit": 1859,
            "gross_margin": 55.29,
            "gross_margin_4q_avg": 43.06,
            "net_income": -42366,
            "net_income_4q": null,
            "revenue": 3362,
            "revenue_4q": null,
            "common_shares": 1150770,
            "book_valuer_per_share": 3.51,
            "book_valuer_per_share_4q_avg": 4.62,
            "equity": 403758,
            "current_ratio": 177.27,
            "debt_ratio": 48.78,
            "inventory_turnover_ratio": 0.09,
            "account_receivable_turnover_ratio": 1.92,
            "reinvestment_rate": null,
            "research_to_sale_ratio": 984.09,
            "price_fair": 0,
            "eps_avg_yearly": 0,
            "eps_latest_yearly": 0,
            "eps_growth_yearly": 0
        },
        "20222": {
            "year_quarter": 20222,
            "year": 2022,
            "quarter": 2,
            "eps": -0.3,
            "eps_growth_year": null,
            "eps_4q": -3.26,
            "eps_4q_growth_year": null,
            "roe": -8.87,
            "roe_4q": -69.49,
            "gross_profit": 1538,
            "gross_margin": 52.73,
            "gross_margin_4q_avg": 43.88,
            "net_income": -33972,
            "net_income_4q": null,
            "revenue": 2917,
            "revenue_4q": null,
            "common_shares": 1150770,
            "book_valuer_per_share": 3.15,
            "book_valuer_per_share_4q_avg": 3.78,
            "equity": 362210,
            "current_ratio": 191.4,
            "debt_ratio": 45.24,
            "inventory_turnover_ratio": 0.09,
            "account_receivable_turnover_ratio": 1.82,
            "reinvestment_rate": null,
            "research_to_sale_ratio": 1074.12,
            "price_fair": 0,
            "eps_avg_yearly": 0,
            "eps_latest_yearly": 0,
            "eps_growth_yearly": 0
        },
        "20223": {
            "year_quarter": 20223,
            "year": 2022,
            "quarter": 3,
            "eps": -0.27,
            "eps_growth_year": null,
            "eps_4q": -1.63,
            "eps_4q_growth_year": null,
            "roe": -8.84,
            "roe_4q": -44.19,
            "gross_profit": 2571,
            "gross_margin": 57.34,
            "gross_margin_4q_avg": 54.9,
            "net_income": -30591,
            "net_income_4q": null,
            "revenue": 4484,
            "revenue_4q": null,
            "common_shares": 1150770,
            "book_valuer_per_share": 2.87,
            "book_valuer_per_share_4q_avg": 3.35,
            "equity": 330045,
            "current_ratio": 192.05,
            "debt_ratio": 44.25,
            "inventory_turnover_ratio": 0.11,
            "account_receivable_turnover_ratio": 2.81,
            "reinvestment_rate": null,
            "research_to_sale_ratio": 401.65,
            "price_fair": 0,
            "eps_avg_yearly": 0,
            "eps_latest_yearly": 0,
            "eps_growth_yearly": 0
        },
        "20224": {
            "year_quarter": 20224,
            "year": 2022,
            "quarter": 4,
            "eps": -0.71,
            "eps_growth_year": null,
            "eps_4q": -1.64,
            "eps_4q_growth_year": null,
            "roe": -28.23,
            "roe_4q": -55.949999999999996,
            "gross_profit": 3118,
            "gross_margin": 61.21,
            "gross_margin_4q_avg": 56.64,
            "net_income": -81737,
            "net_income_4q": null,
            "revenue": 5094,
            "revenue_4q": null,
            "common_shares": 1150770,
            "book_valuer_per_share": 2.16,
            "book_valuer_per_share_4q_avg": 2.92,
            "equity": 249012,
            "current_ratio": 186.58,
            "debt_ratio": 42.97,
            "inventory_turnover_ratio": 0.11,
            "account_receivable_turnover_ratio": 2.84,
            "reinvestment_rate": null,
            "research_to_sale_ratio": 1468.47,
            "price_fair": 0,
            "eps_avg_yearly": 0,
            "eps_latest_yearly": 0,
            "eps_growth_yearly": 0
        },
        "20231": {
            "year_quarter": 20231,
            "year": 2023,
            "quarter": 1,
            "eps": -0.21,
            "eps_growth_year": null,
            "eps_4q": -1.48,
            "eps_4q_growth_year": null,
            "roe": -10.13,
            "roe_4q": -56.07,
            "gross_profit": 2003,
            "gross_margin": 54.08,
            "gross_margin_4q_avg": 56.34,
            "net_income": -23928,
            "net_income_4q": null,
            "revenue": 3704,
            "revenue_4q": null,
            "common_shares": 1150770,
            "book_valuer_per_share": 1.94,
            "book_valuer_per_share_4q_avg": 2.53,
            "equity": 223465,
            "current_ratio": 178.58,
            "debt_ratio": 44.49,
            "inventory_turnover_ratio": 0.09,
            "account_receivable_turnover_ratio": 1.97,
            "reinvestment_rate": null,
            "research_to_sale_ratio": 452.86,
            "price_fair": 0,
            "eps_avg_yearly": 0,
            "eps_latest_yearly": 0,
            "eps_growth_yearly": 0
        },
        "20232": {
            "year_quarter": 20232,
            "year": 2023,
            "quarter": 2,
            "eps": -0.86,
            "eps_growth_year": null,
            "eps_4q": -5.29,
            "eps_4q_growth_year": null,
            "roe": -12.52,
            "roe_4q": -59.72,
            "gross_profit": 2559,
            "gross_margin": 56.53,
            "gross_margin_4q_avg": 57.29,
            "net_income": -26395,
            "net_income_4q": null,
            "revenue": 4527,
            "revenue_4q": null,
            "common_shares": 307445,
            "book_valuer_per_share": 6.44,
            "book_valuer_per_share_4q_avg": 3.35,
            "equity": 198112,
            "current_ratio": 166.86,
            "debt_ratio": 47.31,
            "inventory_turnover_ratio": 0.11,
            "account_receivable_turnover_ratio": 2.48,
            "reinvestment_rate": null,
            "research_to_sale_ratio": 380.23,
            "price_fair": 0,
            "eps_avg_yearly": 0,
            "eps_latest_yearly": 0,
            "eps_growth_yearly": 0
        },
        "20233": {
            "year_quarter": 20233,
            "year": 2023,
            "quarter": 3,
            "eps": -0.96,
            "eps_growth_year": null,
            "eps_4q": -5.25,
            "eps_4q_growth_year": null,
            "roe": -16.11,
            "roe_4q": -66.99,
            "gross_profit": 3440,
            "gross_margin": 59.45,
            "gross_margin_4q_avg": 57.82,
            "net_income": -29468,
            "net_income_4q": null,
            "revenue": 5786,
            "revenue_4q": null,
            "common_shares": 307445,
            "book_valuer_per_share": 5.46,
            "book_valuer_per_share_4q_avg": 4,
            "equity": 167736,
            "current_ratio": 183.91,
            "debt_ratio": 40.03,
            "inventory_turnover_ratio": 0.15,
            "account_receivable_turnover_ratio": 2.83,
            "reinvestment_rate": null,
            "research_to_sale_ratio": 373.9,
            "price_fair": 0,
            "eps_avg_yearly": 0,
            "eps_latest_yearly": 0,
            "eps_growth_yearly": 0
        },
        "20234": {
            "year_quarter": 20234,
            "year": 2023,
            "quarter": 4,
            "eps": 1.18,
            "eps_growth_year": null,
            "eps_4q": -1.09,
            "eps_4q_growth_year": null,
            "roe": 15.86,
            "roe_4q": -22.9,
            "gross_profit": -7481,
            "gross_margin": -121.07,
            "gross_margin_4q_avg": 12.25,
            "net_income": 41619,
            "net_income_4q": null,
            "revenue": 6179,
            "revenue_4q": null,
            "common_shares": 351645,
            "book_valuer_per_share": 10.16,
            "book_valuer_per_share_4q_avg": 6,
            "equity": 357136,
            "current_ratio": 1462.74,
            "debt_ratio": 5.61,
            "inventory_turnover_ratio": 1.49,
            "account_receivable_turnover_ratio": 2.48,
            "reinvestment_rate": null,
            "research_to_sale_ratio": -836.45,
            "price_fair": 0,
            "eps_avg_yearly": 0,
            "eps_latest_yearly": 0,
            "eps_growth_yearly": 0
        }
    },
    "months": {
        "2013-08": {
            "month": "2013-08",
            "price": "112.35",
            "revenue": 0
        },
        "2013-09": {
            "month": "2013-09",
            "price": "104.37",
            "revenue": 0
        },
        "2013-10": {
            "month": "2013-10",
            "price": "99.46",
            "revenue": 216
        },
        "2013-11": {
            "month": "2013-11",
            "price": "105.37",
            "revenue": 264
        },
        "2013-12": {
            "month": "2013-12",
            "price": "89.04",
            "revenue": 283
        },
        "2014-01": {
            "month": "2014-01",
            "price": "79.53",
            "revenue": 250
        },
        "2014-02": {
            "month": "2014-02",
            "price": "86.61",
            "revenue": 397
        },
        "2014-03": {
            "month": "2014-03",
            "price": "89.11",
            "revenue": 396
        },
        "2014-04": {
            "month": "2014-04",
            "price": "90.79",
            "revenue": 473
        },
        "2014-05": {
            "month": "2014-05",
            "price": "107.27",
            "revenue": 431
        },
        "2014-06": {
            "month": "2014-06",
            "price": "112.32",
            "revenue": 306
        },
        "2014-07": {
            "month": "2014-07",
            "price": "101.10",
            "revenue": 463
        },
        "2014-08": {
            "month": "2014-08",
            "price": "89.81",
            "revenue": 409
        },
        "2014-09": {
            "month": "2014-09",
            "price": "92.48",
            "revenue": 423
        },
        "2014-10": {
            "month": "2014-10",
            "price": "73.45",
            "revenue": 600
        },
        "2014-11": {
            "month": "2014-11",
            "price": "63.88",
            "revenue": 423
        },
        "2014-12": {
            "month": "2014-12",
            "price": "64.80",
            "revenue": 497
        },
        "2015-01": {
            "month": "2015-01",
            "price": "57.60",
            "revenue": 391
        },
        "2015-02": {
            "month": "2015-02",
            "price": "54.70",
            "revenue": 326
        },
        "2015-03": {
            "month": "2015-03",
            "price": "49.59",
            "revenue": 594
        },
        "2015-04": {
            "month": "2015-04",
            "price": "46.76",
            "revenue": 471
        },
        "2015-05": {
            "month": "2015-05",
            "price": "41.92",
            "revenue": 468
        },
        "2015-06": {
            "month": "2015-06",
            "price": "40.42",
            "revenue": 9616
        },
        "2015-07": {
            "month": "2015-07",
            "price": "39.32",
            "revenue": 569
        },
        "2015-08": {
            "month": "2015-08",
            "price": "30.43",
            "revenue": 532
        },
        "2015-09": {
            "month": "2015-09",
            "price": "31.32",
            "revenue": 672
        },
        "2015-10": {
            "month": "2015-10",
            "price": "43.53",
            "revenue": 558
        },
        "2015-11": {
            "month": "2015-11",
            "price": "47.29",
            "revenue": 511
        },
        "2015-12": {
            "month": "2015-12",
            "price": "46.73",
            "revenue": 753
        },
        "2016-01": {
            "month": "2016-01",
            "price": "40.40",
            "revenue": 479
        },
        "2016-02": {
            "month": "2016-02",
            "price": "40.87",
            "revenue": 443
        },
        "2016-03": {
            "month": "2016-03",
            "price": "40.39",
            "revenue": 550
        },
        "2016-04": {
            "month": "2016-04",
            "price": "39.17",
            "revenue": 505
        },
        "2016-05": {
            "month": "2016-05",
            "price": "36.26",
            "revenue": 626
        },
        "2016-06": {
            "month": "2016-06",
            "price": "34.57",
            "revenue": 665
        },
        "2016-07": {
            "month": "2016-07",
            "price": "34.15",
            "revenue": 533
        },
        "2016-08": {
            "month": "2016-08",
            "price": "32.35",
            "revenue": 657
        },
        "2016-09": {
            "month": "2016-09",
            "price": "30.70",
            "revenue": 436
        },
        "2016-10": {
            "month": "2016-10",
            "price": "28.80",
            "revenue": 656
        },
        "2016-11": {
            "month": "2016-11",
            "price": "29.08",
            "revenue": 665
        },
        "2016-12": {
            "month": "2016-12",
            "price": "29.42",
            "revenue": 682
        },
        "2017-01": {
            "month": "2017-01",
            "price": "29.35",
            "revenue": 552
        },
        "2017-02": {
            "month": "2017-02",
            "price": "29.04",
            "revenue": 624
        },
        "2017-03": {
            "month": "2017-03",
            "price": "27.76",
            "revenue": 655
        },
        "2017-04": {
            "month": "2017-04",
            "price": "30.91",
            "revenue": 658
        },
        "2017-05": {
            "month": "2017-05",
            "price": "30.44",
            "revenue": 798
        },
        "2017-06": {
            "month": "2017-06",
            "price": "29.78",
            "revenue": 823
        },
        "2017-07": {
            "month": "2017-07",
            "price": "29.73",
            "revenue": 595
        },
        "2017-08": {
            "month": "2017-08",
            "price": "29.40",
            "revenue": 772
        },
        "2017-09": {
            "month": "2017-09",
            "price": "27.67",
            "revenue": 680
        },
        "2017-10": {
            "month": "2017-10",
            "price": "28.63",
            "revenue": 666
        },
        "2017-11": {
            "month": "2017-11",
            "price": "28.58",
            "revenue": 630
        },
        "2017-12": {
            "month": "2017-12",
            "price": "28.07",
            "revenue": 691
        },
        "2018-01": {
            "month": "2018-01",
            "price": "29.10",
            "revenue": 601
        },
        "2018-02": {
            "month": "2018-02",
            "price": "30.51",
            "revenue": 524
        },
        "2018-03": {
            "month": "2018-03",
            "price": "30.39",
            "revenue": 699
        },
        "2018-04": {
            "month": "2018-04",
            "price": "29.49",
            "revenue": 615
        },
        "2018-05": {
            "month": "2018-05",
            "price": "28.05",
            "revenue": 646
        },
        "2018-06": {
            "month": "2018-06",
            "price": "27.16",
            "revenue": 686
        },
        "2018-07": {
            "month": "2018-07",
            "price": "25.94",
            "revenue": 719
        },
        "2018-08": {
            "month": "2018-08",
            "price": "24.87",
            "revenue": 675
        },
        "2018-09": {
            "month": "2018-09",
            "price": "25.67",
            "revenue": 612
        },
        "2018-10": {
            "month": "2018-10",
            "price": "25.81",
            "revenue": 707
        },
        "2018-11": {
            "month": "2018-11",
            "price": "24.84",
            "revenue": 701
        },
        "2018-12": {
            "month": "2018-12",
            "price": "24.64",
            "revenue": 521
        },
        "2019-01": {
            "month": "2019-01",
            "price": "25.77",
            "revenue": 5468
        },
        "2019-02": {
            "month": "2019-02",
            "price": "28.24",
            "revenue": 283
        },
        "2019-03": {
            "month": "2019-03",
            "price": "28.59",
            "revenue": 720
        },
        "2019-04": {
            "month": "2019-04",
            "price": "28.23",
            "revenue": 741
        },
        "2019-05": {
            "month": "2019-05",
            "price": "27.55",
            "revenue": 787
        },
        "2019-06": {
            "month": "2019-06",
            "price": "27.67",
            "revenue": 803
        },
        "2019-07": {
            "month": "2019-07",
            "price": "29.81",
            "revenue": 806
        },
        "2019-08": {
            "month": "2019-08",
            "price": "30.24",
            "revenue": 735
        },
        "2019-09": {
            "month": "2019-09",
            "price": "31.33",
            "revenue": 498
        },
        "2019-10": {
            "month": "2019-10",
            "price": "30.02",
            "revenue": 783
        },
        "2019-11": {
            "month": "2019-11",
            "price": "30.13",
            "revenue": 748
        },
        "2019-12": {
            "month": "2019-12",
            "price": "30.00",
            "revenue": 595
        },
        "2020-01": {
            "month": "2020-01",
            "price": "29.28",
            "revenue": 673
        },
        "2020-02": {
            "month": "2020-02",
            "price": "28.48",
            "revenue": 547
        },
        "2020-03": {
            "month": "2020-03",
            "price": "22.44",
            "revenue": 861
        },
        "2020-04": {
            "month": "2020-04",
            "price": "24.42",
            "revenue": 476
        },
        "2020-05": {
            "month": "2020-05",
            "price": "32.02",
            "revenue": 504
        },
        "2020-06": {
            "month": "2020-06",
            "price": "57.33",
            "revenue": 679
        },
        "2020-07": {
            "month": "2020-07",
            "price": "90.60",
            "revenue": 1534
        },
        "2020-08": {
            "month": "2020-08",
            "price": "80.84",
            "revenue": 582
        },
        "2020-09": {
            "month": "2020-09",
            "price": "65.30",
            "revenue": 1816
        },
        "2020-10": {
            "month": "2020-10",
            "price": "53.36",
            "revenue": 4362
        },
        "2020-11": {
            "month": "2020-11",
            "price": "48.40",
            "revenue": 665
        },
        "2020-12": {
            "month": "2020-12",
            "price": "46.40",
            "revenue": 637
        },
        "2021-01": {
            "month": "2021-01",
            "price": "42.50",
            "revenue": 539
        },
        "2021-02": {
            "month": "2021-02",
            "price": "46.93",
            "revenue": 450
        },
        "2021-03": {
            "month": "2021-03",
            "price": "51.51",
            "revenue": 323
        },
        "2021-04": {
            "month": "2021-04",
            "price": "55.45",
            "revenue": 463
        },
        "2021-05": {
            "month": "2021-05",
            "price": "51.95",
            "revenue": 422
        },
        "2021-06": {
            "month": "2021-06",
            "price": "49.44",
            "revenue": 392
        },
        "2021-07": {
            "month": "2021-07",
            "price": "48.79",
            "revenue": 558
        },
        "2021-08": {
            "month": "2021-08",
            "price": "83.15",
            "revenue": 519
        },
        "2021-09": {
            "month": "2021-09",
            "price": "103.55",
            "revenue": 402
        },
        "2021-10": {
            "month": "2021-10",
            "price": "121.03",
            "revenue": 532
        },
        "2021-11": {
            "month": "2021-11",
            "price": "41.69",
            "revenue": 940
        },
        "2021-12": {
            "month": "2021-12",
            "price": "32.56",
            "revenue": 1399
        },
        "2022-01": {
            "month": "2022-01",
            "price": "29.93",
            "revenue": 1198
        },
        "2022-02": {
            "month": "2022-02",
            "price": "33.76",
            "revenue": 755
        },
        "2022-03": {
            "month": "2022-03",
            "price": "36.38",
            "revenue": 1408
        },
        "2022-04": {
            "month": "2022-04",
            "price": "37.05",
            "revenue": 1017
        },
        "2022-05": {
            "month": "2022-05",
            "price": "32.83",
            "revenue": 1072
        },
        "2022-06": {
            "month": "2022-06",
            "price": "29.43",
            "revenue": 829
        },
        "2022-07": {
            "month": "2022-07",
            "price": "27.56",
            "revenue": 1055
        },
        "2022-08": {
            "month": "2022-08",
            "price": "28.94",
            "revenue": 1790
        },
        "2022-09": {
            "month": "2022-09",
            "price": "30.08",
            "revenue": 1639
        },
        "2022-10": {
            "month": "2022-10",
            "price": "26.46",
            "revenue": 1711
        },
        "2022-11": {
            "month": "2022-11",
            "price": "24.90",
            "revenue": 1688
        },
        "2022-12": {
            "month": "2022-12",
            "price": "26.60",
            "revenue": 1694
        },
        "2023-01": {
            "month": "2023-01",
            "price": "24.93",
            "revenue": 1175
        },
        "2023-02": {
            "month": "2023-02",
            "price": "25.19",
            "revenue": 1020
        },
        "2023-03": {
            "month": "2023-03",
            "price": "22.49",
            "revenue": 1509
        },
        "2023-04": {
            "month": "2023-04",
            "price": "19.49",
            "revenue": 1001
        },
        "2023-05": {
            "month": "2023-05",
            "price": "18.60",
            "revenue": 1843
        },
        "2023-06": {
            "month": "2023-06",
            "price": "17.94",
            "revenue": 1682
        },
        "2023-07": {
            "month": "2023-07",
            "price": "50.91",
            "revenue": 1665
        },
        "2023-08": {
            "month": "2023-08",
            "price": "48.10",
            "revenue": 2168
        },
        "2023-09": {
            "month": "2023-09",
            "price": "48.06",
            "revenue": 1954
        },
        "2023-10": {
            "month": "2023-10",
            "price": "40.59",
            "revenue": 1895
        },
        "2023-11": {
            "month": "2023-11",
            "price": "35.98",
            "revenue": 2153
        },
        "2023-12": {
            "month": "2023-12",
            "price": "37.61",
            "revenue": 2130
        }
    }
}
