{
    "summary": {
        "stock_name": "欣大健康",
        "stock_id": "4198",
        "category": "生技醫療",
        "main_business": "數位 X光診斷影像設備之研發、生產製造、銷售與安裝維修升級",
        "website_url": "http://www.swissray.com",
        "ceo": "葉治明",
        "pe_ratio": -12,
        "report_year_from": 2013,
        "report_year_to": 2023,
        "age": 10,
        "eps_negative_percentage": 97,
        "eps_growth_avg": {
            "last_all": null,
            "last_2y": null,
            "last_4y": null,
            "last_8y": null,
            "last_12y": null,
            "last_16y": null,
            "last_20y": null,
            "at_2006_last_3y": null,
            "at_2007_last_3y": null,
            "at_2008_last_3y": null,
            "at_2009_last_3y": null,
            "at_2010_last_3y": null,
            "at_2011_last_3y": null,
            "at_2012_last_3y": null,
            "at_2013_last_3y": null,
            "at_2014_last_3y": null,
            "at_2015_last_3y": null,
            "at_2016_last_3y": null,
            "at_2017_last_3y": null,
            "at_2018_last_3y": null,
            "at_2019_last_3y": null,
            "at_2020_last_3y": null,
            "at_2021_last_3y": null,
            "at_2022_last_3y": null,
            "at_2023_last_3y": null,
            "at_2006_last_all": null,
            "at_2007_last_all": null,
            "at_2008_last_all": null,
            "at_2009_last_all": null,
            "at_2010_last_all": null,
            "at_2011_last_all": null,
            "at_2012_last_all": null,
            "at_2013_last_all": null,
            "at_2014_last_all": null,
            "at_2015_last_all": null,
            "at_2016_last_all": null,
            "at_2017_last_all": null,
            "at_2018_last_all": null,
            "at_2019_last_all": null,
            "at_2020_last_all": null,
            "at_2021_last_all": null,
            "at_2022_last_all": null,
            "at_2023_last_all": null
        },
        "latest_eps": -2.15,
        "latest_price": 25,
        "latest_roe": -38.13,
        "latest_gross_margin": 22.57,
        "latest_equity": 202483,
        "latest_revenue": 58614,
        "latest_gross_profit": 13230,
        "latest_net_income": -13376,
        "latest_debt_ratio": 59.13,
        "latest_current_ratio": 234.16,
        "latest_account_receivable_turnover_ratio": 1.05,
        "latest_inventory_turnover_ratio": 0.41,
        "latest_reinvestment_rate": null,
        "latest_research_to_sale_ratio": 7.1
    },
    "eps_dividends": {
        "2001": {
            "cash": 0,
            "stock": 0,
            "eps": 0
        },
        "2002": {
            "cash": 0,
            "stock": 0,
            "eps": 0
        },
        "2003": {
            "cash": 0,
            "stock": 0,
            "eps": 0
        },
        "2004": {
            "cash": 0,
            "stock": 0,
            "eps": 0
        },
        "2005": {
            "cash": 0,
            "stock": 0,
            "eps": 0
        },
        "2006": {
            "cash": 0,
            "stock": 0,
            "eps": 0
        },
        "2007": {
            "cash": 0,
            "stock": 0,
            "eps": 0
        },
        "2008": {
            "cash": 0,
            "stock": 0,
            "eps": 0
        },
        "2009": {
            "cash": 0,
            "stock": 0,
            "eps": 0
        },
        "2010": {
            "cash": 0,
            "stock": 0,
            "eps": 0
        },
        "2011": {
            "cash": 0,
            "stock": 0,
            "eps": 0
        },
        "2012": {
            "cash": 0,
            "stock": 0,
            "eps": 0
        },
        "2013": {
            "cash": 0,
            "stock": 0,
            "eps": 0
        },
        "2014": {
            "cash": 0,
            "stock": 0,
            "eps": -3.1
        },
        "2015": {
            "cash": 0,
            "stock": 0,
            "eps": -3.98
        },
        "2016": {
            "cash": 0,
            "stock": 0,
            "eps": -3.71
        },
        "2017": {
            "cash": 0,
            "stock": 0,
            "eps": -2.93
        },
        "2018": {
            "cash": 0,
            "stock": 0,
            "eps": -3.33
        },
        "2019": {
            "cash": 0,
            "stock": 0,
            "eps": -3.58
        },
        "2020": {
            "cash": 0,
            "stock": 0,
            "eps": -1.9
        },
        "2021": {
            "cash": 0,
            "stock": 0,
            "eps": -1.31
        },
        "2022": {
            "cash": 0,
            "stock": 0,
            "eps": -2.04
        },
        "2023": {
            "cash": 0,
            "stock": 0,
            "eps": -0.61
        }
    },
    "dividends": [],
    "prices": {
        "200101": "無",
        "200102": "無",
        "200103": "無",
        "200104": "無",
        "200105": "無",
        "200106": "無",
        "200107": "無",
        "200108": "無",
        "200109": "無",
        "200110": "無",
        "200111": "無",
        "200112": "無",
        "200201": "無",
        "200202": "無",
        "200203": "無",
        "200204": "無",
        "200205": "無",
        "200206": "無",
        "200207": "無",
        "200208": "無",
        "200209": "無",
        "200210": "無",
        "200211": "無",
        "200212": "無",
        "200301": "無",
        "200302": "無",
        "200303": "無",
        "200304": "無",
        "200305": "無",
        "200306": "無",
        "200307": "無",
        "200308": "無",
        "200309": "無",
        "200310": "無",
        "200311": "無",
        "200312": "無",
        "200401": "無",
        "200402": "無",
        "200403": "無",
        "200404": "無",
        "200405": "無",
        "200406": "無",
        "200407": "無",
        "200408": "無",
        "200409": "無",
        "200410": "無",
        "200411": "無",
        "200412": "無",
        "200501": "無",
        "200502": "無",
        "200503": "無",
        "200504": "無",
        "200505": "無",
        "200506": "無",
        "200507": "無",
        "200508": "無",
        "200509": "無",
        "200510": "無",
        "200511": "無",
        "200512": "無",
        "200601": "無",
        "200602": "無",
        "200603": "無",
        "200604": "無",
        "200605": "無",
        "200606": "無",
        "200607": "無",
        "200608": "無",
        "200609": "無",
        "200610": "無",
        "200611": "無",
        "200612": "無",
        "200701": "無",
        "200702": "無",
        "200703": "無",
        "200704": "無",
        "200705": "無",
        "200706": "無",
        "200707": "無",
        "200708": "無",
        "200709": "無",
        "200710": "無",
        "200711": "無",
        "200712": "無",
        "200801": "無",
        "200802": "無",
        "200803": "無",
        "200804": "無",
        "200805": "無",
        "200806": "無",
        "200807": "無",
        "200808": "無",
        "200809": "無",
        "200810": "無",
        "200811": "無",
        "200812": "無",
        "200901": "無",
        "200902": "無",
        "200903": "無",
        "200904": "無",
        "200905": "無",
        "200906": "無",
        "200907": "無",
        "200908": "無",
        "200909": "無",
        "200910": "無",
        "200911": "無",
        "200912": "無",
        "201001": "無",
        "201002": "無",
        "201003": "無",
        "201004": "無",
        "201005": "無",
        "201006": "無",
        "201007": "無",
        "201008": "無",
        "201009": "無",
        "201010": "無",
        "201011": "無",
        "201012": "無",
        "201101": "無",
        "201102": "無",
        "201103": "無",
        "201104": "無",
        "201105": "無",
        "201106": "無",
        "201107": "無",
        "201108": "無",
        "201109": "無",
        "201110": "無",
        "201111": "無",
        "201112": "無",
        "201201": "無",
        "201202": "無",
        "201203": "無",
        "201204": "無",
        "201205": "無",
        "201206": "無",
        "201207": "無",
        "201208": "無",
        "201209": "無",
        "201210": "無",
        "201211": "無",
        "201212": "無",
        "201301": "無",
        "201302": "無",
        "201303": "無",
        "201304": "無",
        "201305": "無",
        "201306": "無",
        "201307": "無",
        "201308": "無",
        "201309": "無",
        "201310": "無",
        "201311": "64.50",
        "201312": "63.78",
        "201401": "62.69",
        "201402": "63.25",
        "201403": "64.71",
        "201404": "65.49",
        "201405": "62.86",
        "201406": "71.53",
        "201407": "68.75",
        "201408": "64.40",
        "201409": "61.27",
        "201410": "60.35",
        "201411": "61.40",
        "201412": "49.14",
        "201501": "44.82",
        "201502": "42.85",
        "201503": "41.83",
        "201504": "38.42",
        "201505": "39.68",
        "201506": "37.98",
        "201507": "36.62",
        "201508": "33.40",
        "201509": "35.70",
        "201510": "39.37",
        "201511": "38.22",
        "201512": "35.78",
        "201601": "31.96",
        "201602": "30.77",
        "201603": "30.81",
        "201604": "28.10",
        "201605": "25.09",
        "201606": "26.11",
        "201607": "24.82",
        "201608": "21.64",
        "201609": "20.25",
        "201610": "16.19",
        "201611": "17.48",
        "201612": "28.39",
        "201701": "26.52",
        "201702": "27.13",
        "201703": "24.72",
        "201704": "21.55",
        "201705": "20.32",
        "201706": "20.78",
        "201707": "20.14",
        "201708": "15.69",
        "201709": "12.33",
        "201710": "10.31",
        "201711": "9.62",
        "201712": "9.08",
        "201801": "8.76",
        "201802": "9.27",
        "201803": "9.11",
        "201804": "7.75",
        "201805": "6.49",
        "201806": "6.01",
        "201807": "5.88",
        "201808": "8.88",
        "201809": "12.77",
        "201810": "11.26",
        "201811": "8.73",
        "201812": "7.51",
        "201901": "7.00",
        "201902": "6.96",
        "201903": "6.43",
        "201904": "6.11",
        "201905": "5.31",
        "201906": "5.09",
        "201907": "5.38",
        "201908": "4.44",
        "201909": "4.76",
        "201910": "4.24",
        "201911": "4.07",
        "201912": "3.79",
        "202001": "3.66",
        "202002": "4.48",
        "202003": "3.66",
        "202004": "2.78",
        "202005": "3.79",
        "202006": "4.24",
        "202007": "5.59",
        "202008": "5.13",
        "202009": "12.51",
        "202010": "10.95",
        "202011": "8.82",
        "202012": "8.31",
        "202101": "7.89",
        "202102": "7.84",
        "202103": "8.08",
        "202104": "7.59",
        "202105": "7.02",
        "202106": "6.36",
        "202107": "5.96",
        "202108": "6.20",
        "202109": "6.71",
        "202110": "6.41",
        "202111": "6.14",
        "202112": "5.94",
        "202201": "6.17",
        "202202": "6.55",
        "202203": "5.34",
        "202204": "5.01",
        "202205": "4.88",
        "202206": "4.85",
        "202207": "4.73",
        "202208": "22.52",
        "202209": "27.34",
        "202210": "26.49",
        "202211": "26.93",
        "202212": "27.27",
        "202301": "26.27",
        "202302": "26.05",
        "202303": "25.42",
        "202304": "24.92",
        "202305": "25.08"
    },
    "quarters": {
        "20011": {
            "year_quarter": 20011,
            "year": 2001,
            "quarter": 1,
            "eps": null,
            "eps_growth_year": null,
            "eps_4q": null,
            "eps_4q_growth_year": null,
            "roe": null,
            "gross_profit": null,
            "gross_margin": null,
            "net_income": null,
            "revenue": null,
            "common_shares": null,
            "equity": null,
            "current_ratio": null,
            "debt_ratio": null,
            "inventory_turnover_ratio": null,
            "account_receivable_turnover_ratio": null,
            "reinvestment_rate": null,
            "research_to_sale_ratio": null,
            "price_fair": 0,
            "eps_avg_yearly": 0,
            "eps_latest_yearly": 0,
            "eps_growth_yearly": 0
        },
        "20012": {
            "year_quarter": 20012,
            "year": 2001,
            "quarter": 2,
            "eps": null,
            "eps_growth_year": null,
            "eps_4q": null,
            "eps_4q_growth_year": null,
            "roe": null,
            "gross_profit": null,
            "gross_margin": null,
            "net_income": null,
            "revenue": null,
            "common_shares": null,
            "equity": null,
            "current_ratio": null,
            "debt_ratio": null,
            "inventory_turnover_ratio": null,
            "account_receivable_turnover_ratio": null,
            "reinvestment_rate": null,
            "research_to_sale_ratio": null,
            "price_fair": 0,
            "eps_avg_yearly": 0,
            "eps_latest_yearly": 0,
            "eps_growth_yearly": 0
        },
        "20013": {
            "year_quarter": 20013,
            "year": 2001,
            "quarter": 3,
            "eps": null,
            "eps_growth_year": null,
            "eps_4q": null,
            "eps_4q_growth_year": null,
            "roe": null,
            "gross_profit": null,
            "gross_margin": null,
            "net_income": null,
            "revenue": null,
            "common_shares": null,
            "equity": null,
            "current_ratio": null,
            "debt_ratio": null,
            "inventory_turnover_ratio": null,
            "account_receivable_turnover_ratio": null,
            "reinvestment_rate": null,
            "research_to_sale_ratio": null,
            "price_fair": 0,
            "eps_avg_yearly": 0,
            "eps_latest_yearly": 0,
            "eps_growth_yearly": 0
        },
        "20014": {
            "year_quarter": 20014,
            "year": 2001,
            "quarter": 4,
            "eps": null,
            "eps_growth_year": null,
            "eps_4q": null,
            "eps_4q_growth_year": null,
            "roe": null,
            "gross_profit": null,
            "gross_margin": null,
            "net_income": null,
            "revenue": null,
            "common_shares": null,
            "equity": null,
            "current_ratio": null,
            "debt_ratio": null,
            "inventory_turnover_ratio": null,
            "account_receivable_turnover_ratio": null,
            "reinvestment_rate": null,
            "research_to_sale_ratio": null,
            "price_fair": 0,
            "eps_avg_yearly": 0,
            "eps_latest_yearly": 0,
            "eps_growth_yearly": 0
        },
        "20021": {
            "year_quarter": 20021,
            "year": 2002,
            "quarter": 1,
            "eps": null,
            "eps_growth_year": null,
            "eps_4q": null,
            "eps_4q_growth_year": null,
            "roe": null,
            "gross_profit": null,
            "gross_margin": null,
            "net_income": null,
            "revenue": null,
            "common_shares": null,
            "equity": null,
            "current_ratio": null,
            "debt_ratio": null,
            "inventory_turnover_ratio": null,
            "account_receivable_turnover_ratio": null,
            "reinvestment_rate": null,
            "research_to_sale_ratio": null,
            "price_fair": 0,
            "eps_avg_yearly": 0,
            "eps_latest_yearly": 0,
            "eps_growth_yearly": 0
        },
        "20022": {
            "year_quarter": 20022,
            "year": 2002,
            "quarter": 2,
            "eps": null,
            "eps_growth_year": null,
            "eps_4q": null,
            "eps_4q_growth_year": null,
            "roe": null,
            "gross_profit": null,
            "gross_margin": null,
            "net_income": null,
            "revenue": null,
            "common_shares": null,
            "equity": null,
            "current_ratio": null,
            "debt_ratio": null,
            "inventory_turnover_ratio": null,
            "account_receivable_turnover_ratio": null,
            "reinvestment_rate": null,
            "research_to_sale_ratio": null,
            "price_fair": 0,
            "eps_avg_yearly": 0,
            "eps_latest_yearly": 0,
            "eps_growth_yearly": 0
        },
        "20023": {
            "year_quarter": 20023,
            "year": 2002,
            "quarter": 3,
            "eps": null,
            "eps_growth_year": null,
            "eps_4q": null,
            "eps_4q_growth_year": null,
            "roe": null,
            "gross_profit": null,
            "gross_margin": null,
            "net_income": null,
            "revenue": null,
            "common_shares": null,
            "equity": null,
            "current_ratio": null,
            "debt_ratio": null,
            "inventory_turnover_ratio": null,
            "account_receivable_turnover_ratio": null,
            "reinvestment_rate": null,
            "research_to_sale_ratio": null,
            "price_fair": 0,
            "eps_avg_yearly": 0,
            "eps_latest_yearly": 0,
            "eps_growth_yearly": 0
        },
        "20024": {
            "year_quarter": 20024,
            "year": 2002,
            "quarter": 4,
            "eps": null,
            "eps_growth_year": null,
            "eps_4q": null,
            "eps_4q_growth_year": null,
            "roe": null,
            "gross_profit": null,
            "gross_margin": null,
            "net_income": null,
            "revenue": null,
            "common_shares": null,
            "equity": null,
            "current_ratio": null,
            "debt_ratio": null,
            "inventory_turnover_ratio": null,
            "account_receivable_turnover_ratio": null,
            "reinvestment_rate": null,
            "research_to_sale_ratio": null,
            "price_fair": 0,
            "eps_avg_yearly": 0,
            "eps_latest_yearly": 0,
            "eps_growth_yearly": 0
        },
        "20031": {
            "year_quarter": 20031,
            "year": 2003,
            "quarter": 1,
            "eps": null,
            "eps_growth_year": null,
            "eps_4q": null,
            "eps_4q_growth_year": null,
            "roe": null,
            "gross_profit": null,
            "gross_margin": null,
            "net_income": null,
            "revenue": null,
            "common_shares": null,
            "equity": null,
            "current_ratio": null,
            "debt_ratio": null,
            "inventory_turnover_ratio": null,
            "account_receivable_turnover_ratio": null,
            "reinvestment_rate": null,
            "research_to_sale_ratio": null,
            "price_fair": 0,
            "eps_avg_yearly": 0,
            "eps_latest_yearly": 0,
            "eps_growth_yearly": 0
        },
        "20032": {
            "year_quarter": 20032,
            "year": 2003,
            "quarter": 2,
            "eps": null,
            "eps_growth_year": null,
            "eps_4q": null,
            "eps_4q_growth_year": null,
            "roe": null,
            "gross_profit": null,
            "gross_margin": null,
            "net_income": null,
            "revenue": null,
            "common_shares": null,
            "equity": null,
            "current_ratio": null,
            "debt_ratio": null,
            "inventory_turnover_ratio": null,
            "account_receivable_turnover_ratio": null,
            "reinvestment_rate": null,
            "research_to_sale_ratio": null,
            "price_fair": 0,
            "eps_avg_yearly": 0,
            "eps_latest_yearly": 0,
            "eps_growth_yearly": 0
        },
        "20033": {
            "year_quarter": 20033,
            "year": 2003,
            "quarter": 3,
            "eps": null,
            "eps_growth_year": null,
            "eps_4q": null,
            "eps_4q_growth_year": null,
            "roe": null,
            "gross_profit": null,
            "gross_margin": null,
            "net_income": null,
            "revenue": null,
            "common_shares": null,
            "equity": null,
            "current_ratio": null,
            "debt_ratio": null,
            "inventory_turnover_ratio": null,
            "account_receivable_turnover_ratio": null,
            "reinvestment_rate": null,
            "research_to_sale_ratio": null,
            "price_fair": 0,
            "eps_avg_yearly": 0,
            "eps_latest_yearly": 0,
            "eps_growth_yearly": 0
        },
        "20034": {
            "year_quarter": 20034,
            "year": 2003,
            "quarter": 4,
            "eps": null,
            "eps_growth_year": null,
            "eps_4q": null,
            "eps_4q_growth_year": null,
            "roe": null,
            "gross_profit": null,
            "gross_margin": null,
            "net_income": null,
            "revenue": null,
            "common_shares": null,
            "equity": null,
            "current_ratio": null,
            "debt_ratio": null,
            "inventory_turnover_ratio": null,
            "account_receivable_turnover_ratio": null,
            "reinvestment_rate": null,
            "research_to_sale_ratio": null,
            "price_fair": 0,
            "eps_avg_yearly": 0,
            "eps_latest_yearly": 0,
            "eps_growth_yearly": 0
        },
        "20041": {
            "year_quarter": 20041,
            "year": 2004,
            "quarter": 1,
            "eps": null,
            "eps_growth_year": null,
            "eps_4q": null,
            "eps_4q_growth_year": null,
            "roe": null,
            "gross_profit": null,
            "gross_margin": null,
            "net_income": null,
            "revenue": null,
            "common_shares": null,
            "equity": null,
            "current_ratio": null,
            "debt_ratio": null,
            "inventory_turnover_ratio": null,
            "account_receivable_turnover_ratio": null,
            "reinvestment_rate": null,
            "research_to_sale_ratio": null,
            "price_fair": 0,
            "eps_avg_yearly": 0,
            "eps_latest_yearly": 0,
            "eps_growth_yearly": 0
        },
        "20042": {
            "year_quarter": 20042,
            "year": 2004,
            "quarter": 2,
            "eps": null,
            "eps_growth_year": null,
            "eps_4q": null,
            "eps_4q_growth_year": null,
            "roe": null,
            "gross_profit": null,
            "gross_margin": null,
            "net_income": null,
            "revenue": null,
            "common_shares": null,
            "equity": null,
            "current_ratio": null,
            "debt_ratio": null,
            "inventory_turnover_ratio": null,
            "account_receivable_turnover_ratio": null,
            "reinvestment_rate": null,
            "research_to_sale_ratio": null,
            "price_fair": 0,
            "eps_avg_yearly": 0,
            "eps_latest_yearly": 0,
            "eps_growth_yearly": 0
        },
        "20043": {
            "year_quarter": 20043,
            "year": 2004,
            "quarter": 3,
            "eps": null,
            "eps_growth_year": null,
            "eps_4q": null,
            "eps_4q_growth_year": null,
            "roe": null,
            "gross_profit": null,
            "gross_margin": null,
            "net_income": null,
            "revenue": null,
            "common_shares": null,
            "equity": null,
            "current_ratio": null,
            "debt_ratio": null,
            "inventory_turnover_ratio": null,
            "account_receivable_turnover_ratio": null,
            "reinvestment_rate": null,
            "research_to_sale_ratio": null,
            "price_fair": 0,
            "eps_avg_yearly": 0,
            "eps_latest_yearly": 0,
            "eps_growth_yearly": 0
        },
        "20044": {
            "year_quarter": 20044,
            "year": 2004,
            "quarter": 4,
            "eps": null,
            "eps_growth_year": null,
            "eps_4q": null,
            "eps_4q_growth_year": null,
            "roe": null,
            "gross_profit": null,
            "gross_margin": null,
            "net_income": null,
            "revenue": null,
            "common_shares": null,
            "equity": null,
            "current_ratio": null,
            "debt_ratio": null,
            "inventory_turnover_ratio": null,
            "account_receivable_turnover_ratio": null,
            "reinvestment_rate": null,
            "research_to_sale_ratio": null,
            "price_fair": 0,
            "eps_avg_yearly": 0,
            "eps_latest_yearly": 0,
            "eps_growth_yearly": 0
        },
        "20051": {
            "year_quarter": 20051,
            "year": 2005,
            "quarter": 1,
            "eps": null,
            "eps_growth_year": null,
            "eps_4q": null,
            "eps_4q_growth_year": null,
            "roe": null,
            "gross_profit": null,
            "gross_margin": null,
            "net_income": null,
            "revenue": null,
            "common_shares": null,
            "equity": null,
            "current_ratio": null,
            "debt_ratio": null,
            "inventory_turnover_ratio": null,
            "account_receivable_turnover_ratio": null,
            "reinvestment_rate": null,
            "research_to_sale_ratio": null,
            "price_fair": 0,
            "eps_avg_yearly": 0,
            "eps_latest_yearly": 0,
            "eps_growth_yearly": 0
        },
        "20052": {
            "year_quarter": 20052,
            "year": 2005,
            "quarter": 2,
            "eps": null,
            "eps_growth_year": null,
            "eps_4q": null,
            "eps_4q_growth_year": null,
            "roe": null,
            "gross_profit": null,
            "gross_margin": null,
            "net_income": null,
            "revenue": null,
            "common_shares": null,
            "equity": null,
            "current_ratio": null,
            "debt_ratio": null,
            "inventory_turnover_ratio": null,
            "account_receivable_turnover_ratio": null,
            "reinvestment_rate": null,
            "research_to_sale_ratio": null,
            "price_fair": 0,
            "eps_avg_yearly": 0,
            "eps_latest_yearly": 0,
            "eps_growth_yearly": 0
        },
        "20053": {
            "year_quarter": 20053,
            "year": 2005,
            "quarter": 3,
            "eps": null,
            "eps_growth_year": null,
            "eps_4q": null,
            "eps_4q_growth_year": null,
            "roe": null,
            "gross_profit": null,
            "gross_margin": null,
            "net_income": null,
            "revenue": null,
            "common_shares": null,
            "equity": null,
            "current_ratio": null,
            "debt_ratio": null,
            "inventory_turnover_ratio": null,
            "account_receivable_turnover_ratio": null,
            "reinvestment_rate": null,
            "research_to_sale_ratio": null,
            "price_fair": 0,
            "eps_avg_yearly": 0,
            "eps_latest_yearly": 0,
            "eps_growth_yearly": 0
        },
        "20054": {
            "year_quarter": 20054,
            "year": 2005,
            "quarter": 4,
            "eps": null,
            "eps_growth_year": null,
            "eps_4q": null,
            "eps_4q_growth_year": null,
            "roe": null,
            "gross_profit": null,
            "gross_margin": null,
            "net_income": null,
            "revenue": null,
            "common_shares": null,
            "equity": null,
            "current_ratio": null,
            "debt_ratio": null,
            "inventory_turnover_ratio": null,
            "account_receivable_turnover_ratio": null,
            "reinvestment_rate": null,
            "research_to_sale_ratio": null,
            "price_fair": 0,
            "eps_avg_yearly": 0,
            "eps_latest_yearly": 0,
            "eps_growth_yearly": 0
        },
        "20061": {
            "year_quarter": 20061,
            "year": 2006,
            "quarter": 1,
            "eps": null,
            "eps_growth_year": null,
            "eps_4q": null,
            "eps_4q_growth_year": null,
            "roe": null,
            "gross_profit": null,
            "gross_margin": null,
            "net_income": null,
            "revenue": null,
            "common_shares": null,
            "equity": null,
            "current_ratio": null,
            "debt_ratio": null,
            "inventory_turnover_ratio": null,
            "account_receivable_turnover_ratio": null,
            "reinvestment_rate": null,
            "research_to_sale_ratio": null,
            "price_fair": 0,
            "eps_avg_yearly": 0,
            "eps_latest_yearly": 0,
            "eps_growth_yearly": 0
        },
        "20062": {
            "year_quarter": 20062,
            "year": 2006,
            "quarter": 2,
            "eps": null,
            "eps_growth_year": null,
            "eps_4q": null,
            "eps_4q_growth_year": null,
            "roe": null,
            "gross_profit": null,
            "gross_margin": null,
            "net_income": null,
            "revenue": null,
            "common_shares": null,
            "equity": null,
            "current_ratio": null,
            "debt_ratio": null,
            "inventory_turnover_ratio": null,
            "account_receivable_turnover_ratio": null,
            "reinvestment_rate": null,
            "research_to_sale_ratio": null,
            "price_fair": 0,
            "eps_avg_yearly": 0,
            "eps_latest_yearly": 0,
            "eps_growth_yearly": 0
        },
        "20063": {
            "year_quarter": 20063,
            "year": 2006,
            "quarter": 3,
            "eps": null,
            "eps_growth_year": null,
            "eps_4q": null,
            "eps_4q_growth_year": null,
            "roe": null,
            "gross_profit": null,
            "gross_margin": null,
            "net_income": null,
            "revenue": null,
            "common_shares": null,
            "equity": null,
            "current_ratio": null,
            "debt_ratio": null,
            "inventory_turnover_ratio": null,
            "account_receivable_turnover_ratio": null,
            "reinvestment_rate": null,
            "research_to_sale_ratio": null,
            "price_fair": 0,
            "eps_avg_yearly": 0,
            "eps_latest_yearly": 0,
            "eps_growth_yearly": 0
        },
        "20064": {
            "year_quarter": 20064,
            "year": 2006,
            "quarter": 4,
            "eps": null,
            "eps_growth_year": null,
            "eps_4q": null,
            "eps_4q_growth_year": null,
            "roe": null,
            "gross_profit": null,
            "gross_margin": null,
            "net_income": null,
            "revenue": null,
            "common_shares": null,
            "equity": null,
            "current_ratio": null,
            "debt_ratio": null,
            "inventory_turnover_ratio": null,
            "account_receivable_turnover_ratio": null,
            "reinvestment_rate": null,
            "research_to_sale_ratio": null,
            "price_fair": 0,
            "eps_avg_yearly": 0,
            "eps_latest_yearly": 0,
            "eps_growth_yearly": 0
        },
        "20071": {
            "year_quarter": 20071,
            "year": 2007,
            "quarter": 1,
            "eps": null,
            "eps_growth_year": null,
            "eps_4q": null,
            "eps_4q_growth_year": null,
            "roe": null,
            "gross_profit": null,
            "gross_margin": null,
            "net_income": null,
            "revenue": null,
            "common_shares": null,
            "equity": null,
            "current_ratio": null,
            "debt_ratio": null,
            "inventory_turnover_ratio": null,
            "account_receivable_turnover_ratio": null,
            "reinvestment_rate": null,
            "research_to_sale_ratio": null,
            "price_fair": 0,
            "eps_avg_yearly": 0,
            "eps_latest_yearly": 0,
            "eps_growth_yearly": 0
        },
        "20072": {
            "year_quarter": 20072,
            "year": 2007,
            "quarter": 2,
            "eps": null,
            "eps_growth_year": null,
            "eps_4q": null,
            "eps_4q_growth_year": null,
            "roe": null,
            "gross_profit": null,
            "gross_margin": null,
            "net_income": null,
            "revenue": null,
            "common_shares": null,
            "equity": null,
            "current_ratio": null,
            "debt_ratio": null,
            "inventory_turnover_ratio": null,
            "account_receivable_turnover_ratio": null,
            "reinvestment_rate": null,
            "research_to_sale_ratio": null,
            "price_fair": 0,
            "eps_avg_yearly": 0,
            "eps_latest_yearly": 0,
            "eps_growth_yearly": 0
        },
        "20073": {
            "year_quarter": 20073,
            "year": 2007,
            "quarter": 3,
            "eps": null,
            "eps_growth_year": null,
            "eps_4q": null,
            "eps_4q_growth_year": null,
            "roe": null,
            "gross_profit": null,
            "gross_margin": null,
            "net_income": null,
            "revenue": null,
            "common_shares": null,
            "equity": null,
            "current_ratio": null,
            "debt_ratio": null,
            "inventory_turnover_ratio": null,
            "account_receivable_turnover_ratio": null,
            "reinvestment_rate": null,
            "research_to_sale_ratio": null,
            "price_fair": 0,
            "eps_avg_yearly": 0,
            "eps_latest_yearly": 0,
            "eps_growth_yearly": 0
        },
        "20074": {
            "year_quarter": 20074,
            "year": 2007,
            "quarter": 4,
            "eps": null,
            "eps_growth_year": null,
            "eps_4q": null,
            "eps_4q_growth_year": null,
            "roe": null,
            "gross_profit": null,
            "gross_margin": null,
            "net_income": null,
            "revenue": null,
            "common_shares": null,
            "equity": null,
            "current_ratio": null,
            "debt_ratio": null,
            "inventory_turnover_ratio": null,
            "account_receivable_turnover_ratio": null,
            "reinvestment_rate": null,
            "research_to_sale_ratio": null,
            "price_fair": 0,
            "eps_avg_yearly": 0,
            "eps_latest_yearly": 0,
            "eps_growth_yearly": 0
        },
        "20081": {
            "year_quarter": 20081,
            "year": 2008,
            "quarter": 1,
            "eps": null,
            "eps_growth_year": null,
            "eps_4q": null,
            "eps_4q_growth_year": null,
            "roe": null,
            "gross_profit": null,
            "gross_margin": null,
            "net_income": null,
            "revenue": null,
            "common_shares": null,
            "equity": null,
            "current_ratio": null,
            "debt_ratio": null,
            "inventory_turnover_ratio": null,
            "account_receivable_turnover_ratio": null,
            "reinvestment_rate": null,
            "research_to_sale_ratio": null,
            "price_fair": 0,
            "eps_avg_yearly": 0,
            "eps_latest_yearly": 0,
            "eps_growth_yearly": 0
        },
        "20082": {
            "year_quarter": 20082,
            "year": 2008,
            "quarter": 2,
            "eps": null,
            "eps_growth_year": null,
            "eps_4q": null,
            "eps_4q_growth_year": null,
            "roe": null,
            "gross_profit": null,
            "gross_margin": null,
            "net_income": null,
            "revenue": null,
            "common_shares": null,
            "equity": null,
            "current_ratio": null,
            "debt_ratio": null,
            "inventory_turnover_ratio": null,
            "account_receivable_turnover_ratio": null,
            "reinvestment_rate": null,
            "research_to_sale_ratio": null,
            "price_fair": 0,
            "eps_avg_yearly": 0,
            "eps_latest_yearly": 0,
            "eps_growth_yearly": 0
        },
        "20083": {
            "year_quarter": 20083,
            "year": 2008,
            "quarter": 3,
            "eps": null,
            "eps_growth_year": null,
            "eps_4q": null,
            "eps_4q_growth_year": null,
            "roe": null,
            "gross_profit": null,
            "gross_margin": null,
            "net_income": null,
            "revenue": null,
            "common_shares": null,
            "equity": null,
            "current_ratio": null,
            "debt_ratio": null,
            "inventory_turnover_ratio": null,
            "account_receivable_turnover_ratio": null,
            "reinvestment_rate": null,
            "research_to_sale_ratio": null,
            "price_fair": 0,
            "eps_avg_yearly": 0,
            "eps_latest_yearly": 0,
            "eps_growth_yearly": 0
        },
        "20084": {
            "year_quarter": 20084,
            "year": 2008,
            "quarter": 4,
            "eps": null,
            "eps_growth_year": null,
            "eps_4q": null,
            "eps_4q_growth_year": null,
            "roe": null,
            "gross_profit": null,
            "gross_margin": null,
            "net_income": null,
            "revenue": null,
            "common_shares": null,
            "equity": null,
            "current_ratio": null,
            "debt_ratio": null,
            "inventory_turnover_ratio": null,
            "account_receivable_turnover_ratio": null,
            "reinvestment_rate": null,
            "research_to_sale_ratio": null,
            "price_fair": 0,
            "eps_avg_yearly": 0,
            "eps_latest_yearly": 0,
            "eps_growth_yearly": 0
        },
        "20091": {
            "year_quarter": 20091,
            "year": 2009,
            "quarter": 1,
            "eps": null,
            "eps_growth_year": null,
            "eps_4q": null,
            "eps_4q_growth_year": null,
            "roe": null,
            "gross_profit": null,
            "gross_margin": null,
            "net_income": null,
            "revenue": null,
            "common_shares": null,
            "equity": null,
            "current_ratio": null,
            "debt_ratio": null,
            "inventory_turnover_ratio": null,
            "account_receivable_turnover_ratio": null,
            "reinvestment_rate": null,
            "research_to_sale_ratio": null,
            "price_fair": 0,
            "eps_avg_yearly": 0,
            "eps_latest_yearly": 0,
            "eps_growth_yearly": 0
        },
        "20092": {
            "year_quarter": 20092,
            "year": 2009,
            "quarter": 2,
            "eps": null,
            "eps_growth_year": null,
            "eps_4q": null,
            "eps_4q_growth_year": null,
            "roe": null,
            "gross_profit": null,
            "gross_margin": null,
            "net_income": null,
            "revenue": null,
            "common_shares": null,
            "equity": null,
            "current_ratio": null,
            "debt_ratio": null,
            "inventory_turnover_ratio": null,
            "account_receivable_turnover_ratio": null,
            "reinvestment_rate": null,
            "research_to_sale_ratio": null,
            "price_fair": 0,
            "eps_avg_yearly": 0,
            "eps_latest_yearly": 0,
            "eps_growth_yearly": 0
        },
        "20093": {
            "year_quarter": 20093,
            "year": 2009,
            "quarter": 3,
            "eps": null,
            "eps_growth_year": null,
            "eps_4q": null,
            "eps_4q_growth_year": null,
            "roe": null,
            "gross_profit": null,
            "gross_margin": null,
            "net_income": null,
            "revenue": null,
            "common_shares": null,
            "equity": null,
            "current_ratio": null,
            "debt_ratio": null,
            "inventory_turnover_ratio": null,
            "account_receivable_turnover_ratio": null,
            "reinvestment_rate": null,
            "research_to_sale_ratio": null,
            "price_fair": 0,
            "eps_avg_yearly": 0,
            "eps_latest_yearly": 0,
            "eps_growth_yearly": 0
        },
        "20094": {
            "year_quarter": 20094,
            "year": 2009,
            "quarter": 4,
            "eps": null,
            "eps_growth_year": null,
            "eps_4q": null,
            "eps_4q_growth_year": null,
            "roe": null,
            "gross_profit": null,
            "gross_margin": null,
            "net_income": null,
            "revenue": null,
            "common_shares": null,
            "equity": null,
            "current_ratio": null,
            "debt_ratio": null,
            "inventory_turnover_ratio": null,
            "account_receivable_turnover_ratio": null,
            "reinvestment_rate": null,
            "research_to_sale_ratio": null,
            "price_fair": 0,
            "eps_avg_yearly": 0,
            "eps_latest_yearly": 0,
            "eps_growth_yearly": 0
        },
        "20101": {
            "year_quarter": 20101,
            "year": 2010,
            "quarter": 1,
            "eps": null,
            "eps_growth_year": null,
            "eps_4q": null,
            "eps_4q_growth_year": null,
            "roe": null,
            "gross_profit": null,
            "gross_margin": null,
            "net_income": null,
            "revenue": null,
            "common_shares": null,
            "equity": null,
            "current_ratio": null,
            "debt_ratio": null,
            "inventory_turnover_ratio": null,
            "account_receivable_turnover_ratio": null,
            "reinvestment_rate": null,
            "research_to_sale_ratio": null,
            "price_fair": 0,
            "eps_avg_yearly": 0,
            "eps_latest_yearly": 0,
            "eps_growth_yearly": 0
        },
        "20102": {
            "year_quarter": 20102,
            "year": 2010,
            "quarter": 2,
            "eps": null,
            "eps_growth_year": null,
            "eps_4q": null,
            "eps_4q_growth_year": null,
            "roe": null,
            "gross_profit": null,
            "gross_margin": null,
            "net_income": null,
            "revenue": null,
            "common_shares": null,
            "equity": null,
            "current_ratio": null,
            "debt_ratio": null,
            "inventory_turnover_ratio": null,
            "account_receivable_turnover_ratio": null,
            "reinvestment_rate": null,
            "research_to_sale_ratio": null,
            "price_fair": 0,
            "eps_avg_yearly": 0,
            "eps_latest_yearly": 0,
            "eps_growth_yearly": 0
        },
        "20103": {
            "year_quarter": 20103,
            "year": 2010,
            "quarter": 3,
            "eps": null,
            "eps_growth_year": null,
            "eps_4q": null,
            "eps_4q_growth_year": null,
            "roe": null,
            "gross_profit": null,
            "gross_margin": null,
            "net_income": null,
            "revenue": null,
            "common_shares": null,
            "equity": null,
            "current_ratio": null,
            "debt_ratio": null,
            "inventory_turnover_ratio": null,
            "account_receivable_turnover_ratio": null,
            "reinvestment_rate": null,
            "research_to_sale_ratio": null,
            "price_fair": 0,
            "eps_avg_yearly": 0,
            "eps_latest_yearly": 0,
            "eps_growth_yearly": 0
        },
        "20104": {
            "year_quarter": 20104,
            "year": 2010,
            "quarter": 4,
            "eps": null,
            "eps_growth_year": null,
            "eps_4q": null,
            "eps_4q_growth_year": null,
            "roe": null,
            "gross_profit": null,
            "gross_margin": null,
            "net_income": null,
            "revenue": null,
            "common_shares": null,
            "equity": null,
            "current_ratio": null,
            "debt_ratio": null,
            "inventory_turnover_ratio": null,
            "account_receivable_turnover_ratio": null,
            "reinvestment_rate": null,
            "research_to_sale_ratio": null,
            "price_fair": 0,
            "eps_avg_yearly": 0,
            "eps_latest_yearly": 0,
            "eps_growth_yearly": 0
        },
        "20111": {
            "year_quarter": 20111,
            "year": 2011,
            "quarter": 1,
            "eps": null,
            "eps_growth_year": null,
            "eps_4q": null,
            "eps_4q_growth_year": null,
            "roe": null,
            "gross_profit": null,
            "gross_margin": null,
            "net_income": null,
            "revenue": null,
            "common_shares": null,
            "equity": null,
            "current_ratio": null,
            "debt_ratio": null,
            "inventory_turnover_ratio": null,
            "account_receivable_turnover_ratio": null,
            "reinvestment_rate": null,
            "research_to_sale_ratio": null,
            "price_fair": 0,
            "eps_avg_yearly": 0,
            "eps_latest_yearly": 0,
            "eps_growth_yearly": 0
        },
        "20112": {
            "year_quarter": 20112,
            "year": 2011,
            "quarter": 2,
            "eps": null,
            "eps_growth_year": null,
            "eps_4q": null,
            "eps_4q_growth_year": null,
            "roe": null,
            "gross_profit": null,
            "gross_margin": null,
            "net_income": null,
            "revenue": null,
            "common_shares": null,
            "equity": null,
            "current_ratio": null,
            "debt_ratio": null,
            "inventory_turnover_ratio": null,
            "account_receivable_turnover_ratio": null,
            "reinvestment_rate": null,
            "research_to_sale_ratio": null,
            "price_fair": 0,
            "eps_avg_yearly": 0,
            "eps_latest_yearly": 0,
            "eps_growth_yearly": 0
        },
        "20113": {
            "year_quarter": 20113,
            "year": 2011,
            "quarter": 3,
            "eps": null,
            "eps_growth_year": null,
            "eps_4q": null,
            "eps_4q_growth_year": null,
            "roe": null,
            "gross_profit": null,
            "gross_margin": null,
            "net_income": null,
            "revenue": null,
            "common_shares": null,
            "equity": null,
            "current_ratio": null,
            "debt_ratio": null,
            "inventory_turnover_ratio": null,
            "account_receivable_turnover_ratio": null,
            "reinvestment_rate": null,
            "research_to_sale_ratio": null,
            "price_fair": 0,
            "eps_avg_yearly": 0,
            "eps_latest_yearly": 0,
            "eps_growth_yearly": 0
        },
        "20114": {
            "year_quarter": 20114,
            "year": 2011,
            "quarter": 4,
            "eps": null,
            "eps_growth_year": null,
            "eps_4q": null,
            "eps_4q_growth_year": null,
            "roe": null,
            "gross_profit": null,
            "gross_margin": null,
            "net_income": null,
            "revenue": null,
            "common_shares": 6940,
            "equity": -233862,
            "current_ratio": 73.19,
            "debt_ratio": 154.13,
            "inventory_turnover_ratio": null,
            "account_receivable_turnover_ratio": null,
            "reinvestment_rate": null,
            "research_to_sale_ratio": null,
            "price_fair": 0,
            "eps_avg_yearly": 0,
            "eps_latest_yearly": 0,
            "eps_growth_yearly": 0
        },
        "20121": {
            "year_quarter": 20121,
            "year": 2012,
            "quarter": 1,
            "eps": null,
            "eps_growth_year": null,
            "eps_4q": null,
            "eps_4q_growth_year": null,
            "roe": null,
            "gross_profit": null,
            "gross_margin": null,
            "net_income": null,
            "revenue": null,
            "common_shares": null,
            "equity": null,
            "current_ratio": null,
            "debt_ratio": null,
            "inventory_turnover_ratio": null,
            "account_receivable_turnover_ratio": null,
            "reinvestment_rate": null,
            "research_to_sale_ratio": null,
            "price_fair": 0,
            "eps_avg_yearly": 0,
            "eps_latest_yearly": 0,
            "eps_growth_yearly": 0
        },
        "20122": {
            "year_quarter": 20122,
            "year": 2012,
            "quarter": 2,
            "eps": null,
            "eps_growth_year": null,
            "eps_4q": null,
            "eps_4q_growth_year": null,
            "roe": null,
            "gross_profit": null,
            "gross_margin": null,
            "net_income": null,
            "revenue": null,
            "common_shares": null,
            "equity": null,
            "current_ratio": null,
            "debt_ratio": null,
            "inventory_turnover_ratio": null,
            "account_receivable_turnover_ratio": null,
            "reinvestment_rate": null,
            "research_to_sale_ratio": null,
            "price_fair": 0,
            "eps_avg_yearly": 0,
            "eps_latest_yearly": 0,
            "eps_growth_yearly": 0
        },
        "20123": {
            "year_quarter": 20123,
            "year": 2012,
            "quarter": 3,
            "eps": null,
            "eps_growth_year": null,
            "eps_4q": null,
            "eps_4q_growth_year": null,
            "roe": null,
            "gross_profit": null,
            "gross_margin": null,
            "net_income": null,
            "revenue": null,
            "common_shares": null,
            "equity": null,
            "current_ratio": null,
            "debt_ratio": null,
            "inventory_turnover_ratio": null,
            "account_receivable_turnover_ratio": null,
            "reinvestment_rate": null,
            "research_to_sale_ratio": null,
            "price_fair": 0,
            "eps_avg_yearly": 0,
            "eps_latest_yearly": 0,
            "eps_growth_yearly": 0
        },
        "20124": {
            "year_quarter": 20124,
            "year": 2012,
            "quarter": 4,
            "eps": null,
            "eps_growth_year": null,
            "eps_4q": null,
            "eps_4q_growth_year": null,
            "roe": null,
            "gross_profit": null,
            "gross_margin": null,
            "net_income": null,
            "revenue": null,
            "common_shares": 9097,
            "equity": 68017,
            "current_ratio": 150.51,
            "debt_ratio": 88.36,
            "inventory_turnover_ratio": null,
            "account_receivable_turnover_ratio": null,
            "reinvestment_rate": null,
            "research_to_sale_ratio": null,
            "price_fair": 0,
            "eps_avg_yearly": 0,
            "eps_latest_yearly": 0,
            "eps_growth_yearly": 0
        },
        "20131": {
            "year_quarter": 20131,
            "year": 2013,
            "quarter": 1,
            "eps": null,
            "eps_growth_year": null,
            "eps_4q": null,
            "eps_4q_growth_year": null,
            "roe": null,
            "gross_profit": null,
            "gross_margin": null,
            "net_income": null,
            "revenue": null,
            "common_shares": null,
            "equity": null,
            "current_ratio": null,
            "debt_ratio": null,
            "inventory_turnover_ratio": null,
            "account_receivable_turnover_ratio": null,
            "reinvestment_rate": null,
            "research_to_sale_ratio": null,
            "price_fair": 0,
            "eps_avg_yearly": 0,
            "eps_latest_yearly": 0,
            "eps_growth_yearly": 0
        },
        "20132": {
            "year_quarter": 20132,
            "year": 2013,
            "quarter": 2,
            "eps": null,
            "eps_growth_year": null,
            "eps_4q": null,
            "eps_4q_growth_year": null,
            "roe": null,
            "gross_profit": null,
            "gross_margin": null,
            "net_income": null,
            "revenue": null,
            "common_shares": 900000,
            "equity": 191730,
            "current_ratio": null,
            "debt_ratio": null,
            "inventory_turnover_ratio": null,
            "account_receivable_turnover_ratio": null,
            "reinvestment_rate": null,
            "research_to_sale_ratio": null,
            "price_fair": 0,
            "eps_avg_yearly": 0,
            "eps_latest_yearly": 0,
            "eps_growth_yearly": 0
        },
        "20133": {
            "year_quarter": 20133,
            "year": 2013,
            "quarter": 3,
            "eps": null,
            "eps_growth_year": null,
            "eps_4q": null,
            "eps_4q_growth_year": null,
            "roe": null,
            "gross_profit": 28254,
            "gross_margin": null,
            "net_income": -106431,
            "revenue": 128377,
            "common_shares": 1200000,
            "equity": 1448999,
            "current_ratio": null,
            "debt_ratio": null,
            "inventory_turnover_ratio": null,
            "account_receivable_turnover_ratio": null,
            "reinvestment_rate": null,
            "research_to_sale_ratio": null,
            "price_fair": 0,
            "eps_avg_yearly": 0,
            "eps_latest_yearly": 0,
            "eps_growth_yearly": 0
        },
        "20134": {
            "year_quarter": 20134,
            "year": 2013,
            "quarter": 4,
            "eps": null,
            "eps_growth_year": null,
            "eps_4q": null,
            "eps_4q_growth_year": null,
            "roe": null,
            "gross_profit": 8727,
            "gross_margin": null,
            "net_income": -186856,
            "revenue": 103096,
            "common_shares": 1200000,
            "equity": 1255983,
            "current_ratio": 674.61,
            "debt_ratio": 27.37,
            "inventory_turnover_ratio": null,
            "account_receivable_turnover_ratio": null,
            "reinvestment_rate": null,
            "research_to_sale_ratio": null,
            "price_fair": 0,
            "eps_avg_yearly": 0,
            "eps_latest_yearly": 0,
            "eps_growth_yearly": 0
        },
        "20141": {
            "year_quarter": 20141,
            "year": 2014,
            "quarter": 1,
            "eps": null,
            "eps_growth_year": null,
            "eps_4q": null,
            "eps_4q_growth_year": null,
            "roe": null,
            "gross_profit": 40568,
            "gross_margin": null,
            "net_income": -98963,
            "revenue": 129095,
            "common_shares": 1200000,
            "equity": 1147924,
            "current_ratio": 509.38,
            "debt_ratio": 32.28,
            "inventory_turnover_ratio": null,
            "account_receivable_turnover_ratio": null,
            "reinvestment_rate": null,
            "research_to_sale_ratio": null,
            "price_fair": 0,
            "eps_avg_yearly": 0,
            "eps_latest_yearly": 0,
            "eps_growth_yearly": 0
        },
        "20142": {
            "year_quarter": 20142,
            "year": 2014,
            "quarter": 2,
            "eps": -1.07,
            "eps_growth_year": null,
            "eps_4q": -1.07,
            "eps_4q_growth_year": null,
            "roe": -9.8,
            "gross_profit": 16730,
            "gross_margin": 9.02,
            "net_income": -144407,
            "revenue": 185527,
            "common_shares": 1350000,
            "equity": 1797862,
            "current_ratio": 911.35,
            "debt_ratio": 20.63,
            "inventory_turnover_ratio": 0.51,
            "account_receivable_turnover_ratio": 3.29,
            "reinvestment_rate": null,
            "research_to_sale_ratio": null,
            "price_fair": 0,
            "eps_avg_yearly": 0,
            "eps_latest_yearly": 0,
            "eps_growth_yearly": 0
        },
        "20143": {
            "year_quarter": 20143,
            "year": 2014,
            "quarter": 3,
            "eps": -1.15,
            "eps_growth_year": null,
            "eps_4q": -2.22,
            "eps_4q_growth_year": null,
            "roe": -9.05,
            "gross_profit": 16610,
            "gross_margin": 15.2,
            "net_income": -155713,
            "revenue": 109284,
            "common_shares": 1350000,
            "equity": 1643593,
            "current_ratio": 891.21,
            "debt_ratio": 19.09,
            "inventory_turnover_ratio": 0.3,
            "account_receivable_turnover_ratio": 1.05,
            "reinvestment_rate": null,
            "research_to_sale_ratio": 41.13,
            "price_fair": 0,
            "eps_avg_yearly": 0,
            "eps_latest_yearly": 0,
            "eps_growth_yearly": 0
        },
        "20144": {
            "year_quarter": 20144,
            "year": 2014,
            "quarter": 4,
            "eps": -0.88,
            "eps_growth_year": null,
            "eps_4q": -2.87,
            "eps_4q_growth_year": null,
            "roe": -6.71,
            "gross_profit": 41143,
            "gross_margin": 20.54,
            "net_income": -132638,
            "revenue": 200301,
            "common_shares": 1510000,
            "equity": 2307600,
            "current_ratio": 915.45,
            "debt_ratio": 17.22,
            "inventory_turnover_ratio": 0.49,
            "account_receivable_turnover_ratio": 1.57,
            "reinvestment_rate": null,
            "research_to_sale_ratio": 26.24,
            "price_fair": 0,
            "eps_avg_yearly": 0,
            "eps_latest_yearly": 0,
            "eps_growth_yearly": 0
        },
        "20151": {
            "year_quarter": 20151,
            "year": 2015,
            "quarter": 1,
            "eps": -1.26,
            "eps_growth_year": null,
            "eps_4q": -4.13,
            "eps_4q_growth_year": null,
            "roe": -8.61,
            "gross_profit": 1146,
            "gross_margin": 1.01,
            "net_income": -190832,
            "revenue": 113325,
            "common_shares": 1510000,
            "equity": 2124992,
            "current_ratio": 762.25,
            "debt_ratio": 17.84,
            "inventory_turnover_ratio": 0.32,
            "account_receivable_turnover_ratio": 0.76,
            "reinvestment_rate": null,
            "research_to_sale_ratio": 44.89,
            "price_fair": 0,
            "eps_avg_yearly": 0,
            "eps_latest_yearly": 0,
            "eps_growth_yearly": 0
        },
        "20152": {
            "year_quarter": 20152,
            "year": 2015,
            "quarter": 2,
            "eps": -0.89,
            "eps_growth_year": null,
            "eps_4q": -4.31,
            "eps_4q_growth_year": null,
            "roe": -7.01,
            "gross_profit": 51354,
            "gross_margin": 38.94,
            "net_income": -131333,
            "revenue": 131894,
            "common_shares": 1510000,
            "equity": 1623409,
            "current_ratio": 506.08,
            "debt_ratio": 23.36,
            "inventory_turnover_ratio": 0.21,
            "account_receivable_turnover_ratio": 0.96,
            "reinvestment_rate": null,
            "research_to_sale_ratio": 38.24,
            "price_fair": 0,
            "eps_avg_yearly": 0,
            "eps_latest_yearly": 0,
            "eps_growth_yearly": 0
        },
        "20153": {
            "year_quarter": 20153,
            "year": 2015,
            "quarter": 3,
            "eps": -0.81,
            "eps_growth_year": null,
            "eps_4q": -4.02,
            "eps_4q_growth_year": null,
            "roe": -7.29,
            "gross_profit": 41989,
            "gross_margin": 17.58,
            "net_income": -114964,
            "revenue": 238796,
            "common_shares": 1418000,
            "equity": 1530539,
            "current_ratio": 548.08,
            "debt_ratio": 22.78,
            "inventory_turnover_ratio": 0.53,
            "account_receivable_turnover_ratio": 1.73,
            "reinvestment_rate": null,
            "research_to_sale_ratio": 21.69,
            "price_fair": 0,
            "eps_avg_yearly": 0,
            "eps_latest_yearly": 0,
            "eps_growth_yearly": 0
        },
        "20154": {
            "year_quarter": 20154,
            "year": 2015,
            "quarter": 4,
            "eps": -1.02,
            "eps_growth_year": null,
            "eps_4q": -4.11,
            "eps_4q_growth_year": null,
            "roe": -10,
            "gross_profit": 861,
            "gross_margin": 0.54,
            "net_income": -145114,
            "revenue": 158923,
            "common_shares": 1418000,
            "equity": 1371302,
            "current_ratio": 600.09,
            "debt_ratio": 21.6,
            "inventory_turnover_ratio": 0.56,
            "account_receivable_turnover_ratio": 1.2,
            "reinvestment_rate": null,
            "research_to_sale_ratio": 31.79,
            "price_fair": 0,
            "eps_avg_yearly": 0,
            "eps_latest_yearly": 0,
            "eps_growth_yearly": 0
        },
        "20161": {
            "year_quarter": 20161,
            "year": 2016,
            "quarter": 1,
            "eps": -0.98,
            "eps_growth_year": null,
            "eps_4q": -3.75,
            "eps_4q_growth_year": null,
            "roe": -10.69,
            "gross_profit": 500,
            "gross_margin": 0.44,
            "net_income": -139639,
            "revenue": 113376,
            "common_shares": 1418000,
            "equity": 1240968,
            "current_ratio": 511.44,
            "debt_ratio": 23.71,
            "inventory_turnover_ratio": 0.47,
            "account_receivable_turnover_ratio": 0.97,
            "reinvestment_rate": null,
            "research_to_sale_ratio": 38.96,
            "price_fair": 0,
            "eps_avg_yearly": 0,
            "eps_latest_yearly": 0,
            "eps_growth_yearly": 0
        },
        "20162": {
            "year_quarter": 20162,
            "year": 2016,
            "quarter": 2,
            "eps": -0.85,
            "eps_growth_year": null,
            "eps_4q": -3.67,
            "eps_4q_growth_year": null,
            "roe": -10.21,
            "gross_profit": 20230,
            "gross_margin": 14.81,
            "net_income": -120496,
            "revenue": 136572,
            "common_shares": 1418000,
            "equity": 1119943,
            "current_ratio": 795.42,
            "debt_ratio": 24.23,
            "inventory_turnover_ratio": 0.52,
            "account_receivable_turnover_ratio": 1.33,
            "reinvestment_rate": null,
            "research_to_sale_ratio": 24.23,
            "price_fair": 0,
            "eps_avg_yearly": 0,
            "eps_latest_yearly": 0,
            "eps_growth_yearly": 0
        },
        "20163": {
            "year_quarter": 20163,
            "year": 2016,
            "quarter": 3,
            "eps": -0.95,
            "eps_growth_year": null,
            "eps_4q": -3.81,
            "eps_4q_growth_year": null,
            "roe": -12.8,
            "gross_profit": -3071,
            "gross_margin": -3.36,
            "net_income": -134726,
            "revenue": 91358,
            "common_shares": 1418000,
            "equity": 985704,
            "current_ratio": 650.63,
            "debt_ratio": 27.22,
            "inventory_turnover_ratio": 0.44,
            "account_receivable_turnover_ratio": 1.06,
            "reinvestment_rate": null,
            "research_to_sale_ratio": 33.54,
            "price_fair": 0,
            "eps_avg_yearly": 0,
            "eps_latest_yearly": 0,
            "eps_growth_yearly": 0
        },
        "20164": {
            "year_quarter": 20164,
            "year": 2016,
            "quarter": 4,
            "eps": -0.93,
            "eps_growth_year": null,
            "eps_4q": -3.71,
            "eps_4q_growth_year": null,
            "roe": -14.03,
            "gross_profit": 4458,
            "gross_margin": 3.84,
            "net_income": -131484,
            "revenue": 116216,
            "common_shares": 1418000,
            "equity": 888067,
            "current_ratio": 499,
            "debt_ratio": 29.35,
            "inventory_turnover_ratio": 0.49,
            "account_receivable_turnover_ratio": 1.42,
            "reinvestment_rate": null,
            "research_to_sale_ratio": 25.81,
            "price_fair": 0,
            "eps_avg_yearly": 0,
            "eps_latest_yearly": 0,
            "eps_growth_yearly": 0
        },
        "20171": {
            "year_quarter": 20171,
            "year": 2017,
            "quarter": 1,
            "eps": -0.91,
            "eps_growth_year": null,
            "eps_4q": -3.64,
            "eps_4q_growth_year": null,
            "roe": -15.88,
            "gross_profit": 7832,
            "gross_margin": 6.02,
            "net_income": -129733,
            "revenue": 130012,
            "common_shares": 1418000,
            "equity": 745528,
            "current_ratio": 489.43,
            "debt_ratio": 31.4,
            "inventory_turnover_ratio": 0.54,
            "account_receivable_turnover_ratio": 1.54,
            "reinvestment_rate": null,
            "research_to_sale_ratio": 22.9,
            "price_fair": 0,
            "eps_avg_yearly": 0,
            "eps_latest_yearly": 0,
            "eps_growth_yearly": 0
        },
        "20172": {
            "year_quarter": 20172,
            "year": 2017,
            "quarter": 2,
            "eps": -0.67,
            "eps_growth_year": null,
            "eps_4q": -3.46,
            "eps_4q_growth_year": null,
            "roe": -13.58,
            "gross_profit": 21186,
            "gross_margin": 18.05,
            "net_income": -94802,
            "revenue": 117381,
            "common_shares": 1418000,
            "equity": 651113,
            "current_ratio": 416.27,
            "debt_ratio": 35.53,
            "inventory_turnover_ratio": 0.44,
            "account_receivable_turnover_ratio": 1.45,
            "reinvestment_rate": null,
            "research_to_sale_ratio": 19.22,
            "price_fair": 0,
            "eps_avg_yearly": 0,
            "eps_latest_yearly": 0,
            "eps_growth_yearly": 0
        },
        "20173": {
            "year_quarter": 20173,
            "year": 2017,
            "quarter": 3,
            "eps": -0.69,
            "eps_growth_year": null,
            "eps_4q": -3.2,
            "eps_4q_growth_year": null,
            "roe": -16.29,
            "gross_profit": 2814,
            "gross_margin": 3.07,
            "net_income": -97483,
            "revenue": 91565,
            "common_shares": 1418000,
            "equity": 545837,
            "current_ratio": 365.21,
            "debt_ratio": 39.65,
            "inventory_turnover_ratio": 0.39,
            "account_receivable_turnover_ratio": 1.32,
            "reinvestment_rate": null,
            "research_to_sale_ratio": 20.3,
            "price_fair": 0,
            "eps_avg_yearly": 0,
            "eps_latest_yearly": 0,
            "eps_growth_yearly": 0
        },
        "20174": {
            "year_quarter": 20174,
            "year": 2017,
            "quarter": 4,
            "eps": -0.66,
            "eps_growth_year": null,
            "eps_4q": -2.93,
            "eps_4q_growth_year": null,
            "roe": -18.42,
            "gross_profit": -9071,
            "gross_margin": -7.27,
            "net_income": -93104,
            "revenue": 124742,
            "common_shares": 1418000,
            "equity": 465104,
            "current_ratio": 386.92,
            "debt_ratio": 40.77,
            "inventory_turnover_ratio": 0.62,
            "account_receivable_turnover_ratio": 1.94,
            "reinvestment_rate": null,
            "research_to_sale_ratio": 12.06,
            "price_fair": 0,
            "eps_avg_yearly": 0,
            "eps_latest_yearly": 0,
            "eps_growth_yearly": 0
        },
        "20181": {
            "year_quarter": 20181,
            "year": 2018,
            "quarter": 1,
            "eps": -0.6,
            "eps_growth_year": null,
            "eps_4q": -2.61,
            "eps_4q_growth_year": null,
            "roe": -20.2,
            "gross_profit": 2877,
            "gross_margin": 3.04,
            "net_income": -84744,
            "revenue": 94672,
            "common_shares": 1418000,
            "equity": 374125,
            "current_ratio": 364.6,
            "debt_ratio": 45.04,
            "inventory_turnover_ratio": 0.49,
            "account_receivable_turnover_ratio": 1.6,
            "reinvestment_rate": null,
            "research_to_sale_ratio": 12.81,
            "price_fair": 0,
            "eps_avg_yearly": 0,
            "eps_latest_yearly": 0,
            "eps_growth_yearly": 0
        },
        "20182": {
            "year_quarter": 20182,
            "year": 2018,
            "quarter": 2,
            "eps": -0.4,
            "eps_growth_year": null,
            "eps_4q": -7.75,
            "eps_4q_growth_year": null,
            "roe": -15.57,
            "gross_profit": 7986,
            "gross_margin": 13.06,
            "net_income": -54325,
            "revenue": 61157,
            "common_shares": 425400,
            "equity": 323648,
            "current_ratio": 318.19,
            "debt_ratio": 49.58,
            "inventory_turnover_ratio": 0.29,
            "account_receivable_turnover_ratio": 1.46,
            "reinvestment_rate": null,
            "research_to_sale_ratio": 18.25,
            "price_fair": 0,
            "eps_avg_yearly": 0,
            "eps_latest_yearly": 0,
            "eps_growth_yearly": 0
        },
        "20183": {
            "year_quarter": 20183,
            "year": 2018,
            "quarter": 3,
            "eps": -1.02,
            "eps_growth_year": null,
            "eps_4q": -6.48,
            "eps_4q_growth_year": null,
            "roe": -14.36,
            "gross_profit": 16665,
            "gross_margin": 18.81,
            "net_income": -43314,
            "revenue": 88583,
            "common_shares": 425400,
            "equity": 279556,
            "current_ratio": 331.58,
            "debt_ratio": 52.18,
            "inventory_turnover_ratio": 0.39,
            "account_receivable_turnover_ratio": 2.66,
            "reinvestment_rate": null,
            "research_to_sale_ratio": 11.42,
            "price_fair": 0,
            "eps_avg_yearly": 0,
            "eps_latest_yearly": 0,
            "eps_growth_yearly": 0
        },
        "20184": {
            "year_quarter": 20184,
            "year": 2018,
            "quarter": 4,
            "eps": -1.31,
            "eps_growth_year": null,
            "eps_4q": -5.59,
            "eps_4q_growth_year": null,
            "roe": -21.37,
            "gross_profit": 9565,
            "gross_margin": 12.12,
            "net_income": -55590,
            "revenue": 78891,
            "common_shares": 425400,
            "equity": 240735,
            "current_ratio": 359,
            "debt_ratio": 52.26,
            "inventory_turnover_ratio": 0.43,
            "account_receivable_turnover_ratio": 3.1,
            "reinvestment_rate": null,
            "research_to_sale_ratio": 10.7,
            "price_fair": 0,
            "eps_avg_yearly": 0,
            "eps_latest_yearly": 0,
            "eps_growth_yearly": 0
        },
        "20191": {
            "year_quarter": 20191,
            "year": 2019,
            "quarter": 1,
            "eps": -0.9,
            "eps_growth_year": null,
            "eps_4q": -4.5,
            "eps_4q_growth_year": null,
            "roe": -17.01,
            "gross_profit": 12024,
            "gross_margin": 21.94,
            "net_income": -38262,
            "revenue": 54813,
            "common_shares": 425400,
            "equity": 209154,
            "current_ratio": 384.55,
            "debt_ratio": 53.43,
            "inventory_turnover_ratio": 0.3,
            "account_receivable_turnover_ratio": 2.89,
            "reinvestment_rate": null,
            "research_to_sale_ratio": 17.85,
            "price_fair": 0,
            "eps_avg_yearly": 0,
            "eps_latest_yearly": 0,
            "eps_growth_yearly": 0
        },
        "20192": {
            "year_quarter": 20192,
            "year": 2019,
            "quarter": 2,
            "eps": -0.51,
            "eps_growth_year": null,
            "eps_4q": -3.74,
            "eps_4q_growth_year": null,
            "roe": -10.94,
            "gross_profit": -1408,
            "gross_margin": -3.3,
            "net_income": -21737,
            "revenue": 42681,
            "common_shares": 425400,
            "equity": 188187,
            "current_ratio": 315.37,
            "debt_ratio": 55.43,
            "inventory_turnover_ratio": 0.31,
            "account_receivable_turnover_ratio": 2.29,
            "reinvestment_rate": null,
            "research_to_sale_ratio": 17.38,
            "price_fair": 0,
            "eps_avg_yearly": 0,
            "eps_latest_yearly": 0,
            "eps_growth_yearly": 0
        },
        "20193": {
            "year_quarter": 20193,
            "year": 2019,
            "quarter": 3,
            "eps": -0.73,
            "eps_growth_year": null,
            "eps_4q": -3.44,
            "eps_4q_growth_year": null,
            "roe": -17.89,
            "gross_profit": 6013,
            "gross_margin": 10.58,
            "net_income": -30918,
            "revenue": 56840,
            "common_shares": 425400,
            "equity": 157402,
            "current_ratio": 314.87,
            "debt_ratio": 58.26,
            "inventory_turnover_ratio": 0.4,
            "account_receivable_turnover_ratio": 3.04,
            "reinvestment_rate": null,
            "research_to_sale_ratio": 13.28,
            "price_fair": 0,
            "eps_avg_yearly": 0,
            "eps_latest_yearly": 0,
            "eps_growth_yearly": 0
        },
        "20194": {
            "year_quarter": 20194,
            "year": 2019,
            "quarter": 4,
            "eps": -1.44,
            "eps_growth_year": null,
            "eps_4q": -3.58,
            "eps_4q_growth_year": null,
            "roe": -47.77,
            "gross_profit": -2024,
            "gross_margin": -7.39,
            "net_income": -61466,
            "revenue": 27395,
            "common_shares": 425400,
            "equity": 99957,
            "current_ratio": 284.02,
            "debt_ratio": 66.45,
            "inventory_turnover_ratio": 0.27,
            "account_receivable_turnover_ratio": 2.34,
            "reinvestment_rate": null,
            "research_to_sale_ratio": 35.36,
            "price_fair": 0,
            "eps_avg_yearly": 0,
            "eps_latest_yearly": 0,
            "eps_growth_yearly": 0
        },
        "20201": {
            "year_quarter": 20201,
            "year": 2020,
            "quarter": 1,
            "eps": -0.62,
            "eps_growth_year": null,
            "eps_4q": -2.21,
            "eps_4q_growth_year": null,
            "roe": -24.52,
            "gross_profit": -2540,
            "gross_margin": -12.1,
            "net_income": -30578,
            "revenue": 20985,
            "common_shares": 655400,
            "equity": 149439,
            "current_ratio": 333.84,
            "debt_ratio": 58.21,
            "inventory_turnover_ratio": 0.22,
            "account_receivable_turnover_ratio": 5.86,
            "reinvestment_rate": null,
            "research_to_sale_ratio": 50.11,
            "price_fair": 0,
            "eps_avg_yearly": 0,
            "eps_latest_yearly": 0,
            "eps_growth_yearly": 0
        },
        "20202": {
            "year_quarter": 20202,
            "year": 2020,
            "quarter": 2,
            "eps": -0.55,
            "eps_growth_year": null,
            "eps_4q": -2.43,
            "eps_4q_growth_year": null,
            "roe": -27.38,
            "gross_profit": -11999,
            "gross_margin": -44.51,
            "net_income": -36281,
            "revenue": 26956,
            "common_shares": 655400,
            "equity": 115593,
            "current_ratio": 316.65,
            "debt_ratio": 64.39,
            "inventory_turnover_ratio": 0.41,
            "account_receivable_turnover_ratio": 4.24,
            "reinvestment_rate": null,
            "research_to_sale_ratio": 35.35,
            "price_fair": 0,
            "eps_avg_yearly": 0,
            "eps_latest_yearly": 0,
            "eps_growth_yearly": 0
        },
        "20203": {
            "year_quarter": 20203,
            "year": 2020,
            "quarter": 3,
            "eps": -0.36,
            "eps_growth_year": null,
            "eps_4q": -2.32,
            "eps_4q_growth_year": null,
            "roe": -22.69,
            "gross_profit": -675,
            "gross_margin": -2.38,
            "net_income": -23472,
            "revenue": 28360,
            "common_shares": 655400,
            "equity": 91309,
            "current_ratio": 246,
            "debt_ratio": 71.61,
            "inventory_turnover_ratio": 0.35,
            "account_receivable_turnover_ratio": 3.06,
            "reinvestment_rate": null,
            "research_to_sale_ratio": 27.62,
            "price_fair": 0,
            "eps_avg_yearly": 0,
            "eps_latest_yearly": 0,
            "eps_growth_yearly": 0
        },
        "20204": {
            "year_quarter": 20204,
            "year": 2020,
            "quarter": 4,
            "eps": -0.37,
            "eps_growth_year": null,
            "eps_4q": -1.75,
            "eps_4q_growth_year": null,
            "roe": -30.84,
            "gross_profit": -8186,
            "gross_margin": -32.67,
            "net_income": -24534,
            "revenue": 25060,
            "common_shares": 655400,
            "equity": 67790,
            "current_ratio": 219.62,
            "debt_ratio": 76.47,
            "inventory_turnover_ratio": 0.43,
            "account_receivable_turnover_ratio": 3.21,
            "reinvestment_rate": null,
            "research_to_sale_ratio": 33.1,
            "price_fair": 0,
            "eps_avg_yearly": 0,
            "eps_latest_yearly": 0,
            "eps_growth_yearly": 0
        },
        "20211": {
            "year_quarter": 20211,
            "year": 2021,
            "quarter": 1,
            "eps": -0.42,
            "eps_growth_year": null,
            "eps_4q": -1.7,
            "eps_4q_growth_year": null,
            "roe": -49.22,
            "gross_profit": -1847,
            "gross_margin": -6,
            "net_income": -27218,
            "revenue": 30762,
            "common_shares": 655400,
            "equity": 42800,
            "current_ratio": 194.79,
            "debt_ratio": 82.8,
            "inventory_turnover_ratio": 0.48,
            "account_receivable_turnover_ratio": 6.3,
            "reinvestment_rate": null,
            "research_to_sale_ratio": 33.61,
            "price_fair": 0,
            "eps_avg_yearly": 0,
            "eps_latest_yearly": 0,
            "eps_growth_yearly": 0
        },
        "20212": {
            "year_quarter": 20212,
            "year": 2021,
            "quarter": 2,
            "eps": -0.24,
            "eps_growth_year": null,
            "eps_4q": -1.13,
            "eps_4q_growth_year": null,
            "roe": -21.08,
            "gross_profit": 7751,
            "gross_margin": 23.71,
            "net_income": -15654,
            "revenue": 32691,
            "common_shares": 805400,
            "equity": 105690,
            "current_ratio": 274,
            "debt_ratio": 65.95,
            "inventory_turnover_ratio": 0.39,
            "account_receivable_turnover_ratio": 4.57,
            "reinvestment_rate": null,
            "research_to_sale_ratio": 18.44,
            "price_fair": 0,
            "eps_avg_yearly": 0,
            "eps_latest_yearly": 0,
            "eps_growth_yearly": 0
        },
        "20213": {
            "year_quarter": 20213,
            "year": 2021,
            "quarter": 3,
            "eps": -0.37,
            "eps_growth_year": null,
            "eps_4q": -1.21,
            "eps_4q_growth_year": null,
            "roe": -32.76,
            "gross_profit": -8836,
            "gross_margin": -32.21,
            "net_income": -29929,
            "revenue": 27432,
            "common_shares": 805400,
            "equity": 77023,
            "current_ratio": 231.1,
            "debt_ratio": 72.83,
            "inventory_turnover_ratio": 0.62,
            "account_receivable_turnover_ratio": 2.68,
            "reinvestment_rate": null,
            "research_to_sale_ratio": 20.65,
            "price_fair": 0,
            "eps_avg_yearly": 0,
            "eps_latest_yearly": 0,
            "eps_growth_yearly": 0
        },
        "20214": {
            "year_quarter": 20214,
            "year": 2021,
            "quarter": 4,
            "eps": -0.28,
            "eps_growth_year": null,
            "eps_4q": -1.18,
            "eps_4q_growth_year": null,
            "roe": -26.39,
            "gross_profit": -5000,
            "gross_margin": -15.89,
            "net_income": -22593,
            "revenue": 31469,
            "common_shares": 805400,
            "equity": 94193,
            "current_ratio": 268.52,
            "debt_ratio": 67.98,
            "inventory_turnover_ratio": 0.68,
            "account_receivable_turnover_ratio": 2.36,
            "reinvestment_rate": null,
            "research_to_sale_ratio": 7.29,
            "price_fair": 0,
            "eps_avg_yearly": 0,
            "eps_latest_yearly": 0,
            "eps_growth_yearly": 0
        },
        "20221": {
            "year_quarter": 20221,
            "year": 2022,
            "quarter": 1,
            "eps": -0.41,
            "eps_growth_year": null,
            "eps_4q": -1.25,
            "eps_4q_growth_year": null,
            "roe": -42.64,
            "gross_profit": 7270,
            "gross_margin": 12.96,
            "net_income": -32671,
            "revenue": 56086,
            "common_shares": 805400,
            "equity": 59062,
            "current_ratio": 139.56,
            "debt_ratio": 80.68,
            "inventory_turnover_ratio": 0.86,
            "account_receivable_turnover_ratio": 2.58,
            "reinvestment_rate": null,
            "research_to_sale_ratio": 9.89,
            "price_fair": 0,
            "eps_avg_yearly": 0,
            "eps_latest_yearly": 0,
            "eps_growth_yearly": 0
        },
        "20222": {
            "year_quarter": 20222,
            "year": 2022,
            "quarter": 2,
            "eps": -1.1,
            "eps_growth_year": null,
            "eps_4q": -6.4,
            "eps_4q_growth_year": null,
            "roe": -25.83,
            "gross_profit": 14661,
            "gross_margin": 20.82,
            "net_income": -17759,
            "revenue": 70401,
            "common_shares": 161080,
            "equity": 78424,
            "current_ratio": 118.28,
            "debt_ratio": 83.05,
            "inventory_turnover_ratio": 0.72,
            "account_receivable_turnover_ratio": 1.53,
            "reinvestment_rate": null,
            "research_to_sale_ratio": 5.98,
            "price_fair": 0,
            "eps_avg_yearly": 0,
            "eps_latest_yearly": 0,
            "eps_growth_yearly": 0
        },
        "20223": {
            "year_quarter": 20223,
            "year": 2022,
            "quarter": 3,
            "eps": 0.72,
            "eps_growth_year": null,
            "eps_4q": -3,
            "eps_4q_growth_year": null,
            "roe": 9.27,
            "gross_profit": 17745,
            "gross_margin": 22.68,
            "net_income": 12893,
            "revenue": 78234,
            "common_shares": 206080,
            "equity": 199883,
            "current_ratio": 221.72,
            "debt_ratio": 60.39,
            "inventory_turnover_ratio": 0.58,
            "account_receivable_turnover_ratio": 1.21,
            "reinvestment_rate": null,
            "research_to_sale_ratio": 8.76,
            "price_fair": 0,
            "eps_avg_yearly": 0,
            "eps_latest_yearly": 0,
            "eps_growth_yearly": 0
        },
        "20224": {
            "year_quarter": 20224,
            "year": 2022,
            "quarter": 4,
            "eps": -1.25,
            "eps_growth_year": null,
            "eps_4q": -3.03,
            "eps_4q_growth_year": null,
            "roe": -15.23,
            "gross_profit": -1287,
            "gross_margin": -2.59,
            "net_income": -31622,
            "revenue": 49716,
            "common_shares": 221080,
            "equity": 215420,
            "current_ratio": 223.24,
            "debt_ratio": 59.44,
            "inventory_turnover_ratio": 0.45,
            "account_receivable_turnover_ratio": 0.83,
            "reinvestment_rate": null,
            "research_to_sale_ratio": 9.59,
            "price_fair": 0,
            "eps_avg_yearly": 0,
            "eps_latest_yearly": 0,
            "eps_growth_yearly": 0
        },
        "20231": {
            "year_quarter": 20231,
            "year": 2023,
            "quarter": 1,
            "eps": -0.61,
            "eps_growth_year": null,
            "eps_4q": -2.15,
            "eps_4q_growth_year": null,
            "roe": -6.4,
            "gross_profit": 13230,
            "gross_margin": 22.57,
            "net_income": -13376,
            "revenue": 58614,
            "common_shares": 221080,
            "equity": 202483,
            "current_ratio": 234.16,
            "debt_ratio": 59.13,
            "inventory_turnover_ratio": 0.41,
            "account_receivable_turnover_ratio": 1.05,
            "reinvestment_rate": null,
            "research_to_sale_ratio": 7.1,
            "price_fair": 0,
            "eps_avg_yearly": 0,
            "eps_latest_yearly": 0,
            "eps_growth_yearly": 0
        }
    },
    "months": {
        "2013-11": {
            "month": "2013-11",
            "price": "64.50",
            "revenue": 22219
        },
        "2013-12": {
            "month": "2013-12",
            "price": "63.78",
            "revenue": 38991
        },
        "2014-01": {
            "month": "2014-01",
            "price": "62.69",
            "revenue": 44581
        },
        "2014-02": {
            "month": "2014-02",
            "price": "63.25",
            "revenue": 36946
        },
        "2014-03": {
            "month": "2014-03",
            "price": "64.71",
            "revenue": 53929
        },
        "2014-04": {
            "month": "2014-04",
            "price": "65.49",
            "revenue": 63889
        },
        "2014-05": {
            "month": "2014-05",
            "price": "62.86",
            "revenue": 35898
        },
        "2014-06": {
            "month": "2014-06",
            "price": "71.53",
            "revenue": 78723
        },
        "2014-07": {
            "month": "2014-07",
            "price": "68.75",
            "revenue": 34186
        },
        "2014-08": {
            "month": "2014-08",
            "price": "64.40",
            "revenue": 36923
        },
        "2014-09": {
            "month": "2014-09",
            "price": "61.27",
            "revenue": 41302
        },
        "2014-10": {
            "month": "2014-10",
            "price": "60.35",
            "revenue": 66515
        },
        "2014-11": {
            "month": "2014-11",
            "price": "61.40",
            "revenue": 37462
        },
        "2014-12": {
            "month": "2014-12",
            "price": "49.14",
            "revenue": 89895
        },
        "2015-01": {
            "month": "2015-01",
            "price": "44.82",
            "revenue": 37696
        },
        "2015-02": {
            "month": "2015-02",
            "price": "42.85",
            "revenue": 39230
        },
        "2015-03": {
            "month": "2015-03",
            "price": "41.83",
            "revenue": 36874
        },
        "2015-04": {
            "month": "2015-04",
            "price": "38.42",
            "revenue": 49861
        },
        "2015-05": {
            "month": "2015-05",
            "price": "39.68",
            "revenue": 35345
        },
        "2015-06": {
            "month": "2015-06",
            "price": "37.98",
            "revenue": 45811
        },
        "2015-07": {
            "month": "2015-07",
            "price": "36.62",
            "revenue": 144155
        },
        "2015-08": {
            "month": "2015-08",
            "price": "33.40",
            "revenue": 28601
        },
        "2015-09": {
            "month": "2015-09",
            "price": "35.70",
            "revenue": 66586
        },
        "2015-10": {
            "month": "2015-10",
            "price": "39.37",
            "revenue": 30971
        },
        "2015-11": {
            "month": "2015-11",
            "price": "38.22",
            "revenue": 46871
        },
        "2015-12": {
            "month": "2015-12",
            "price": "35.78",
            "revenue": 80387
        },
        "2016-01": {
            "month": "2016-01",
            "price": "31.96",
            "revenue": 33855
        },
        "2016-02": {
            "month": "2016-02",
            "price": "30.77",
            "revenue": 37679
        },
        "2016-03": {
            "month": "2016-03",
            "price": "30.81",
            "revenue": 41754
        },
        "2016-04": {
            "month": "2016-04",
            "price": "28.10",
            "revenue": 37794
        },
        "2016-05": {
            "month": "2016-05",
            "price": "25.09",
            "revenue": 47330
        },
        "2016-06": {
            "month": "2016-06",
            "price": "26.11",
            "revenue": 51293
        },
        "2016-07": {
            "month": "2016-07",
            "price": "24.82",
            "revenue": 29282
        },
        "2016-08": {
            "month": "2016-08",
            "price": "21.64",
            "revenue": 40456
        },
        "2016-09": {
            "month": "2016-09",
            "price": "20.25",
            "revenue": 22105
        },
        "2016-10": {
            "month": "2016-10",
            "price": "16.19",
            "revenue": 33350
        },
        "2016-11": {
            "month": "2016-11",
            "price": "17.48",
            "revenue": 34053
        },
        "2016-12": {
            "month": "2016-12",
            "price": "28.39",
            "revenue": 48816
        },
        "2017-01": {
            "month": "2017-01",
            "price": "26.52",
            "revenue": 41423
        },
        "2017-02": {
            "month": "2017-02",
            "price": "27.13",
            "revenue": 27361
        },
        "2017-03": {
            "month": "2017-03",
            "price": "24.72",
            "revenue": 60860
        },
        "2017-04": {
            "month": "2017-04",
            "price": "21.55",
            "revenue": 25923
        },
        "2017-05": {
            "month": "2017-05",
            "price": "20.32",
            "revenue": 34442
        },
        "2017-06": {
            "month": "2017-06",
            "price": "20.78",
            "revenue": 56811
        },
        "2017-07": {
            "month": "2017-07",
            "price": "20.14",
            "revenue": 26419
        },
        "2017-08": {
            "month": "2017-08",
            "price": "15.69",
            "revenue": 33078
        },
        "2017-09": {
            "month": "2017-09",
            "price": "12.33",
            "revenue": 32142
        },
        "2017-10": {
            "month": "2017-10",
            "price": "10.31",
            "revenue": 54701
        },
        "2017-11": {
            "month": "2017-11",
            "price": "9.62",
            "revenue": 32793
        },
        "2017-12": {
            "month": "2017-12",
            "price": "9.08",
            "revenue": 37135
        },
        "2018-01": {
            "month": "2018-01",
            "price": "8.76",
            "revenue": 51743
        },
        "2018-02": {
            "month": "2018-02",
            "price": "9.27",
            "revenue": 23064
        },
        "2018-03": {
            "month": "2018-03",
            "price": "9.11",
            "revenue": 19983
        },
        "2018-04": {
            "month": "2018-04",
            "price": "7.75",
            "revenue": 18406
        },
        "2018-05": {
            "month": "2018-05",
            "price": "6.49",
            "revenue": 21036
        },
        "2018-06": {
            "month": "2018-06",
            "price": "6.01",
            "revenue": 21691
        },
        "2018-07": {
            "month": "2018-07",
            "price": "5.88",
            "revenue": 28524
        },
        "2018-08": {
            "month": "2018-08",
            "price": "8.88",
            "revenue": 35498
        },
        "2018-09": {
            "month": "2018-09",
            "price": "12.77",
            "revenue": 24729
        },
        "2018-10": {
            "month": "2018-10",
            "price": "11.26",
            "revenue": 22975
        },
        "2018-11": {
            "month": "2018-11",
            "price": "8.73",
            "revenue": 34616
        },
        "2018-12": {
            "month": "2018-12",
            "price": "7.51",
            "revenue": 21201
        },
        "2019-01": {
            "month": "2019-01",
            "price": "7.00",
            "revenue": 19155
        },
        "2019-02": {
            "month": "2019-02",
            "price": "6.96",
            "revenue": 23202
        },
        "2019-03": {
            "month": "2019-03",
            "price": "6.43",
            "revenue": 16426
        },
        "2019-04": {
            "month": "2019-04",
            "price": "6.11",
            "revenue": 11616
        },
        "2019-05": {
            "month": "2019-05",
            "price": "5.31",
            "revenue": 11843
        },
        "2019-06": {
            "month": "2019-06",
            "price": "5.09",
            "revenue": 15190
        },
        "2019-07": {
            "month": "2019-07",
            "price": "5.38",
            "revenue": 26117
        },
        "2019-08": {
            "month": "2019-08",
            "price": "4.44",
            "revenue": 16943
        },
        "2019-09": {
            "month": "2019-09",
            "price": "4.76",
            "revenue": 13735
        },
        "2019-10": {
            "month": "2019-10",
            "price": "4.24",
            "revenue": 9259
        },
        "2019-11": {
            "month": "2019-11",
            "price": "4.07",
            "revenue": 10267
        },
        "2019-12": {
            "month": "2019-12",
            "price": "3.79",
            "revenue": 8155
        },
        "2020-01": {
            "month": "2020-01",
            "price": "3.66",
            "revenue": 7125
        },
        "2020-02": {
            "month": "2020-02",
            "price": "4.48",
            "revenue": 6161
        },
        "2020-03": {
            "month": "2020-03",
            "price": "3.66",
            "revenue": 7696
        },
        "2020-04": {
            "month": "2020-04",
            "price": "2.78",
            "revenue": 10587
        },
        "2020-05": {
            "month": "2020-05",
            "price": "3.79",
            "revenue": 9937
        },
        "2020-06": {
            "month": "2020-06",
            "price": "4.24",
            "revenue": 6422
        },
        "2020-07": {
            "month": "2020-07",
            "price": "5.59",
            "revenue": 10446
        },
        "2020-08": {
            "month": "2020-08",
            "price": "5.13",
            "revenue": 12452
        },
        "2020-09": {
            "month": "2020-09",
            "price": "12.51",
            "revenue": 5229
        },
        "2020-10": {
            "month": "2020-10",
            "price": "10.95",
            "revenue": 6378
        },
        "2020-11": {
            "month": "2020-11",
            "price": "8.82",
            "revenue": 4304
        },
        "2020-12": {
            "month": "2020-12",
            "price": "8.31",
            "revenue": 14770
        },
        "2021-01": {
            "month": "2021-01",
            "price": "7.89",
            "revenue": 12494
        },
        "2021-02": {
            "month": "2021-02",
            "price": "7.84",
            "revenue": 10462
        },
        "2021-03": {
            "month": "2021-03",
            "price": "8.08",
            "revenue": 7812
        },
        "2021-04": {
            "month": "2021-04",
            "price": "7.59",
            "revenue": 7149
        },
        "2021-05": {
            "month": "2021-05",
            "price": "7.02",
            "revenue": 8272
        },
        "2021-06": {
            "month": "2021-06",
            "price": "6.36",
            "revenue": 17276
        },
        "2021-07": {
            "month": "2021-07",
            "price": "5.96",
            "revenue": 7815
        },
        "2021-08": {
            "month": "2021-08",
            "price": "6.20",
            "revenue": 7380
        },
        "2021-09": {
            "month": "2021-09",
            "price": "6.71",
            "revenue": 12089
        },
        "2021-10": {
            "month": "2021-10",
            "price": "6.41",
            "revenue": 7887
        },
        "2021-11": {
            "month": "2021-11",
            "price": "6.14",
            "revenue": 11823
        },
        "2021-12": {
            "month": "2021-12",
            "price": "5.94",
            "revenue": 11874
        },
        "2022-01": {
            "month": "2022-01",
            "price": "6.17",
            "revenue": 19448
        },
        "2022-02": {
            "month": "2022-02",
            "price": "6.55",
            "revenue": 15444
        },
        "2022-03": {
            "month": "2022-03",
            "price": "5.34",
            "revenue": 21173
        },
        "2022-04": {
            "month": "2022-04",
            "price": "5.01",
            "revenue": 14079
        },
        "2022-05": {
            "month": "2022-05",
            "price": "4.88",
            "revenue": 26031
        },
        "2022-06": {
            "month": "2022-06",
            "price": "4.85",
            "revenue": 30925
        },
        "2022-07": {
            "month": "2022-07",
            "price": "4.73",
            "revenue": 29506
        },
        "2022-08": {
            "month": "2022-08",
            "price": "22.52",
            "revenue": 22867
        },
        "2022-09": {
            "month": "2022-09",
            "price": "27.34",
            "revenue": 25256
        },
        "2022-10": {
            "month": "2022-10",
            "price": "26.49",
            "revenue": 15125
        },
        "2022-11": {
            "month": "2022-11",
            "price": "26.93",
            "revenue": 21284
        },
        "2022-12": {
            "month": "2022-12",
            "price": "27.27",
            "revenue": 20949
        },
        "2023-01": {
            "month": "2023-01",
            "price": "26.27",
            "revenue": 16087
        },
        "2023-02": {
            "month": "2023-02",
            "price": "26.05",
            "revenue": 17253
        },
        "2023-03": {
            "month": "2023-03",
            "price": "25.42",
            "revenue": 24746
        },
        "2023-04": {
            "month": "2023-04",
            "price": "24.92",
            "revenue": 19015
        }
    }
}
