{
    "summary": {
        "stock_name": "中華食",
        "stock_id": "4205",
        "category": "食品",
        "main_business": "中華豆腐,豆花<br>冷凍食品,火鍋料",
        "website_url": "http://www.herngyih.com.tw/",
        "ceo": "陳民生",
        "pe_ratio": 26,
        "report_year_from": 2001,
        "report_year_to": 2023,
        "age": 22,
        "eps_negative_percentage": 0,
        "eps_growth_avg": {
            "last_all": 6.48,
            "last_2y": 4.52,
            "last_4y": 4.14,
            "last_8y": 9.01,
            "last_12y": 4.95,
            "last_16y": 5.64,
            "last_20y": 6.48,
            "at_2006_last_3y": 0.91,
            "at_2007_last_3y": 1.71,
            "at_2008_last_3y": 0.67,
            "at_2009_last_3y": 7.91,
            "at_2010_last_3y": 5.55,
            "at_2011_last_3y": 0.57,
            "at_2012_last_3y": 6.93,
            "at_2013_last_3y": -4.2,
            "at_2014_last_3y": -4.33,
            "at_2015_last_3y": 9.62,
            "at_2016_last_3y": 10.16,
            "at_2017_last_3y": 15.11,
            "at_2018_last_3y": 13.51,
            "at_2019_last_3y": 9.67,
            "at_2020_last_3y": 8.53,
            "at_2021_last_3y": 4.79,
            "at_2022_last_3y": 7.41,
            "at_2023_last_3y": 7.41,
            "at_2006_last_all": 9.49,
            "at_2007_last_all": 7.17,
            "at_2008_last_all": 5.55,
            "at_2009_last_all": 8.96,
            "at_2010_last_all": 7.74,
            "at_2011_last_all": 4.53,
            "at_2012_last_all": 6.05,
            "at_2013_last_all": 4.57,
            "at_2014_last_all": 4.02,
            "at_2015_last_all": 5.98,
            "at_2016_last_all": 7.15,
            "at_2017_last_all": 7.21,
            "at_2018_last_all": 6.26,
            "at_2019_last_all": 6.8,
            "at_2020_last_all": 7.44,
            "at_2021_last_all": 6.72,
            "at_2022_last_all": 6.48,
            "at_2023_last_all": 6.48
        },
        "latest_eps": 3.98,
        "latest_price": 104,
        "latest_roe": 18.31,
        "latest_gross_margin": 36.7,
        "latest_equity": 1971879,
        "latest_revenue": 468727,
        "latest_gross_profit": 172029,
        "latest_net_income": 82185,
        "latest_debt_ratio": 15.75,
        "latest_current_ratio": 544.21,
        "latest_account_receivable_turnover_ratio": 2.54,
        "latest_inventory_turnover_ratio": 4.6,
        "latest_reinvestment_rate": 10.74,
        "latest_research_to_sale_ratio": 0.15
    },
    "eps_dividends": {
        "1999": {
            "cash": 1,
            "stock": 1,
            "eps": 0
        },
        "2000": {
            "cash": 1,
            "stock": 0,
            "eps": 0
        },
        "2001": {
            "cash": 1,
            "stock": 0,
            "eps": 1.37
        },
        "2002": {
            "cash": 1,
            "stock": 0,
            "eps": 1.97
        },
        "2003": {
            "cash": 2,
            "stock": 1,
            "eps": 1.82
        },
        "2004": {
            "cash": 1,
            "stock": 0,
            "eps": 1.82
        },
        "2005": {
            "cash": 1,
            "stock": 0,
            "eps": 1.89
        },
        "2006": {
            "cash": 1,
            "stock": 1,
            "eps": 2.03
        },
        "2007": {
            "cash": 2,
            "stock": 0,
            "eps": 1.94
        },
        "2008": {
            "cash": 2,
            "stock": 0,
            "eps": 1.86
        },
        "2009": {
            "cash": 2,
            "stock": 0,
            "eps": 2.47
        },
        "2010": {
            "cash": 1,
            "stock": 1,
            "eps": 2.42
        },
        "2011": {
            "cash": 2,
            "stock": 0,
            "eps": 1.83
        },
        "2012": {
            "cash": 2,
            "stock": 0,
            "eps": 2.22
        },
        "2013": {
            "cash": 1,
            "stock": 1,
            "eps": 1.96
        },
        "2014": {
            "cash": 2,
            "stock": 0,
            "eps": 1.91
        },
        "2015": {
            "cash": 2,
            "stock": 0,
            "eps": 2.51
        },
        "2016": {
            "cash": 2,
            "stock": 0,
            "eps": 3.1
        },
        "2017": {
            "cash": 2,
            "stock": 1,
            "eps": 3.35
        },
        "2018": {
            "cash": 3,
            "stock": 0,
            "eps": 3.05
        },
        "2019": {
            "cash": 3,
            "stock": 0,
            "eps": 3.54
        },
        "2020": {
            "cash": 3,
            "stock": 0,
            "eps": 4.21
        },
        "2021": {
            "cash": 2,
            "stock": 1,
            "eps": 3.92
        },
        "2022": {
            "cash": 3,
            "stock": 0,
            "eps": 3.98
        },
        "2023": {
            "cash": 3,
            "stock": 0,
            "eps": 0.93
        }
    },
    "dividends": {
        "1999-05-18": {
            "cash": 0.5,
            "stock": 0.5
        },
        "2000-05-31": {
            "cash": 0.8,
            "stock": 0
        },
        "2001-05-17": {
            "cash": 0.8,
            "stock": 0
        },
        "2002-05-17": {
            "cash": 1,
            "stock": 0
        },
        "2003-05-27": {
            "cash": 1.5,
            "stock": 0.5
        },
        "2004-04-12": {
            "cash": 1.4,
            "stock": 0
        },
        "2005-03-22": {
            "cash": 1.2,
            "stock": 0
        },
        "2006-03-27": {
            "cash": 0.5,
            "stock": 0.9
        },
        "2007-03-14": {
            "cash": 1.5,
            "stock": 0
        },
        "2008-03-27": {
            "cash": 1.5,
            "stock": 0
        },
        "2009-03-10": {
            "cash": 1.5,
            "stock": 0
        },
        "2010-03-24": {
            "cash": 1,
            "stock": 1
        },
        "2011-03-24": {
            "cash": 2,
            "stock": 0
        },
        "2012-06-20": {
            "cash": 2,
            "stock": 0
        },
        "2013-06-18": {
            "cash": 1,
            "stock": 1
        },
        "2014-06-20": {
            "cash": 2,
            "stock": 0
        },
        "2015-08-06": {
            "cash": 1.5,
            "stock": 0
        },
        "2016-08-05": {
            "cash": 2,
            "stock": 0
        },
        "2017-08-30": {
            "cash": 1.5,
            "stock": 1.1
        },
        "2018-08-08": {
            "cash": 3,
            "stock": 0
        },
        "2019-08-08": {
            "cash": 2.8,
            "stock": 0
        },
        "2020-08-06": {
            "cash": 3,
            "stock": 0
        },
        "2021-10-22": {
            "cash": 2,
            "stock": 1
        },
        "2022-08-10": {
            "cash": 3,
            "stock": 0
        },
        "2023-03-22": {
            "cash": 3,
            "stock": 0
        }
    },
    "prices": {
        "200101": "11.51",
        "200102": "12.86",
        "200103": "12.72",
        "200104": "12.99",
        "200105": "12.49",
        "200106": "11.75",
        "200107": "10.71",
        "200108": "10.82",
        "200109": "10.90",
        "200110": "10.73",
        "200111": "10.71",
        "200112": "11.44",
        "200201": "13.12",
        "200202": "12.79",
        "200203": "13.36",
        "200204": "14.18",
        "200205": "13.81",
        "200206": "14.19",
        "200207": "14.02",
        "200208": "14.54",
        "200209": "14.38",
        "200210": "14.68",
        "200211": "16.36",
        "200212": "16.70",
        "200301": "16.66",
        "200302": "16.68",
        "200303": "16.14",
        "200304": "15.22",
        "200305": "15.14",
        "200306": "15.71",
        "200307": "14.86",
        "200308": "14.15",
        "200309": "14.07",
        "200310": "14.44",
        "200311": "14.97",
        "200312": "14.97",
        "200401": "15.40",
        "200402": "17.74",
        "200403": "17.37",
        "200404": "16.87",
        "200405": "16.67",
        "200406": "16.89",
        "200407": "16.11",
        "200408": "15.91",
        "200409": "16.18",
        "200410": "16.16",
        "200411": "16.19",
        "200412": "16.07",
        "200501": "16.46",
        "200502": "16.59",
        "200503": "16.79",
        "200504": "16.47",
        "200505": "16.59",
        "200506": "16.89",
        "200507": "16.11",
        "200508": "16.52",
        "200509": "17.55",
        "200510": "17.59",
        "200511": "17.35",
        "200512": "17.48",
        "200601": "17.90",
        "200602": "18.11",
        "200603": "18.53",
        "200604": "18.58",
        "200605": "18.61",
        "200606": "18.53",
        "200607": "18.50",
        "200608": "17.71",
        "200609": "16.93",
        "200610": "17.20",
        "200611": "17.77",
        "200612": "17.90",
        "200701": "18.38",
        "200702": "18.57",
        "200703": "18.78",
        "200704": "19.96",
        "200705": "20.49",
        "200706": "21.72",
        "200707": "25.69",
        "200708": "21.88",
        "200709": "22.13",
        "200710": "22.33",
        "200711": "21.24",
        "200712": "20.80",
        "200801": "20.74",
        "200802": "21.05",
        "200803": "22.74",
        "200804": "22.88",
        "200805": "23.61",
        "200806": "22.74",
        "200807": "20.61",
        "200808": "19.73",
        "200809": "18.47",
        "200810": "17.70",
        "200811": "17.38",
        "200812": "17.67",
        "200901": "18.88",
        "200902": "19.24",
        "200903": "20.51",
        "200904": "22.76",
        "200905": "24.41",
        "200906": "24.41",
        "200907": "23.06",
        "200908": "23.92",
        "200909": "24.85",
        "200910": "25.75",
        "200911": "26.07",
        "200912": "26.00",
        "201001": "27.06",
        "201002": "26.15",
        "201003": "26.85",
        "201004": "27.77",
        "201005": "28.01",
        "201006": "29.01",
        "201007": "30.78",
        "201008": "28.36",
        "201009": "26.82",
        "201010": "26.95",
        "201011": "28.16",
        "201012": "28.68",
        "201101": "29.40",
        "201102": "29.29",
        "201103": "29.32",
        "201104": "30.02",
        "201105": "29.99",
        "201106": "30.39",
        "201107": "30.58",
        "201108": "29.62",
        "201109": "29.37",
        "201110": "29.17",
        "201111": "29.21",
        "201112": "28.93",
        "201201": "28.83",
        "201202": "29.66",
        "201203": "30.57",
        "201204": "31.54",
        "201205": "32.75",
        "201206": "32.45",
        "201207": "34.35",
        "201208": "33.63",
        "201209": "35.38",
        "201210": "35.82",
        "201211": "35.11",
        "201212": "35.74",
        "201301": "36.30",
        "201302": "37.46",
        "201303": "39.83",
        "201304": "42.13",
        "201305": "41.36",
        "201306": "40.74",
        "201307": "41.85",
        "201308": "43.04",
        "201309": "41.38",
        "201310": "40.94",
        "201311": "39.55",
        "201312": "39.20",
        "201401": "39.08",
        "201402": "39.11",
        "201403": "39.46",
        "201404": "39.46",
        "201405": "39.15",
        "201406": "39.34",
        "201407": "39.57",
        "201408": "38.67",
        "201409": "38.77",
        "201410": "38.42",
        "201411": "37.88",
        "201412": "37.81",
        "201501": "37.86",
        "201502": "37.93",
        "201503": "37.92",
        "201504": "37.79",
        "201505": "37.67",
        "201506": "37.77",
        "201507": "37.20",
        "201508": "36.49",
        "201509": "36.63",
        "201510": "36.91",
        "201511": "38.10",
        "201512": "38.75",
        "201601": "38.55",
        "201602": "39.36",
        "201603": "40.45",
        "201604": "40.88",
        "201605": "41.01",
        "201606": "41.87",
        "201607": "43.05",
        "201608": "43.57",
        "201609": "44.06",
        "201610": "44.41",
        "201611": "47.40",
        "201612": "49.72",
        "201701": "49.17",
        "201702": "49.42",
        "201703": "53.30",
        "201704": "57.68",
        "201705": "59.08",
        "201706": "59.53",
        "201707": "65.75",
        "201708": "64.85",
        "201709": "64.17",
        "201710": "64.05",
        "201711": "63.79",
        "201712": "62.61",
        "201801": "62.54",
        "201802": "61.85",
        "201803": "64.94",
        "201804": "66.52",
        "201805": "66.22",
        "201806": "68.34",
        "201807": "68.22",
        "201808": "67.88",
        "201809": "67.94",
        "201810": "67.44",
        "201811": "67.48",
        "201812": "67.56",
        "201901": "67.40",
        "201902": "68.95",
        "201903": "69.60",
        "201904": "70.08",
        "201905": "71.05",
        "201906": "73.12",
        "201907": "76.30",
        "201908": "77.37",
        "201909": "79.33",
        "201910": "86.07",
        "201911": "89.53",
        "201912": "90.61",
        "202001": "89.53",
        "202002": "89.06",
        "202003": "79.82",
        "202004": "84.52",
        "202005": "89.12",
        "202006": "90.12",
        "202007": "89.68",
        "202008": "89.55",
        "202009": "89.61",
        "202010": "89.39",
        "202011": "94.69",
        "202012": "97.70",
        "202101": "97.23",
        "202102": "95.78",
        "202103": "101.38",
        "202104": "112.87",
        "202105": "114.52",
        "202106": "118.52",
        "202107": "133.23",
        "202108": "132.66",
        "202109": "141.38",
        "202110": "132.45",
        "202111": "133.45",
        "202112": "130.77",
        "202201": "130.14",
        "202202": "128.10",
        "202203": "119.93",
        "202204": "116.63",
        "202205": "107.05",
        "202206": "105.92",
        "202207": "102.17",
        "202208": "104.76",
        "202209": "104.00",
        "202210": "100.05",
        "202211": "99.49",
        "202212": "101.31",
        "202301": "101.27",
        "202302": "105.64",
        "202303": "106.98",
        "202304": "105.59",
        "202305": "104.84"
    },
    "quarters": {
        "20011": {
            "year_quarter": 20011,
            "year": 2001,
            "quarter": 1,
            "eps": 0.46,
            "eps_growth_year": 100,
            "eps_4q": 1.13,
            "eps_4q_growth_year": -4.19,
            "roe": 3.55,
            "roe_4q": 3.55,
            "gross_profit": 73498,
            "gross_margin": 44.9,
            "gross_margin_4q_avg": 44.9,
            "net_income": 24359,
            "revenue": 163707,
            "common_shares": 525000,
            "book_valuer_per_share": 13.3,
            "book_valuer_per_share_4q_avg": 13.3,
            "equity": 698229,
            "current_ratio": 92.69,
            "debt_ratio": 30.77,
            "inventory_turnover_ratio": 4.71,
            "account_receivable_turnover_ratio": null,
            "reinvestment_rate": null,
            "research_to_sale_ratio": null,
            "price_fair": 0,
            "eps_avg_yearly": 0,
            "eps_latest_yearly": 0,
            "eps_growth_yearly": 0
        },
        "20012": {
            "year_quarter": 20012,
            "year": 2001,
            "quarter": 2,
            "eps": 0.32,
            "eps_growth_year": -5.88,
            "eps_4q": 1.12,
            "eps_4q_growth_year": 1.23,
            "roe": 2.46,
            "roe_4q": 6.01,
            "gross_profit": 89904,
            "gross_margin": 48.08,
            "gross_margin_4q_avg": 46.49,
            "net_income": 16840,
            "revenue": 186994,
            "common_shares": 525000,
            "book_valuer_per_share": 12.77,
            "book_valuer_per_share_4q_avg": 13.04,
            "equity": 670507,
            "current_ratio": 82.3,
            "debt_ratio": 34.2,
            "inventory_turnover_ratio": 4.86,
            "account_receivable_turnover_ratio": null,
            "reinvestment_rate": null,
            "research_to_sale_ratio": null,
            "price_fair": 0,
            "eps_avg_yearly": 0,
            "eps_latest_yearly": 0,
            "eps_growth_yearly": 0
        },
        "20013": {
            "year_quarter": 20013,
            "year": 2001,
            "quarter": 3,
            "eps": 0.37,
            "eps_growth_year": 8.82,
            "eps_4q": 1.15,
            "eps_4q_growth_year": 20.81,
            "roe": 2.87,
            "roe_4q": 8.879999999999999,
            "gross_profit": 97124,
            "gross_margin": 47.68,
            "gross_margin_4q_avg": 46.89,
            "net_income": 19522,
            "revenue": 203680,
            "common_shares": 525000,
            "book_valuer_per_share": 13.14,
            "book_valuer_per_share_4q_avg": 13.07,
            "equity": 690030,
            "current_ratio": 91.25,
            "debt_ratio": 31.1,
            "inventory_turnover_ratio": 4.89,
            "account_receivable_turnover_ratio": null,
            "reinvestment_rate": null,
            "research_to_sale_ratio": null,
            "price_fair": 0,
            "eps_avg_yearly": 0,
            "eps_latest_yearly": 0,
            "eps_growth_yearly": 0
        },
        "20014": {
            "year_quarter": 20014,
            "year": 2001,
            "quarter": 4,
            "eps": 0.22,
            "eps_growth_year": null,
            "eps_4q": 1.38,
            "eps_4q_growth_year": 53.04,
            "roe": 1.66,
            "roe_4q": 10.54,
            "gross_profit": 65692,
            "gross_margin": 38.6,
            "gross_margin_4q_avg": 44.82,
            "net_income": 11542,
            "revenue": 170194,
            "common_shares": 525000,
            "book_valuer_per_share": 13.36,
            "book_valuer_per_share_4q_avg": 13.14,
            "equity": 701572,
            "current_ratio": 96.98,
            "debt_ratio": 31.35,
            "inventory_turnover_ratio": 5.17,
            "account_receivable_turnover_ratio": null,
            "reinvestment_rate": null,
            "research_to_sale_ratio": null,
            "price_fair": 0,
            "eps_avg_yearly": 0,
            "eps_latest_yearly": 0,
            "eps_growth_yearly": 0
        },
        "20021": {
            "year_quarter": 20021,
            "year": 2002,
            "quarter": 1,
            "eps": 0.44,
            "eps_growth_year": -4.35,
            "eps_4q": 1.46,
            "eps_4q_growth_year": 28.94,
            "roe": 3.03,
            "roe_4q": 10.02,
            "gross_profit": 73660,
            "gross_margin": 41.55,
            "gross_margin_4q_avg": 43.98,
            "net_income": 20758,
            "revenue": 177273,
            "common_shares": 525000,
            "book_valuer_per_share": 12.73,
            "book_valuer_per_share_4q_avg": 13,
            "equity": 668128,
            "current_ratio": 109.9,
            "debt_ratio": 27.74,
            "inventory_turnover_ratio": 5.58,
            "account_receivable_turnover_ratio": null,
            "reinvestment_rate": null,
            "research_to_sale_ratio": null,
            "price_fair": 61.6,
            "eps_avg_yearly": 1.76,
            "eps_latest_yearly": 1.76,
            "eps_growth_yearly": 400
        },
        "20022": {
            "year_quarter": 20022,
            "year": 2002,
            "quarter": 2,
            "eps": 0.54,
            "eps_growth_year": 68.75,
            "eps_4q": 1.63,
            "eps_4q_growth_year": 45.81,
            "roe": 3.92,
            "roe_4q": 11.48,
            "gross_profit": 93943,
            "gross_margin": 49.89,
            "gross_margin_4q_avg": 44.43,
            "net_income": 25701,
            "revenue": 188314,
            "common_shares": 525000,
            "book_valuer_per_share": 12.23,
            "book_valuer_per_share_4q_avg": 12.87,
            "equity": 642277,
            "current_ratio": 99.87,
            "debt_ratio": 34.34,
            "inventory_turnover_ratio": 5.1,
            "account_receivable_turnover_ratio": null,
            "reinvestment_rate": null,
            "research_to_sale_ratio": null,
            "price_fair": 68.6,
            "eps_avg_yearly": 1.96,
            "eps_latest_yearly": 2.16,
            "eps_growth_yearly": 245.45
        },
        "20023": {
            "year_quarter": 20023,
            "year": 2002,
            "quarter": 3,
            "eps": 0.69,
            "eps_growth_year": 86.49,
            "eps_4q": 1.9,
            "eps_4q_growth_year": 65.82,
            "roe": 5,
            "roe_4q": 13.61,
            "gross_profit": 105434,
            "gross_margin": 50.43,
            "gross_margin_4q_avg": 45.12,
            "net_income": 32977,
            "revenue": 209052,
            "common_shares": 525000,
            "book_valuer_per_share": 12.9,
            "book_valuer_per_share_4q_avg": 12.81,
            "equity": 677511,
            "current_ratio": 119.06,
            "debt_ratio": 27.26,
            "inventory_turnover_ratio": 5,
            "account_receivable_turnover_ratio": null,
            "reinvestment_rate": null,
            "research_to_sale_ratio": null,
            "price_fair": 77.93,
            "eps_avg_yearly": 2.23,
            "eps_latest_yearly": 2.76,
            "eps_growth_yearly": 200.67
        },
        "20024": {
            "year_quarter": 20024,
            "year": 2002,
            "quarter": 4,
            "eps": 0.3,
            "eps_growth_year": 36.36,
            "eps_4q": 1.94,
            "eps_4q_growth_year": 40.69,
            "roe": 2.11,
            "roe_4q": 14.059999999999999,
            "gross_profit": 74205,
            "gross_margin": 38.05,
            "gross_margin_4q_avg": 44.98,
            "net_income": 14550,
            "revenue": 195017,
            "common_shares": 525000,
            "book_valuer_per_share": 13.39,
            "book_valuer_per_share_4q_avg": 12.81,
            "equity": 703023,
            "current_ratio": 141.15,
            "debt_ratio": 31.21,
            "inventory_turnover_ratio": 5.39,
            "account_receivable_turnover_ratio": null,
            "reinvestment_rate": 10.38,
            "research_to_sale_ratio": null,
            "price_fair": 68.95,
            "eps_avg_yearly": 1.97,
            "eps_latest_yearly": 1.2,
            "eps_growth_yearly": 93.98
        },
        "20031": {
            "year_quarter": 20031,
            "year": 2003,
            "quarter": 1,
            "eps": 0.36,
            "eps_growth_year": -18.18,
            "eps_4q": 1.85,
            "eps_4q_growth_year": 27.35,
            "roe": 2.47,
            "roe_4q": 13.5,
            "gross_profit": 69946,
            "gross_margin": 38.99,
            "gross_margin_4q_avg": 44.34,
            "net_income": 17651,
            "revenue": 179401,
            "common_shares": 525000,
            "book_valuer_per_share": 13.82,
            "book_valuer_per_share_4q_avg": 13.09,
            "equity": 725288,
            "current_ratio": 143.22,
            "debt_ratio": 25.72,
            "inventory_turnover_ratio": 5.91,
            "account_receivable_turnover_ratio": null,
            "reinvestment_rate": -1.35,
            "research_to_sale_ratio": null,
            "price_fair": 65.24,
            "eps_avg_yearly": 1.86,
            "eps_latest_yearly": 1.44,
            "eps_growth_yearly": 91.19
        },
        "20032": {
            "year_quarter": 20032,
            "year": 2003,
            "quarter": 2,
            "eps": 0.36,
            "eps_growth_year": -33.33,
            "eps_4q": 1.64,
            "eps_4q_growth_year": 0.84,
            "roe": 2.64,
            "roe_4q": 12.22,
            "gross_profit": 87782,
            "gross_margin": 47.27,
            "gross_margin_4q_avg": 43.69,
            "net_income": 18295,
            "revenue": 185705,
            "common_shares": 525000,
            "book_valuer_per_share": 12.59,
            "book_valuer_per_share_4q_avg": 13.18,
            "equity": 661159,
            "current_ratio": 102.49,
            "debt_ratio": 34.82,
            "inventory_turnover_ratio": 5.61,
            "account_receivable_turnover_ratio": null,
            "reinvestment_rate": -24.43,
            "research_to_sale_ratio": null,
            "price_fair": 62.77,
            "eps_avg_yearly": 1.79,
            "eps_latest_yearly": 1.44,
            "eps_growth_yearly": 75.99
        },
        "20033": {
            "year_quarter": 20033,
            "year": 2003,
            "quarter": 3,
            "eps": 0.68,
            "eps_growth_year": -1.45,
            "eps_4q": 1.67,
            "eps_4q_growth_year": -12.51,
            "roe": 5.12,
            "roe_4q": 12.34,
            "gross_profit": 100382,
            "gross_margin": 45.02,
            "gross_margin_4q_avg": 42.33,
            "net_income": 34846,
            "revenue": 222959,
            "common_shares": 551250,
            "book_valuer_per_share": 12.72,
            "book_valuer_per_share_4q_avg": 13.13,
            "equity": 701332,
            "current_ratio": 124.51,
            "debt_ratio": 26.31,
            "inventory_turnover_ratio": 6.51,
            "account_receivable_turnover_ratio": null,
            "reinvestment_rate": -22.5,
            "research_to_sale_ratio": null,
            "price_fair": 67.4,
            "eps_avg_yearly": 1.93,
            "eps_latest_yearly": 2.72,
            "eps_growth_yearly": 115.93
        },
        "20034": {
            "year_quarter": 20034,
            "year": 2003,
            "quarter": 4,
            "eps": 0.42,
            "eps_growth_year": 40,
            "eps_4q": 1.81,
            "eps_4q_growth_year": -6.84,
            "roe": 3.04,
            "roe_4q": 13.270000000000001,
            "gross_profit": 76643,
            "gross_margin": 38.13,
            "gross_margin_4q_avg": 42.35,
            "net_income": 21464,
            "revenue": 201014,
            "common_shares": 551250,
            "book_valuer_per_share": 12.92,
            "book_valuer_per_share_4q_avg": 13.01,
            "equity": 712174,
            "current_ratio": 148.05,
            "debt_ratio": 28.84,
            "inventory_turnover_ratio": 6.07,
            "account_receivable_turnover_ratio": null,
            "reinvestment_rate": -19.15,
            "research_to_sale_ratio": null,
            "price_fair": 66.33,
            "eps_avg_yearly": 1.9,
            "eps_latest_yearly": 1.68,
            "eps_growth_yearly": 82.32
        },
        "20041": {
            "year_quarter": 20041,
            "year": 2004,
            "quarter": 1,
            "eps": 0.48,
            "eps_growth_year": 33.33,
            "eps_4q": 1.91,
            "eps_4q_growth_year": 2.92,
            "roe": 3.43,
            "roe_4q": 14.23,
            "gross_profit": 79174,
            "gross_margin": 40.17,
            "gross_margin_4q_avg": 42.65,
            "net_income": 25082,
            "revenue": 197097,
            "common_shares": 551250,
            "book_valuer_per_share": 13.58,
            "book_valuer_per_share_4q_avg": 12.95,
            "equity": 748593,
            "current_ratio": 142.08,
            "debt_ratio": 25.97,
            "inventory_turnover_ratio": 5.5,
            "account_receivable_turnover_ratio": null,
            "reinvestment_rate": -18.14,
            "research_to_sale_ratio": null,
            "price_fair": 66.42,
            "eps_avg_yearly": 1.9,
            "eps_latest_yearly": 1.92,
            "eps_growth_yearly": 79.52
        },
        "20042": {
            "year_quarter": 20042,
            "year": 2004,
            "quarter": 2,
            "eps": 0.38,
            "eps_growth_year": 5.56,
            "eps_4q": 1.94,
            "eps_4q_growth_year": 17.84,
            "roe": 2.76,
            "roe_4q": 14.350000000000001,
            "gross_profit": 89101,
            "gross_margin": 41.85,
            "gross_margin_4q_avg": 41.29,
            "net_income": 19883,
            "revenue": 212930,
            "common_shares": 551250,
            "book_valuer_per_share": 12.58,
            "book_valuer_per_share_4q_avg": 12.95,
            "equity": 693264,
            "current_ratio": 113.3,
            "debt_ratio": 32.33,
            "inventory_turnover_ratio": 5.84,
            "account_receivable_turnover_ratio": null,
            "reinvestment_rate": -18.4,
            "research_to_sale_ratio": null,
            "price_fair": 65.1,
            "eps_avg_yearly": 1.86,
            "eps_latest_yearly": 1.52,
            "eps_growth_yearly": 63.24
        },
        "20043": {
            "year_quarter": 20043,
            "year": 2004,
            "quarter": 3,
            "eps": 0.62,
            "eps_growth_year": -8.82,
            "eps_4q": 1.89,
            "eps_4q_growth_year": 13.66,
            "roe": 4.53,
            "roe_4q": 13.760000000000002,
            "gross_profit": 109437,
            "gross_margin": 46.29,
            "gross_margin_4q_avg": 41.61,
            "net_income": 32356,
            "revenue": 236413,
            "common_shares": 551250,
            "book_valuer_per_share": 13.33,
            "book_valuer_per_share_4q_avg": 13.1,
            "equity": 734791,
            "current_ratio": 140.22,
            "debt_ratio": 25.92,
            "inventory_turnover_ratio": 6.02,
            "account_receivable_turnover_ratio": null,
            "reinvestment_rate": -16.9,
            "research_to_sale_ratio": null,
            "price_fair": 67.07,
            "eps_avg_yearly": 1.92,
            "eps_latest_yearly": 2.48,
            "eps_growth_yearly": 80.45
        },
        "20044": {
            "year_quarter": 20044,
            "year": 2004,
            "quarter": 4,
            "eps": 0.34,
            "eps_growth_year": -19.05,
            "eps_4q": 1.82,
            "eps_4q_growth_year": 0.91,
            "roe": 2.38,
            "roe_4q": 13.1,
            "gross_profit": 77009,
            "gross_margin": 36.6,
            "gross_margin_4q_avg": 41.23,
            "net_income": 17744,
            "revenue": 210419,
            "common_shares": 551250,
            "book_valuer_per_share": 13.69,
            "book_valuer_per_share_4q_avg": 13.3,
            "equity": 754781,
            "current_ratio": 201.03,
            "debt_ratio": 25.16,
            "inventory_turnover_ratio": 6.11,
            "account_receivable_turnover_ratio": null,
            "reinvestment_rate": -16.36,
            "research_to_sale_ratio": null,
            "price_fair": 65.45,
            "eps_avg_yearly": 1.87,
            "eps_latest_yearly": 1.36,
            "eps_growth_yearly": 58.7
        },
        "20051": {
            "year_quarter": 20051,
            "year": 2005,
            "quarter": 1,
            "eps": 0.5,
            "eps_growth_year": 4.17,
            "eps_4q": 1.8,
            "eps_4q_growth_year": -5.71,
            "roe": 3.5,
            "roe_4q": 13.17,
            "gross_profit": 84557,
            "gross_margin": 38.95,
            "gross_margin_4q_avg": 40.92,
            "net_income": 26941,
            "revenue": 217109,
            "common_shares": 551250,
            "book_valuer_per_share": 14.24,
            "book_valuer_per_share_4q_avg": 13.46,
            "equity": 784930,
            "current_ratio": 184.79,
            "debt_ratio": 22.44,
            "inventory_turnover_ratio": 5.9,
            "account_receivable_turnover_ratio": null,
            "reinvestment_rate": -16.75,
            "research_to_sale_ratio": null,
            "price_fair": 65.8,
            "eps_avg_yearly": 1.88,
            "eps_latest_yearly": 2,
            "eps_growth_yearly": 68.66
        },
        "20052": {
            "year_quarter": 20052,
            "year": 2005,
            "quarter": 2,
            "eps": 0.41,
            "eps_growth_year": 7.89,
            "eps_4q": 1.84,
            "eps_4q_growth_year": -4.82,
            "roe": 2.9,
            "roe_4q": 13.310000000000002,
            "gross_profit": 96360,
            "gross_margin": 43.62,
            "gross_margin_4q_avg": 41.37,
            "net_income": 22053,
            "revenue": 220910,
            "common_shares": 551250,
            "book_valuer_per_share": 13.38,
            "book_valuer_per_share_4q_avg": 13.66,
            "equity": 737632,
            "current_ratio": 149.93,
            "debt_ratio": 28,
            "inventory_turnover_ratio": 5.44,
            "account_receivable_turnover_ratio": null,
            "reinvestment_rate": -30.02,
            "research_to_sale_ratio": null,
            "price_fair": 65.2,
            "eps_avg_yearly": 1.86,
            "eps_latest_yearly": 1.64,
            "eps_growth_yearly": 58.61
        },
        "20053": {
            "year_quarter": 20053,
            "year": 2005,
            "quarter": 3,
            "eps": 0.58,
            "eps_growth_year": -6.45,
            "eps_4q": 1.82,
            "eps_4q_growth_year": -3.72,
            "roe": 4.13,
            "roe_4q": 12.91,
            "gross_profit": 106922,
            "gross_margin": 46.73,
            "gross_margin_4q_avg": 41.48,
            "net_income": 31153,
            "revenue": 228808,
            "common_shares": 551250,
            "book_valuer_per_share": 13.98,
            "book_valuer_per_share_4q_avg": 13.82,
            "equity": 770813,
            "current_ratio": 248,
            "debt_ratio": 20.83,
            "inventory_turnover_ratio": 5,
            "account_receivable_turnover_ratio": null,
            "reinvestment_rate": -28.34,
            "research_to_sale_ratio": null,
            "price_fair": 66.27,
            "eps_avg_yearly": 1.89,
            "eps_latest_yearly": 2.32,
            "eps_growth_yearly": 65.76
        },
        "20054": {
            "year_quarter": 20054,
            "year": 2005,
            "quarter": 4,
            "eps": 0.4,
            "eps_growth_year": 17.65,
            "eps_4q": 1.9,
            "eps_4q_growth_year": 4.17,
            "roe": 2.74,
            "roe_4q": 13.27,
            "gross_profit": 89682,
            "gross_margin": 38.1,
            "gross_margin_4q_avg": 41.85,
            "net_income": 21407,
            "revenue": 235360,
            "common_shares": 551250,
            "book_valuer_per_share": 14.36,
            "book_valuer_per_share_4q_avg": 13.99,
            "equity": 792613,
            "current_ratio": 268.87,
            "debt_ratio": 21.58,
            "inventory_turnover_ratio": 5.71,
            "account_receivable_turnover_ratio": null,
            "reinvestment_rate": -27.64,
            "research_to_sale_ratio": null,
            "price_fair": 65.63,
            "eps_avg_yearly": 1.88,
            "eps_latest_yearly": 1.6,
            "eps_growth_yearly": 53.89
        },
        "20061": {
            "year_quarter": 20061,
            "year": 2006,
            "quarter": 1,
            "eps": 0.5,
            "eps_growth_year": 0,
            "eps_4q": 1.9,
            "eps_4q_growth_year": 5.43,
            "roe": 3.31,
            "roe_4q": 13.08,
            "gross_profit": 89563,
            "gross_margin": 39.49,
            "gross_margin_4q_avg": 41.99,
            "net_income": 26713,
            "revenue": 226780,
            "common_shares": 551250,
            "book_valuer_per_share": 14.87,
            "book_valuer_per_share_4q_avg": 14.15,
            "equity": 819512,
            "current_ratio": 311.78,
            "debt_ratio": 18.81,
            "inventory_turnover_ratio": 5.46,
            "account_receivable_turnover_ratio": null,
            "reinvestment_rate": -27.04,
            "research_to_sale_ratio": null,
            "price_fair": 66.15,
            "eps_avg_yearly": 1.89,
            "eps_latest_yearly": 2,
            "eps_growth_yearly": 35.14
        },
        "20062": {
            "year_quarter": 20062,
            "year": 2006,
            "quarter": 2,
            "eps": 0.55,
            "eps_growth_year": 34.15,
            "eps_4q": 2.01,
            "eps_4q_growth_year": 9.33,
            "roe": 3.64,
            "roe_4q": 13.82,
            "gross_profit": 101423,
            "gross_margin": 43.61,
            "gross_margin_4q_avg": 41.98,
            "net_income": 29779,
            "revenue": 232577,
            "common_shares": 551250,
            "book_valuer_per_share": 14.83,
            "book_valuer_per_share_4q_avg": 14.51,
            "equity": 817671,
            "current_ratio": 265.48,
            "debt_ratio": 21.73,
            "inventory_turnover_ratio": 5.36,
            "account_receivable_turnover_ratio": null,
            "reinvestment_rate": -25.74,
            "research_to_sale_ratio": null,
            "price_fair": 66.24,
            "eps_avg_yearly": 1.89,
            "eps_latest_yearly": 2.2,
            "eps_growth_yearly": 31.96
        },
        "20063": {
            "year_quarter": 20063,
            "year": 2006,
            "quarter": 3,
            "eps": 0.62,
            "eps_growth_year": 6.9,
            "eps_4q": 1.93,
            "eps_4q_growth_year": 6.16,
            "roe": 4.39,
            "roe_4q": 14.08,
            "gross_profit": 112916,
            "gross_margin": 43.91,
            "gross_margin_4q_avg": 41.28,
            "net_income": 36733,
            "revenue": 257162,
            "common_shares": 600863,
            "book_valuer_per_share": 14.26,
            "book_valuer_per_share_4q_avg": 14.58,
            "equity": 856867,
            "current_ratio": 328.64,
            "debt_ratio": 18.89,
            "inventory_turnover_ratio": 5.89,
            "account_receivable_turnover_ratio": null,
            "reinvestment_rate": -26.24,
            "research_to_sale_ratio": null,
            "price_fair": 65.63,
            "eps_avg_yearly": 1.88,
            "eps_latest_yearly": 2.48,
            "eps_growth_yearly": 28.2
        },
        "20064": {
            "year_quarter": 20064,
            "year": 2006,
            "quarter": 4,
            "eps": 0.36,
            "eps_growth_year": -10,
            "eps_4q": 1.96,
            "eps_4q_growth_year": 3.2,
            "roe": 2.42,
            "roe_4q": 13.76,
            "gross_profit": 90617,
            "gross_margin": 39.18,
            "gross_margin_4q_avg": 41.55,
            "net_income": 20999,
            "revenue": 231280,
            "common_shares": 600863,
            "book_valuer_per_share": 14.6,
            "book_valuer_per_share_4q_avg": 14.64,
            "equity": 878602,
            "current_ratio": 349.33,
            "debt_ratio": 19.2,
            "inventory_turnover_ratio": 5.96,
            "account_receivable_turnover_ratio": null,
            "reinvestment_rate": -25.19,
            "research_to_sale_ratio": null,
            "price_fair": 66.15,
            "eps_avg_yearly": 1.89,
            "eps_latest_yearly": 1.44,
            "eps_growth_yearly": 31.85
        },
        "20071": {
            "year_quarter": 20071,
            "year": 2007,
            "quarter": 1,
            "eps": 0.46,
            "eps_growth_year": -8,
            "eps_4q": 1.95,
            "eps_4q_growth_year": 2.9,
            "roe": 3.03,
            "roe_4q": 13.48,
            "gross_profit": 88585,
            "gross_margin": 38.99,
            "gross_margin_4q_avg": 41.42,
            "net_income": 26990,
            "revenue": 227175,
            "common_shares": 600863,
            "book_valuer_per_share": 15.06,
            "book_valuer_per_share_4q_avg": 14.69,
            "equity": 904728,
            "current_ratio": 413.05,
            "debt_ratio": 16.58,
            "inventory_turnover_ratio": 6.24,
            "account_receivable_turnover_ratio": null,
            "reinvestment_rate": -24,
            "research_to_sale_ratio": null,
            "price_fair": 67.03,
            "eps_avg_yearly": 1.92,
            "eps_latest_yearly": 1.84,
            "eps_growth_yearly": 33.79
        },
        "20072": {
            "year_quarter": 20072,
            "year": 2007,
            "quarter": 2,
            "eps": 0.46,
            "eps_growth_year": -16.36,
            "eps_4q": 1.88,
            "eps_4q_growth_year": -6.45,
            "roe": 3.14,
            "roe_4q": 12.98,
            "gross_profit": 104069,
            "gross_margin": 43.09,
            "gross_margin_4q_avg": 41.29,
            "net_income": 27364,
            "revenue": 241505,
            "common_shares": 600863,
            "book_valuer_per_share": 13.91,
            "book_valuer_per_share_4q_avg": 14.46,
            "equity": 835926,
            "current_ratio": 240.04,
            "debt_ratio": 25.97,
            "inventory_turnover_ratio": 6.25,
            "account_receivable_turnover_ratio": null,
            "reinvestment_rate": -28.2,
            "research_to_sale_ratio": null,
            "price_fair": 67.9,
            "eps_avg_yearly": 1.94,
            "eps_latest_yearly": 1.84,
            "eps_growth_yearly": 33.79
        },
        "20073": {
            "year_quarter": 20073,
            "year": 2007,
            "quarter": 3,
            "eps": 0.63,
            "eps_growth_year": 1.61,
            "eps_4q": 1.9,
            "eps_4q_growth_year": -1.86,
            "roe": 4.31,
            "roe_4q": 12.899999999999999,
            "gross_profit": 107619,
            "gross_margin": 41.37,
            "gross_margin_4q_avg": 40.66,
            "net_income": 37414,
            "revenue": 260129,
            "common_shares": 600863,
            "book_valuer_per_share": 14.99,
            "book_valuer_per_share_4q_avg": 14.64,
            "equity": 900808,
            "current_ratio": 353.01,
            "debt_ratio": 18.36,
            "inventory_turnover_ratio": 6.47,
            "account_receivable_turnover_ratio": null,
            "reinvestment_rate": -26.96,
            "research_to_sale_ratio": null,
            "price_fair": 59.38,
            "eps_avg_yearly": 1.93,
            "eps_latest_yearly": 2.52,
            "eps_growth_yearly": 20.81
        },
        "20074": {
            "year_quarter": 20074,
            "year": 2007,
            "quarter": 4,
            "eps": 0.39,
            "eps_growth_year": 8.33,
            "eps_4q": 1.93,
            "eps_4q_growth_year": -1.19,
            "roe": 2.55,
            "roe_4q": 13.03,
            "gross_profit": 102464,
            "gross_margin": 38.65,
            "gross_margin_4q_avg": 40.53,
            "net_income": 23165,
            "revenue": 265078,
            "common_shares": 600863,
            "book_valuer_per_share": 15.28,
            "book_valuer_per_share_4q_avg": 14.81,
            "equity": 919053,
            "current_ratio": 389.58,
            "debt_ratio": 18.95,
            "inventory_turnover_ratio": 6.37,
            "account_receivable_turnover_ratio": null,
            "reinvestment_rate": -27.04,
            "research_to_sale_ratio": null,
            "price_fair": 59.22,
            "eps_avg_yearly": 1.92,
            "eps_latest_yearly": 1.56,
            "eps_growth_yearly": 20.84
        },
        "20081": {
            "year_quarter": 20081,
            "year": 2008,
            "quarter": 1,
            "eps": 0.36,
            "eps_growth_year": -21.74,
            "eps_4q": 1.84,
            "eps_4q_growth_year": -5.64,
            "roe": 2.3,
            "roe_4q": 12.3,
            "gross_profit": 84913,
            "gross_margin": 33.1,
            "gross_margin_4q_avg": 39.05,
            "net_income": 21371,
            "revenue": 256550,
            "common_shares": 600863,
            "book_valuer_per_share": 15.63,
            "book_valuer_per_share_4q_avg": 14.95,
            "equity": 939277,
            "current_ratio": 453.14,
            "debt_ratio": 17.14,
            "inventory_turnover_ratio": 6.37,
            "account_receivable_turnover_ratio": null,
            "reinvestment_rate": -26.34,
            "research_to_sale_ratio": null,
            "price_fair": 47.91,
            "eps_avg_yearly": 1.89,
            "eps_latest_yearly": 1.44,
            "eps_growth_yearly": 15.35
        },
        "20082": {
            "year_quarter": 20082,
            "year": 2008,
            "quarter": 2,
            "eps": 0.4,
            "eps_growth_year": -13.04,
            "eps_4q": 1.77,
            "eps_4q_growth_year": -5.94,
            "roe": 2.64,
            "roe_4q": 11.799999999999999,
            "gross_profit": 97103,
            "gross_margin": 38.32,
            "gross_margin_4q_avg": 37.86,
            "net_income": 23887,
            "revenue": 253395,
            "common_shares": 600863,
            "book_valuer_per_share": 14.43,
            "book_valuer_per_share_4q_avg": 15.08,
            "equity": 867192,
            "current_ratio": 266.59,
            "debt_ratio": 24.27,
            "inventory_turnover_ratio": 5.86,
            "account_receivable_turnover_ratio": null,
            "reinvestment_rate": -24.44,
            "research_to_sale_ratio": null,
            "price_fair": 63.17,
            "eps_avg_yearly": 1.9,
            "eps_latest_yearly": 1.6,
            "eps_growth_yearly": 23.33
        },
        "20083": {
            "year_quarter": 20083,
            "year": 2008,
            "quarter": 3,
            "eps": 0.63,
            "eps_growth_year": 0,
            "eps_4q": 1.77,
            "eps_4q_growth_year": -6.96,
            "roe": 4.28,
            "roe_4q": 11.77,
            "gross_profit": 118887,
            "gross_margin": 41.47,
            "gross_margin_4q_avg": 37.89,
            "net_income": 37922,
            "revenue": 286705,
            "common_shares": 600863,
            "book_valuer_per_share": 15.06,
            "book_valuer_per_share_4q_avg": 15.1,
            "equity": 905114,
            "current_ratio": 407.17,
            "debt_ratio": 17.14,
            "inventory_turnover_ratio": 6.17,
            "account_receivable_turnover_ratio": null,
            "reinvestment_rate": -23.47,
            "research_to_sale_ratio": null,
            "price_fair": 60.57,
            "eps_avg_yearly": 1.9,
            "eps_latest_yearly": 2.52,
            "eps_growth_yearly": 21.92
        },
        "20084": {
            "year_quarter": 20084,
            "year": 2008,
            "quarter": 4,
            "eps": 0.47,
            "eps_growth_year": 20.51,
            "eps_4q": 1.87,
            "eps_4q_growth_year": -3.49,
            "roe": 3,
            "roe_4q": 12.219999999999999,
            "gross_profit": 106002,
            "gross_margin": 37.53,
            "gross_margin_4q_avg": 37.61,
            "net_income": 27974,
            "revenue": 282415,
            "common_shares": 600863,
            "book_valuer_per_share": 15.96,
            "book_valuer_per_share_4q_avg": 15.27,
            "equity": 958937,
            "current_ratio": 380.92,
            "debt_ratio": 18.06,
            "inventory_turnover_ratio": 6.08,
            "account_receivable_turnover_ratio": 4.61,
            "reinvestment_rate": -21.93,
            "research_to_sale_ratio": null,
            "price_fair": 67.55,
            "eps_avg_yearly": 1.93,
            "eps_latest_yearly": 1.88,
            "eps_growth_yearly": 26.86
        },
        "20091": {
            "year_quarter": 20091,
            "year": 2009,
            "quarter": 1,
            "eps": 0.63,
            "eps_growth_year": 75,
            "eps_4q": 2.13,
            "eps_4q_growth_year": 15.81,
            "roe": 3.85,
            "roe_4q": 13.77,
            "gross_profit": 108660,
            "gross_margin": 40.11,
            "gross_margin_4q_avg": 39.36,
            "net_income": 37645,
            "revenue": 270906,
            "common_shares": 600863,
            "book_valuer_per_share": 16.59,
            "book_valuer_per_share_4q_avg": 15.51,
            "equity": 996583,
            "current_ratio": 464.1,
            "debt_ratio": 16.07,
            "inventory_turnover_ratio": 5.68,
            "account_receivable_turnover_ratio": 2.33,
            "reinvestment_rate": -19.97,
            "research_to_sale_ratio": null,
            "price_fair": 65.95,
            "eps_avg_yearly": 1.96,
            "eps_latest_yearly": 2.52,
            "eps_growth_yearly": 23.61
        },
        "20092": {
            "year_quarter": 20092,
            "year": 2009,
            "quarter": 2,
            "eps": 0.6,
            "eps_growth_year": 50,
            "eps_4q": 2.31,
            "eps_4q_growth_year": 30.36,
            "roe": 3.75,
            "roe_4q": 14.879999999999999,
            "gross_profit": 113041,
            "gross_margin": 42.37,
            "gross_margin_4q_avg": 40.37,
            "net_income": 36321,
            "revenue": 266768,
            "common_shares": 600863,
            "book_valuer_per_share": 15.69,
            "book_valuer_per_share_4q_avg": 15.83,
            "equity": 942774,
            "current_ratio": 286.55,
            "debt_ratio": 23.46,
            "inventory_turnover_ratio": 6.06,
            "account_receivable_turnover_ratio": 2.34,
            "reinvestment_rate": -18.19,
            "research_to_sale_ratio": null,
            "price_fair": 70.35,
            "eps_avg_yearly": 2.01,
            "eps_latest_yearly": 2.4,
            "eps_growth_yearly": 26.92
        },
        "20093": {
            "year_quarter": 20093,
            "year": 2009,
            "quarter": 3,
            "eps": 0.62,
            "eps_growth_year": -1.59,
            "eps_4q": 2.32,
            "eps_4q_growth_year": 31.52,
            "roe": 3.86,
            "roe_4q": 14.459999999999999,
            "gross_profit": 130012,
            "gross_margin": 42.98,
            "gross_margin_4q_avg": 40.75,
            "net_income": 37101,
            "revenue": 302500,
            "common_shares": 600863,
            "book_valuer_per_share": 16.31,
            "book_valuer_per_share_4q_avg": 16.14,
            "equity": 979874,
            "current_ratio": 390.11,
            "debt_ratio": 18.08,
            "inventory_turnover_ratio": 7.02,
            "account_receivable_turnover_ratio": 2.5,
            "reinvestment_rate": -16.58,
            "research_to_sale_ratio": null,
            "price_fair": 55.31,
            "eps_avg_yearly": 2.02,
            "eps_latest_yearly": 2.48,
            "eps_growth_yearly": 17.38
        },
        "20094": {
            "year_quarter": 20094,
            "year": 2009,
            "quarter": 4,
            "eps": 0.62,
            "eps_growth_year": 31.91,
            "eps_4q": 2.47,
            "eps_4q_growth_year": 32.3,
            "roe": 3.74,
            "roe_4q": 15.2,
            "gross_profit": 119568,
            "gross_margin": 39.98,
            "gross_margin_4q_avg": 41.36,
            "net_income": 37392,
            "revenue": 299102,
            "common_shares": 600863,
            "book_valuer_per_share": 16.93,
            "book_valuer_per_share_4q_avg": 16.38,
            "equity": 1017267,
            "current_ratio": 372.76,
            "debt_ratio": 19.27,
            "inventory_turnover_ratio": 6.58,
            "account_receivable_turnover_ratio": 4.66,
            "reinvestment_rate": -14.42,
            "research_to_sale_ratio": null,
            "price_fair": 72.63,
            "eps_avg_yearly": 2.08,
            "eps_latest_yearly": 2.48,
            "eps_growth_yearly": 25.14
        },
        "20101": {
            "year_quarter": 20101,
            "year": 2010,
            "quarter": 1,
            "eps": 0.63,
            "eps_growth_year": 0,
            "eps_4q": 2.47,
            "eps_4q_growth_year": 15.96,
            "roe": 3.65,
            "roe_4q": 15,
            "gross_profit": 107375,
            "gross_margin": 39.02,
            "gross_margin_4q_avg": 41.09,
            "net_income": 37772,
            "revenue": 275146,
            "common_shares": 600863,
            "book_valuer_per_share": 17.56,
            "book_valuer_per_share_4q_avg": 16.62,
            "equity": 1055040,
            "current_ratio": 445.79,
            "debt_ratio": 16.73,
            "inventory_turnover_ratio": 5.9,
            "account_receivable_turnover_ratio": 2.35,
            "reinvestment_rate": -12.98,
            "research_to_sale_ratio": 0.3,
            "price_fair": 61.74,
            "eps_avg_yearly": 2.11,
            "eps_latest_yearly": 2.52,
            "eps_growth_yearly": 19.29
        },
        "20102": {
            "year_quarter": 20102,
            "year": 2010,
            "quarter": 2,
            "eps": 0.41,
            "eps_growth_year": -31.07,
            "eps_4q": 2.11,
            "eps_4q_growth_year": -8.58,
            "roe": 2.63,
            "roe_4q": 13.879999999999999,
            "gross_profit": 101140,
            "gross_margin": 36.14,
            "gross_margin_4q_avg": 39.53,
            "net_income": 27334,
            "revenue": 279848,
            "common_shares": 600863,
            "book_valuer_per_share": 17.01,
            "book_valuer_per_share_4q_avg": 16.95,
            "equity": 1022287,
            "current_ratio": 332.42,
            "debt_ratio": 20.32,
            "inventory_turnover_ratio": 6.93,
            "account_receivable_turnover_ratio": 2.47,
            "reinvestment_rate": -11.77,
            "research_to_sale_ratio": 0.43,
            "price_fair": 37.44,
            "eps_avg_yearly": 2.07,
            "eps_latest_yearly": 1.64,
            "eps_growth_yearly": 8.06
        },
        "20103": {
            "year_quarter": 20103,
            "year": 2010,
            "quarter": 3,
            "eps": 0.79,
            "eps_growth_year": 27.99,
            "eps_4q": 2.34,
            "eps_4q_growth_year": 0.89,
            "roe": 5,
            "roe_4q": 15.02,
            "gross_profit": 149884,
            "gross_margin": 47.42,
            "gross_margin_4q_avg": 40.64,
            "net_income": 52448,
            "revenue": 316046,
            "common_shares": 660949,
            "book_valuer_per_share": 16.26,
            "book_valuer_per_share_4q_avg": 16.94,
            "equity": 1074735,
            "current_ratio": 448.95,
            "debt_ratio": 16.23,
            "inventory_turnover_ratio": 6.84,
            "account_receivable_turnover_ratio": 2.54,
            "reinvestment_rate": -10.49,
            "research_to_sale_ratio": 0.4,
            "price_fair": 74.03,
            "eps_avg_yearly": 2.12,
            "eps_latest_yearly": 3.16,
            "eps_growth_yearly": 28.05
        },
        "20104": {
            "year_quarter": 20104,
            "year": 2010,
            "quarter": 4,
            "eps": 0.59,
            "eps_growth_year": -5.11,
            "eps_4q": 2.37,
            "eps_4q_growth_year": -4.2,
            "roe": 3.55,
            "roe_4q": 14.83,
            "gross_profit": 132152,
            "gross_margin": 42.07,
            "gross_margin_4q_avg": 41.16,
            "net_income": 38886,
            "revenue": 314110,
            "common_shares": 660949,
            "book_valuer_per_share": 16.85,
            "book_valuer_per_share_4q_avg": 16.92,
            "equity": 1113622,
            "current_ratio": 430.87,
            "debt_ratio": 17.08,
            "inventory_turnover_ratio": 6.79,
            "account_receivable_turnover_ratio": 2.49,
            "reinvestment_rate": 1.61,
            "research_to_sale_ratio": 0.37,
            "price_fair": 76.04,
            "eps_avg_yearly": 2.17,
            "eps_latest_yearly": 2.36,
            "eps_growth_yearly": 32.21
        },
        "20111": {
            "year_quarter": 20111,
            "year": 2011,
            "quarter": 1,
            "eps": 0.46,
            "eps_growth_year": -26.98,
            "eps_4q": 2.26,
            "eps_4q_growth_year": -8.61,
            "roe": 2.72,
            "roe_4q": 13.899999999999999,
            "gross_profit": 100876,
            "gross_margin": 35.08,
            "gross_margin_4q_avg": 40.18,
            "net_income": 30708,
            "revenue": 287550,
            "common_shares": 660949,
            "book_valuer_per_share": 17.31,
            "book_valuer_per_share_4q_avg": 16.86,
            "equity": 1144330,
            "current_ratio": 582.46,
            "debt_ratio": 13.7,
            "inventory_turnover_ratio": 6.48,
            "account_receivable_turnover_ratio": 2.48,
            "reinvestment_rate": 2.25,
            "research_to_sale_ratio": 0.09,
            "price_fair": 64.64,
            "eps_avg_yearly": 2.17,
            "eps_latest_yearly": 1.84,
            "eps_growth_yearly": 19.76
        },
        "20112": {
            "year_quarter": 20112,
            "year": 2011,
            "quarter": 2,
            "eps": 0.44,
            "eps_growth_year": 6.61,
            "eps_4q": 2.29,
            "eps_4q_growth_year": 8.3,
            "roe": 2.67,
            "roe_4q": 13.940000000000001,
            "gross_profit": 78010,
            "gross_margin": 29.95,
            "gross_margin_4q_avg": 38.63,
            "net_income": 29140,
            "revenue": 260467,
            "common_shares": 660949,
            "book_valuer_per_share": 15.75,
            "book_valuer_per_share_4q_avg": 16.54,
            "equity": 1041280,
            "current_ratio": 282.79,
            "debt_ratio": 24.68,
            "inventory_turnover_ratio": 6.19,
            "account_receivable_turnover_ratio": 2.3,
            "reinvestment_rate": 3.21,
            "research_to_sale_ratio": 0.2,
            "price_fair": 62.14,
            "eps_avg_yearly": 2.17,
            "eps_latest_yearly": 1.76,
            "eps_growth_yearly": 18.67
        },
        "20113": {
            "year_quarter": 20113,
            "year": 2011,
            "quarter": 3,
            "eps": 0.49,
            "eps_growth_year": -38.62,
            "eps_4q": 1.98,
            "eps_4q_growth_year": -15.5,
            "roe": 3.04,
            "roe_4q": 11.98,
            "gross_profit": 104222,
            "gross_margin": 34.25,
            "gross_margin_4q_avg": 35.34,
            "net_income": 32192,
            "revenue": 304315,
            "common_shares": 660949,
            "book_valuer_per_share": 16.24,
            "book_valuer_per_share_4q_avg": 16.54,
            "equity": 1073473,
            "current_ratio": 438.53,
            "debt_ratio": 16.91,
            "inventory_turnover_ratio": 6.82,
            "account_receivable_turnover_ratio": 2.52,
            "reinvestment_rate": 3.23,
            "research_to_sale_ratio": 0.17,
            "price_fair": 47.49,
            "eps_avg_yearly": 2.13,
            "eps_latest_yearly": 1.96,
            "eps_growth_yearly": 12.27
        },
        "20114": {
            "year_quarter": 20114,
            "year": 2011,
            "quarter": 4,
            "eps": 0.44,
            "eps_growth_year": -24.85,
            "eps_4q": 1.83,
            "eps_4q_growth_year": -22.49,
            "roe": 2.69,
            "roe_4q": 11.120000000000001,
            "gross_profit": 93536,
            "gross_margin": 31.36,
            "gross_margin_4q_avg": 32.66,
            "net_income": 29224,
            "revenue": 298261,
            "common_shares": 660949,
            "book_valuer_per_share": 16.68,
            "book_valuer_per_share_4q_avg": 16.5,
            "equity": 1102696,
            "current_ratio": 423.14,
            "debt_ratio": 17.57,
            "inventory_turnover_ratio": 6.71,
            "account_receivable_turnover_ratio": 2.33,
            "reinvestment_rate": 3.95,
            "research_to_sale_ratio": 0.18,
            "price_fair": 62.73,
            "eps_avg_yearly": 2.15,
            "eps_latest_yearly": 1.76,
            "eps_growth_yearly": 19.24
        },
        "20121": {
            "year_quarter": 20121,
            "year": 2012,
            "quarter": 1,
            "eps": 0.62,
            "eps_growth_year": 34.78,
            "eps_4q": 1.99,
            "eps_4q_growth_year": -12.01,
            "roe": 3.64,
            "roe_4q": 12.040000000000001,
            "gross_profit": 103567,
            "gross_margin": 35.39,
            "gross_margin_4q_avg": 32.74,
            "net_income": 40873,
            "revenue": 292652,
            "common_shares": 660949,
            "book_valuer_per_share": 17.3,
            "book_valuer_per_share_4q_avg": 16.49,
            "equity": 1143569,
            "current_ratio": 466.91,
            "debt_ratio": 16.33,
            "inventory_turnover_ratio": 5.89,
            "account_receivable_turnover_ratio": 2.28,
            "reinvestment_rate": 4.2,
            "research_to_sale_ratio": 0.18,
            "price_fair": 77.35,
            "eps_avg_yearly": 2.21,
            "eps_latest_yearly": 2.48,
            "eps_growth_yearly": 31.39
        },
        "20122": {
            "year_quarter": 20122,
            "year": 2012,
            "quarter": 2,
            "eps": 0.59,
            "eps_growth_year": 32.92,
            "eps_4q": 2.13,
            "eps_4q_growth_year": -6.72,
            "roe": 3.53,
            "roe_4q": 12.899999999999999,
            "gross_profit": 97842,
            "gross_margin": 33.53,
            "gross_margin_4q_avg": 33.63,
            "net_income": 38732,
            "revenue": 291794,
            "common_shares": 660949,
            "book_valuer_per_share": 15.89,
            "book_valuer_per_share_4q_avg": 16.53,
            "equity": 1050111,
            "current_ratio": 289.75,
            "debt_ratio": 25.02,
            "inventory_turnover_ratio": 6.48,
            "account_receivable_turnover_ratio": 2.21,
            "reinvestment_rate": 4.19,
            "research_to_sale_ratio": 0.3,
            "price_fair": 79.01,
            "eps_avg_yearly": 2.26,
            "eps_latest_yearly": 2.36,
            "eps_growth_yearly": 27.41
        },
        "20123": {
            "year_quarter": 20123,
            "year": 2012,
            "quarter": 3,
            "eps": 0.55,
            "eps_growth_year": 13.53,
            "eps_4q": 2.2,
            "eps_4q_growth_year": 11.04,
            "roe": 3.42,
            "roe_4q": 13.28,
            "gross_profit": 108555,
            "gross_margin": 33.69,
            "gross_margin_4q_avg": 33.49,
            "net_income": 36547,
            "revenue": 322178,
            "common_shares": 660949,
            "book_valuer_per_share": 16.44,
            "book_valuer_per_share_4q_avg": 16.58,
            "equity": 1086658,
            "current_ratio": 455.79,
            "debt_ratio": 17.09,
            "inventory_turnover_ratio": 7.87,
            "account_receivable_turnover_ratio": 2.31,
            "reinvestment_rate": 4.69,
            "research_to_sale_ratio": 0.29,
            "price_fair": 47.74,
            "eps_avg_yearly": 2.24,
            "eps_latest_yearly": 2.2,
            "eps_growth_yearly": 11.34
        },
        "20124": {
            "year_quarter": 20124,
            "year": 2012,
            "quarter": 4,
            "eps": 0.46,
            "eps_growth_year": 4.26,
            "eps_4q": 2.22,
            "eps_4q_growth_year": 20.91,
            "roe": 2.77,
            "roe_4q": 13.36,
            "gross_profit": 91634,
            "gross_margin": 29.88,
            "gross_margin_4q_avg": 33.12,
            "net_income": 30469,
            "revenue": 306677,
            "common_shares": 660949,
            "book_valuer_per_share": 16.9,
            "book_valuer_per_share_4q_avg": 16.63,
            "equity": 1117127,
            "current_ratio": 476.21,
            "debt_ratio": 16.82,
            "inventory_turnover_ratio": 7.79,
            "account_receivable_turnover_ratio": 2.19,
            "reinvestment_rate": 7.02,
            "research_to_sale_ratio": 0.21,
            "price_fair": 52.73,
            "eps_avg_yearly": 2.24,
            "eps_latest_yearly": 1.84,
            "eps_growth_yearly": 13.59
        },
        "20131": {
            "year_quarter": 20131,
            "year": 2013,
            "quarter": 1,
            "eps": 0.44,
            "eps_growth_year": -29.03,
            "eps_4q": 2.04,
            "eps_4q_growth_year": 2.63,
            "roe": 2.6,
            "roe_4q": 12.319999999999999,
            "gross_profit": 92745,
            "gross_margin": 31.81,
            "gross_margin_4q_avg": 32.23,
            "net_income": 29134,
            "revenue": 291576,
            "common_shares": 660949,
            "book_valuer_per_share": 17.05,
            "book_valuer_per_share_4q_avg": 16.57,
            "equity": 1126878,
            "current_ratio": 463.51,
            "debt_ratio": 16.4,
            "inventory_turnover_ratio": 6.8,
            "account_receivable_turnover_ratio": 2.22,
            "reinvestment_rate": 13.73,
            "research_to_sale_ratio": 0.18,
            "price_fair": 30.62,
            "eps_avg_yearly": 2.19,
            "eps_latest_yearly": 1.76,
            "eps_growth_yearly": 4
        },
        "20132": {
            "year_quarter": 20132,
            "year": 2013,
            "quarter": 2,
            "eps": 0.6,
            "eps_growth_year": 2.39,
            "eps_4q": 1.86,
            "eps_4q_growth_year": -12.64,
            "roe": 3.54,
            "roe_4q": 12.33,
            "gross_profit": 99723,
            "gross_margin": 33.72,
            "gross_margin_4q_avg": 32.28,
            "net_income": 39367,
            "revenue": 295736,
            "common_shares": 660949,
            "book_valuer_per_share": 16.65,
            "book_valuer_per_share_4q_avg": 16.76,
            "equity": 1100150,
            "current_ratio": 276.93,
            "debt_ratio": 21.36,
            "inventory_turnover_ratio": 6.45,
            "account_receivable_turnover_ratio": 2.32,
            "reinvestment_rate": 44.59,
            "research_to_sale_ratio": 0.17,
            "price_fair": 53.11,
            "eps_avg_yearly": 2.19,
            "eps_latest_yearly": 2.4,
            "eps_growth_yearly": 14.28
        },
        "20133": {
            "year_quarter": 20133,
            "year": 2013,
            "quarter": 3,
            "eps": 0.46,
            "eps_growth_year": -16.81,
            "eps_4q": 1.82,
            "eps_4q_growth_year": -17.34,
            "roe": 2.97,
            "roe_4q": 11.879999999999999,
            "gross_profit": 107989,
            "gross_margin": 34.11,
            "gross_margin_4q_avg": 32.38,
            "net_income": 33214,
            "revenue": 316562,
            "common_shares": 727044,
            "book_valuer_per_share": 15.59,
            "book_valuer_per_share_4q_avg": 16.55,
            "equity": 1133364,
            "current_ratio": 304.59,
            "debt_ratio": 20.49,
            "inventory_turnover_ratio": 6.97,
            "account_receivable_turnover_ratio": 2.36,
            "reinvestment_rate": 47.61,
            "research_to_sale_ratio": 0.18,
            "price_fair": 37.82,
            "eps_avg_yearly": 2.15,
            "eps_latest_yearly": 1.84,
            "eps_growth_yearly": 7.61
        },
        "20134": {
            "year_quarter": 20134,
            "year": 2013,
            "quarter": 4,
            "eps": 0.46,
            "eps_growth_year": -0.02,
            "eps_4q": 1.86,
            "eps_4q_growth_year": -16.16,
            "roe": 2.91,
            "roe_4q": 12.020000000000001,
            "gross_profit": 92119,
            "gross_margin": 30.16,
            "gross_margin_4q_avg": 32.45,
            "net_income": 33509,
            "revenue": 305472,
            "common_shares": 727044,
            "book_valuer_per_share": 16.05,
            "book_valuer_per_share_4q_avg": 16.34,
            "equity": 1166873,
            "current_ratio": 385.69,
            "debt_ratio": 16.79,
            "inventory_turnover_ratio": 6.65,
            "account_receivable_turnover_ratio": 2.31,
            "reinvestment_rate": 26.24,
            "research_to_sale_ratio": 0.2,
            "price_fair": 37.12,
            "eps_avg_yearly": 2.11,
            "eps_latest_yearly": 1.84,
            "eps_growth_yearly": 7.61
        },
        "20141": {
            "year_quarter": 20141,
            "year": 2014,
            "quarter": 1,
            "eps": 0.44,
            "eps_growth_year": 0,
            "eps_4q": 1.9,
            "eps_4q_growth_year": -7.12,
            "roe": 2.68,
            "roe_4q": 12.100000000000001,
            "gross_profit": 88215,
            "gross_margin": 30.29,
            "gross_margin_4q_avg": 32.07,
            "net_income": 31711,
            "revenue": 291275,
            "common_shares": 727044,
            "book_valuer_per_share": 16.49,
            "book_valuer_per_share_4q_avg": 16.2,
            "equity": 1198584,
            "current_ratio": 469,
            "debt_ratio": 14.52,
            "inventory_turnover_ratio": 5.78,
            "account_receivable_turnover_ratio": 2.34,
            "reinvestment_rate": 26.77,
            "research_to_sale_ratio": 0,
            "price_fair": 33.21,
            "eps_avg_yearly": 2.06,
            "eps_latest_yearly": 1.76,
            "eps_growth_yearly": 6.12
        },
        "20142": {
            "year_quarter": 20142,
            "year": 2014,
            "quarter": 2,
            "eps": 0.42,
            "eps_growth_year": -30,
            "eps_4q": 1.77,
            "eps_4q_growth_year": -4.98,
            "roe": 2.66,
            "roe_4q": 11.22,
            "gross_profit": 93224,
            "gross_margin": 31.38,
            "gross_margin_4q_avg": 31.49,
            "net_income": 30331,
            "revenue": 297098,
            "common_shares": 727044,
            "book_valuer_per_share": 14.9,
            "book_valuer_per_share_4q_avg": 15.76,
            "equity": 1083506,
            "current_ratio": 237.98,
            "debt_ratio": 25.69,
            "inventory_turnover_ratio": 5.59,
            "account_receivable_turnover_ratio": 2.38,
            "reinvestment_rate": 26.07,
            "research_to_sale_ratio": 0,
            "price_fair": 48.91,
            "eps_avg_yearly": 2.06,
            "eps_latest_yearly": 1.68,
            "eps_growth_yearly": 13.72
        },
        "20143": {
            "year_quarter": 20143,
            "year": 2014,
            "quarter": 3,
            "eps": 0.58,
            "eps_growth_year": 26.09,
            "eps_4q": 1.89,
            "eps_4q_growth_year": 4.11,
            "roe": 3.81,
            "roe_4q": 12.06,
            "gross_profit": 108288,
            "gross_margin": 33.15,
            "gross_margin_4q_avg": 31.25,
            "net_income": 42065,
            "revenue": 326612,
            "common_shares": 727044,
            "book_valuer_per_share": 15.48,
            "book_valuer_per_share_4q_avg": 15.73,
            "equity": 1125571,
            "current_ratio": 390.62,
            "debt_ratio": 16.47,
            "inventory_turnover_ratio": 5.9,
            "account_receivable_turnover_ratio": 2.48,
            "reinvestment_rate": 26.74,
            "research_to_sale_ratio": 0,
            "price_fair": 20.1,
            "eps_avg_yearly": 2.01,
            "eps_latest_yearly": 2.32,
            "eps_growth_yearly": 0.07
        },
        "20144": {
            "year_quarter": 20144,
            "year": 2014,
            "quarter": 4,
            "eps": 0.47,
            "eps_growth_year": 1.97,
            "eps_4q": 1.9,
            "eps_4q_growth_year": 2.26,
            "roe": 2.99,
            "roe_4q": 12.14,
            "gross_profit": 91129,
            "gross_margin": 28.72,
            "gross_margin_4q_avg": 30.89,
            "net_income": 34170,
            "revenue": 317349,
            "common_shares": 727044,
            "book_valuer_per_share": 15.95,
            "book_valuer_per_share_4q_avg": 15.71,
            "equity": 1159741,
            "current_ratio": 372.25,
            "debt_ratio": 17.52,
            "inventory_turnover_ratio": 6.11,
            "account_receivable_turnover_ratio": 2.4,
            "reinvestment_rate": 16.4,
            "research_to_sale_ratio": 0,
            "price_fair": 23.08,
            "eps_avg_yearly": 1.98,
            "eps_latest_yearly": 1.88,
            "eps_growth_yearly": 1.66
        },
        "20151": {
            "year_quarter": 20151,
            "year": 2015,
            "quarter": 1,
            "eps": 0.48,
            "eps_growth_year": 9.09,
            "eps_4q": 1.94,
            "eps_4q_growth_year": 2.48,
            "roe": 2.94,
            "roe_4q": 12.4,
            "gross_profit": 95782,
            "gross_margin": 31.26,
            "gross_margin_4q_avg": 31.13,
            "net_income": 34654,
            "revenue": 306423,
            "common_shares": 727044,
            "book_valuer_per_share": 16.43,
            "book_valuer_per_share_4q_avg": 15.69,
            "equity": 1194395,
            "current_ratio": 419.26,
            "debt_ratio": 16.07,
            "inventory_turnover_ratio": 4.95,
            "account_receivable_turnover_ratio": 2.49,
            "reinvestment_rate": 16.51,
            "research_to_sale_ratio": null,
            "price_fair": 35.13,
            "eps_avg_yearly": 1.99,
            "eps_latest_yearly": 1.92,
            "eps_growth_yearly": 7.7
        },
        "20152": {
            "year_quarter": 20152,
            "year": 2015,
            "quarter": 2,
            "eps": 0.6,
            "eps_growth_year": 42.86,
            "eps_4q": 2.12,
            "eps_4q_growth_year": 19.83,
            "roe": 3.74,
            "roe_4q": 13.48,
            "gross_profit": 113467,
            "gross_margin": 36.06,
            "gross_margin_4q_avg": 32.3,
            "net_income": 43409,
            "revenue": 314630,
            "common_shares": 727044,
            "book_valuer_per_share": 15.53,
            "book_valuer_per_share_4q_avg": 15.85,
            "equity": 1128748,
            "current_ratio": 273.28,
            "debt_ratio": 23.38,
            "inventory_turnover_ratio": 4.44,
            "account_receivable_turnover_ratio": 2.51,
            "reinvestment_rate": 15.95,
            "research_to_sale_ratio": null,
            "price_fair": 50.69,
            "eps_avg_yearly": 2.03,
            "eps_latest_yearly": 2.4,
            "eps_growth_yearly": 15.03
        },
        "20153": {
            "year_quarter": 20153,
            "year": 2015,
            "quarter": 3,
            "eps": 0.79,
            "eps_growth_year": 36.21,
            "eps_4q": 2.34,
            "eps_4q_growth_year": 23.52,
            "roe": 4.99,
            "roe_4q": 14.66,
            "gross_profit": 123355,
            "gross_margin": 35.96,
            "gross_margin_4q_avg": 33,
            "net_income": 57747,
            "revenue": 343022,
            "common_shares": 727044,
            "book_valuer_per_share": 16.32,
            "book_valuer_per_share_4q_avg": 16.06,
            "equity": 1186495,
            "current_ratio": 395.15,
            "debt_ratio": 17.23,
            "inventory_turnover_ratio": 5.1,
            "account_receivable_turnover_ratio": 2.47,
            "reinvestment_rate": 38.4,
            "research_to_sale_ratio": null,
            "price_fair": 63.23,
            "eps_avg_yearly": 2.1,
            "eps_latest_yearly": 3.16,
            "eps_growth_yearly": 20.11
        },
        "20154": {
            "year_quarter": 20154,
            "year": 2015,
            "quarter": 4,
            "eps": 0.64,
            "eps_growth_year": 36.18,
            "eps_4q": 2.51,
            "eps_4q_growth_year": 31.87,
            "roe": 3.85,
            "roe_4q": 15.52,
            "gross_profit": 113315,
            "gross_margin": 33.13,
            "gross_margin_4q_avg": 34.1,
            "net_income": 46532,
            "revenue": 342075,
            "common_shares": 727044,
            "book_valuer_per_share": 16.96,
            "book_valuer_per_share_4q_avg": 16.31,
            "equity": 1233027,
            "current_ratio": 386.44,
            "debt_ratio": 17.98,
            "inventory_turnover_ratio": 5.35,
            "account_receivable_turnover_ratio": 2.34,
            "reinvestment_rate": 37.08,
            "research_to_sale_ratio": null,
            "price_fair": 60.01,
            "eps_avg_yearly": 2.15,
            "eps_latest_yearly": 2.56,
            "eps_growth_yearly": 17.91
        },
        "20161": {
            "year_quarter": 20161,
            "year": 2016,
            "quarter": 1,
            "eps": 0.69,
            "eps_growth_year": 43.75,
            "eps_4q": 2.72,
            "eps_4q_growth_year": 39.91,
            "roe": 3.97,
            "roe_4q": 16.55,
            "gross_profit": 113888,
            "gross_margin": 33.04,
            "gross_margin_4q_avg": 34.55,
            "net_income": 49889,
            "revenue": 344670,
            "common_shares": 727044,
            "book_valuer_per_share": 17.65,
            "book_valuer_per_share_4q_avg": 16.62,
            "equity": 1282916,
            "current_ratio": 428.91,
            "debt_ratio": 16.86,
            "inventory_turnover_ratio": 5.69,
            "account_receivable_turnover_ratio": 2.37,
            "reinvestment_rate": 36.28,
            "research_to_sale_ratio": null,
            "price_fair": 42.57,
            "eps_avg_yearly": 2.17,
            "eps_latest_yearly": 2.76,
            "eps_growth_yearly": 9.64
        },
        "20162": {
            "year_quarter": 20162,
            "year": 2016,
            "quarter": 2,
            "eps": 0.74,
            "eps_growth_year": 23.33,
            "eps_4q": 2.86,
            "eps_4q_growth_year": 34.94,
            "roe": 4.37,
            "roe_4q": 17.18,
            "gross_profit": 124056,
            "gross_margin": 37.27,
            "gross_margin_4q_avg": 34.85,
            "net_income": 54044,
            "revenue": 332838,
            "common_shares": 727044,
            "book_valuer_per_share": 16.39,
            "book_valuer_per_share_4q_avg": 16.83,
            "equity": 1191551,
            "current_ratio": 273.71,
            "debt_ratio": 24.56,
            "inventory_turnover_ratio": 5.65,
            "account_receivable_turnover_ratio": 2.4,
            "reinvestment_rate": 35.54,
            "research_to_sale_ratio": null,
            "price_fair": 49.97,
            "eps_avg_yearly": 2.21,
            "eps_latest_yearly": 2.96,
            "eps_growth_yearly": 12.66
        },
        "20163": {
            "year_quarter": 20163,
            "year": 2016,
            "quarter": 3,
            "eps": 0.87,
            "eps_growth_year": 10.13,
            "eps_4q": 2.94,
            "eps_4q_growth_year": 25.66,
            "roe": 5.16,
            "roe_4q": 17.35,
            "gross_profit": 138344,
            "gross_margin": 38.56,
            "gross_margin_4q_avg": 35.5,
            "net_income": 63140,
            "revenue": 358779,
            "common_shares": 727044,
            "book_valuer_per_share": 17.26,
            "book_valuer_per_share_4q_avg": 17.07,
            "equity": 1254691,
            "current_ratio": 417.43,
            "debt_ratio": 17.04,
            "inventory_turnover_ratio": 6.54,
            "account_receivable_turnover_ratio": 2.58,
            "reinvestment_rate": 34.7,
            "research_to_sale_ratio": null,
            "price_fair": 65.69,
            "eps_avg_yearly": 2.29,
            "eps_latest_yearly": 3.48,
            "eps_growth_yearly": 18.75
        },
        "20164": {
            "year_quarter": 20164,
            "year": 2016,
            "quarter": 4,
            "eps": 0.8,
            "eps_growth_year": 24.37,
            "eps_4q": 3.09,
            "eps_4q_growth_year": 23.37,
            "roe": 4.51,
            "roe_4q": 18.009999999999998,
            "gross_profit": 130804,
            "gross_margin": 36.18,
            "gross_margin_4q_avg": 36.26,
            "net_income": 57874,
            "revenue": 361503,
            "common_shares": 727044,
            "book_valuer_per_share": 18.05,
            "book_valuer_per_share_4q_avg": 17.34,
            "equity": 1312565,
            "current_ratio": 406.66,
            "debt_ratio": 18,
            "inventory_turnover_ratio": 6.57,
            "account_receivable_turnover_ratio": 2.46,
            "reinvestment_rate": 31.76,
            "research_to_sale_ratio": null,
            "price_fair": 73.06,
            "eps_avg_yearly": 2.37,
            "eps_latest_yearly": 3.2,
            "eps_growth_yearly": 20.83
        },
        "20171": {
            "year_quarter": 20171,
            "year": 2017,
            "quarter": 1,
            "eps": 0.78,
            "eps_growth_year": 13.04,
            "eps_4q": 3.19,
            "eps_4q_growth_year": 17.35,
            "roe": 4.24,
            "roe_4q": 18.28,
            "gross_profit": 124935,
            "gross_margin": 35.89,
            "gross_margin_4q_avg": 36.98,
            "net_income": 56803,
            "revenue": 348128,
            "common_shares": 727044,
            "book_valuer_per_share": 18.83,
            "book_valuer_per_share_4q_avg": 17.63,
            "equity": 1369368,
            "current_ratio": 452.92,
            "debt_ratio": 16.59,
            "inventory_turnover_ratio": 5.83,
            "account_receivable_turnover_ratio": 2.34,
            "reinvestment_rate": 26.88,
            "research_to_sale_ratio": null,
            "price_fair": 76.81,
            "eps_avg_yearly": 2.46,
            "eps_latest_yearly": 3.12,
            "eps_growth_yearly": 21.29
        },
        "20172": {
            "year_quarter": 20172,
            "year": 2017,
            "quarter": 2,
            "eps": 0.74,
            "eps_growth_year": 0,
            "eps_4q": 2.95,
            "eps_4q_growth_year": 2.91,
            "roe": 4.46,
            "roe_4q": 18.369999999999997,
            "gross_profit": 128880,
            "gross_margin": 38.1,
            "gross_margin_4q_avg": 37.18,
            "net_income": 60013,
            "revenue": 338293,
            "common_shares": 727044,
            "book_valuer_per_share": 18.16,
            "book_valuer_per_share_4q_avg": 18.08,
            "equity": 1320324,
            "current_ratio": 322.31,
            "debt_ratio": 22.02,
            "inventory_turnover_ratio": 5.41,
            "account_receivable_turnover_ratio": 2.29,
            "reinvestment_rate": 3.21,
            "research_to_sale_ratio": null,
            "price_fair": 52.08,
            "eps_avg_yearly": 2.49,
            "eps_latest_yearly": 2.96,
            "eps_growth_yearly": 10.92
        },
        "20173": {
            "year_quarter": 20173,
            "year": 2017,
            "quarter": 3,
            "eps": 0.82,
            "eps_growth_year": -5.75,
            "eps_4q": 2.99,
            "eps_4q_growth_year": 1.75,
            "roe": 4.92,
            "roe_4q": 18.13,
            "gross_profit": 146738,
            "gross_margin": 40.32,
            "gross_margin_4q_avg": 37.62,
            "net_income": 66550,
            "revenue": 363888,
            "common_shares": 807018,
            "book_valuer_per_share": 17.19,
            "book_valuer_per_share_4q_avg": 18.06,
            "equity": 1386873,
            "current_ratio": 469,
            "debt_ratio": 17.77,
            "inventory_turnover_ratio": 5.42,
            "account_receivable_turnover_ratio": 2.49,
            "reinvestment_rate": -13.9,
            "research_to_sale_ratio": 0.11,
            "price_fair": 75.99,
            "eps_avg_yearly": 2.58,
            "eps_latest_yearly": 3.28,
            "eps_growth_yearly": 19.45
        },
        "20174": {
            "year_quarter": 20174,
            "year": 2017,
            "quarter": 4,
            "eps": 1.01,
            "eps_growth_year": 27.04,
            "eps_4q": 3.28,
            "eps_4q_growth_year": 6.12,
            "roe": 5.72,
            "roe_4q": 19.340000000000003,
            "gross_profit": 137722,
            "gross_margin": 37.95,
            "gross_margin_4q_avg": 38.07,
            "net_income": 81609,
            "revenue": 362875,
            "common_shares": 807018,
            "book_valuer_per_share": 18.2,
            "book_valuer_per_share_4q_avg": 18.1,
            "equity": 1468482,
            "current_ratio": 499.76,
            "debt_ratio": 17.08,
            "inventory_turnover_ratio": 5.49,
            "account_receivable_turnover_ratio": 2.49,
            "reinvestment_rate": 2.92,
            "research_to_sale_ratio": 0.35,
            "price_fair": 95.11,
            "eps_avg_yearly": 2.72,
            "eps_latest_yearly": 4.04,
            "eps_growth_yearly": 25.24
        },
        "20181": {
            "year_quarter": 20181,
            "year": 2018,
            "quarter": 1,
            "eps": 0.76,
            "eps_growth_year": -2.56,
            "eps_4q": 3.34,
            "eps_4q_growth_year": 4.81,
            "roe": 4.11,
            "roe_4q": 19.21,
            "gross_profit": 139522,
            "gross_margin": 37.73,
            "gross_margin_4q_avg": 38.53,
            "net_income": 61566,
            "revenue": 369831,
            "common_shares": 807018,
            "book_valuer_per_share": 18.96,
            "book_valuer_per_share_4q_avg": 18.13,
            "equity": 1530048,
            "current_ratio": 574.34,
            "debt_ratio": 15.53,
            "inventory_turnover_ratio": 6,
            "account_receivable_turnover_ratio": 2.51,
            "reinvestment_rate": 2.58,
            "research_to_sale_ratio": 0.32,
            "price_fair": 84.33,
            "eps_avg_yearly": 2.8,
            "eps_latest_yearly": 3.04,
            "eps_growth_yearly": 20.14
        },
        "20182": {
            "year_quarter": 20182,
            "year": 2018,
            "quarter": 2,
            "eps": 0.77,
            "eps_growth_year": 4.05,
            "eps_4q": 3.37,
            "eps_4q_growth_year": 14.22,
            "roe": 4.3,
            "roe_4q": 19.049999999999997,
            "gross_profit": 135344,
            "gross_margin": 37.99,
            "gross_margin_4q_avg": 38.5,
            "net_income": 61929,
            "revenue": 356230,
            "common_shares": 807018,
            "book_valuer_per_share": 16.73,
            "book_valuer_per_share_4q_avg": 17.77,
            "equity": 1349871,
            "current_ratio": 278.36,
            "debt_ratio": 28.64,
            "inventory_turnover_ratio": 6.06,
            "account_receivable_turnover_ratio": 2.35,
            "reinvestment_rate": 2.6,
            "research_to_sale_ratio": 0.22,
            "price_fair": 91.19,
            "eps_avg_yearly": 2.89,
            "eps_latest_yearly": 3.08,
            "eps_growth_yearly": 21.61
        },
        "20183": {
            "year_quarter": 20183,
            "year": 2018,
            "quarter": 3,
            "eps": 0.82,
            "eps_growth_year": 0,
            "eps_4q": 3.36,
            "eps_4q_growth_year": 12.34,
            "roe": 4.77,
            "roe_4q": 18.9,
            "gross_profit": 140306,
            "gross_margin": 36.93,
            "gross_margin_4q_avg": 37.65,
            "net_income": 65915,
            "revenue": 379962,
            "common_shares": 807018,
            "book_valuer_per_share": 17.54,
            "book_valuer_per_share_4q_avg": 17.86,
            "equity": 1415786,
            "current_ratio": 495.05,
            "debt_ratio": 17.54,
            "inventory_turnover_ratio": 5.87,
            "account_receivable_turnover_ratio": 2.44,
            "reinvestment_rate": 2.63,
            "research_to_sale_ratio": 0.2,
            "price_fair": 69.82,
            "eps_avg_yearly": 2.95,
            "eps_latest_yearly": 3.28,
            "eps_growth_yearly": 13.71
        },
        "20184": {
            "year_quarter": 20184,
            "year": 2018,
            "quarter": 4,
            "eps": 0.7,
            "eps_growth_year": -30.31,
            "eps_4q": 3.05,
            "eps_4q_growth_year": -7.05,
            "roe": 3.94,
            "roe_4q": 17.119999999999997,
            "gross_profit": 132182,
            "gross_margin": 34.26,
            "gross_margin_4q_avg": 36.73,
            "net_income": 56875,
            "revenue": 385867,
            "common_shares": 807018,
            "book_valuer_per_share": 18.25,
            "book_valuer_per_share_4q_avg": 17.87,
            "equity": 1472661,
            "current_ratio": 479.1,
            "debt_ratio": 18.26,
            "inventory_turnover_ratio": 6.11,
            "account_receivable_turnover_ratio": 2.39,
            "reinvestment_rate": 2.34,
            "research_to_sale_ratio": 0.2,
            "price_fair": 74.43,
            "eps_avg_yearly": 3,
            "eps_latest_yearly": 2.8,
            "eps_growth_yearly": 14.79
        },
        "20191": {
            "year_quarter": 20191,
            "year": 2019,
            "quarter": 1,
            "eps": 0.66,
            "eps_growth_year": -13.16,
            "eps_4q": 2.95,
            "eps_4q_growth_year": -11.83,
            "roe": 3.54,
            "roe_4q": 16.55,
            "gross_profit": 128718,
            "gross_margin": 33.78,
            "gross_margin_4q_avg": 35.74,
            "net_income": 53096,
            "revenue": 381048,
            "common_shares": 807018,
            "book_valuer_per_share": 18.91,
            "book_valuer_per_share_4q_avg": 17.86,
            "equity": 1525757,
            "current_ratio": 535.87,
            "debt_ratio": 16.83,
            "inventory_turnover_ratio": 6.5,
            "account_receivable_turnover_ratio": 2.34,
            "reinvestment_rate": 2.11,
            "research_to_sale_ratio": 0.21,
            "price_fair": 69.58,
            "eps_avg_yearly": 3.05,
            "eps_latest_yearly": 2.64,
            "eps_growth_yearly": 12.83
        },
        "20192": {
            "year_quarter": 20192,
            "year": 2019,
            "quarter": 2,
            "eps": 0.89,
            "eps_growth_year": 15.58,
            "eps_4q": 3.07,
            "eps_4q_growth_year": -8.87,
            "roe": 4.95,
            "roe_4q": 17.2,
            "gross_profit": 148408,
            "gross_margin": 39.23,
            "gross_margin_4q_avg": 36.05,
            "net_income": 71684,
            "revenue": 378320,
            "common_shares": 807018,
            "book_valuer_per_share": 16.99,
            "book_valuer_per_share_4q_avg": 17.92,
            "equity": 1371476,
            "current_ratio": 290.24,
            "debt_ratio": 27.94,
            "inventory_turnover_ratio": 6.08,
            "account_receivable_turnover_ratio": 2.4,
            "reinvestment_rate": 2.08,
            "research_to_sale_ratio": 0.21,
            "price_fair": 78.91,
            "eps_avg_yearly": 3.12,
            "eps_latest_yearly": 3.56,
            "eps_growth_yearly": 15.29
        },
        "20193": {
            "year_quarter": 20193,
            "year": 2019,
            "quarter": 3,
            "eps": 1.05,
            "eps_growth_year": 28.05,
            "eps_4q": 3.3,
            "eps_4q_growth_year": -1.77,
            "roe": 5.98,
            "roe_4q": 18.41,
            "gross_profit": 172150,
            "gross_margin": 41.95,
            "gross_margin_4q_avg": 37.31,
            "net_income": 84554,
            "revenue": 410334,
            "common_shares": 807018,
            "book_valuer_per_share": 18.04,
            "book_valuer_per_share_4q_avg": 18.05,
            "equity": 1456030,
            "current_ratio": 526.93,
            "debt_ratio": 16.94,
            "inventory_turnover_ratio": 6.53,
            "account_receivable_turnover_ratio": 2.54,
            "reinvestment_rate": -9.2,
            "research_to_sale_ratio": 0.18,
            "price_fair": 69.66,
            "eps_avg_yearly": 3.19,
            "eps_latest_yearly": 4.2,
            "eps_growth_yearly": 11.87
        },
        "20194": {
            "year_quarter": 20194,
            "year": 2019,
            "quarter": 4,
            "eps": 0.94,
            "eps_growth_year": 32.99,
            "eps_4q": 3.53,
            "eps_4q_growth_year": 15.71,
            "roe": 5.06,
            "roe_4q": 19.529999999999998,
            "gross_profit": 160794,
            "gross_margin": 38.9,
            "gross_margin_4q_avg": 38.47,
            "net_income": 75639,
            "revenue": 413320,
            "common_shares": 807018,
            "book_valuer_per_share": 18.98,
            "book_valuer_per_share_4q_avg": 18.23,
            "equity": 1531669,
            "current_ratio": 472.24,
            "debt_ratio": 18.61,
            "inventory_turnover_ratio": 6.16,
            "account_receivable_turnover_ratio": 2.5,
            "reinvestment_rate": -7.6,
            "research_to_sale_ratio": 0.17,
            "price_fair": 78.23,
            "eps_avg_yearly": 3.26,
            "eps_latest_yearly": 3.76,
            "eps_growth_yearly": 14
        },
        "20201": {
            "year_quarter": 20201,
            "year": 2020,
            "quarter": 1,
            "eps": 0.98,
            "eps_growth_year": 48.48,
            "eps_4q": 3.86,
            "eps_4q_growth_year": 30.9,
            "roe": 5.05,
            "roe_4q": 21.04,
            "gross_profit": 166124,
            "gross_margin": 40.59,
            "gross_margin_4q_avg": 40.17,
            "net_income": 79412,
            "revenue": 409278,
            "common_shares": 807018,
            "book_valuer_per_share": 19.96,
            "book_valuer_per_share_4q_avg": 18.49,
            "equity": 1611081,
            "current_ratio": 546.66,
            "debt_ratio": 16.87,
            "inventory_turnover_ratio": 5.61,
            "account_receivable_turnover_ratio": 2.49,
            "reinvestment_rate": -7.13,
            "research_to_sale_ratio": 0.19,
            "price_fair": 77.01,
            "eps_avg_yearly": 3.33,
            "eps_latest_yearly": 3.92,
            "eps_growth_yearly": 13.11
        },
        "20202": {
            "year_quarter": 20202,
            "year": 2020,
            "quarter": 2,
            "eps": 0.98,
            "eps_growth_year": 10.11,
            "eps_4q": 3.95,
            "eps_4q_growth_year": 28.72,
            "roe": 5.17,
            "roe_4q": 21.259999999999998,
            "gross_profit": 164273,
            "gross_margin": 42.21,
            "gross_margin_4q_avg": 40.91,
            "net_income": 79066,
            "revenue": 389138,
            "common_shares": 807018,
            "book_valuer_per_share": 17.94,
            "book_valuer_per_share_4q_avg": 18.73,
            "equity": 1448041,
            "current_ratio": 298.19,
            "debt_ratio": 27.53,
            "inventory_turnover_ratio": 5.28,
            "account_receivable_turnover_ratio": 2.36,
            "reinvestment_rate": -6.81,
            "research_to_sale_ratio": 0.18,
            "price_fair": 72.25,
            "eps_avg_yearly": 3.39,
            "eps_latest_yearly": 3.92,
            "eps_growth_yearly": 11.3
        },
        "20203": {
            "year_quarter": 20203,
            "year": 2020,
            "quarter": 3,
            "eps": 1.24,
            "eps_growth_year": 18.1,
            "eps_4q": 4.14,
            "eps_4q_growth_year": 25.54,
            "roe": 6.68,
            "roe_4q": 21.959999999999997,
            "gross_profit": 181876,
            "gross_margin": 42.67,
            "gross_margin_4q_avg": 41.09,
            "net_income": 100087,
            "revenue": 426234,
            "common_shares": 807018,
            "book_valuer_per_share": 19.18,
            "book_valuer_per_share_4q_avg": 19.02,
            "equity": 1548128,
            "current_ratio": 559.08,
            "debt_ratio": 16.71,
            "inventory_turnover_ratio": 5.43,
            "account_receivable_turnover_ratio": 2.63,
            "reinvestment_rate": -9.7,
            "research_to_sale_ratio": 0.15,
            "price_fair": 82.03,
            "eps_avg_yearly": 3.49,
            "eps_latest_yearly": 4.96,
            "eps_growth_yearly": 13.54
        },
        "20204": {
            "year_quarter": 20204,
            "year": 2020,
            "quarter": 4,
            "eps": 1.01,
            "eps_growth_year": 7.45,
            "eps_4q": 4.21,
            "eps_4q_growth_year": 19.25,
            "roe": 5.12,
            "roe_4q": 22.02,
            "gross_profit": 165373,
            "gross_margin": 39.07,
            "gross_margin_4q_avg": 41.14,
            "net_income": 81276,
            "revenue": 423223,
            "common_shares": 807018,
            "book_valuer_per_share": 20.19,
            "book_valuer_per_share_4q_avg": 19.32,
            "equity": 1629404,
            "current_ratio": 517.76,
            "debt_ratio": 17.96,
            "inventory_turnover_ratio": 5.94,
            "account_receivable_turnover_ratio": 2.52,
            "reinvestment_rate": -9.33,
            "research_to_sale_ratio": 0.14,
            "price_fair": 73.98,
            "eps_avg_yearly": 3.54,
            "eps_latest_yearly": 4.04,
            "eps_growth_yearly": 10.91
        },
        "20211": {
            "year_quarter": 20211,
            "year": 2021,
            "quarter": 1,
            "eps": 0.89,
            "eps_growth_year": -9.18,
            "eps_4q": 4.11,
            "eps_4q_growth_year": 6.62,
            "roe": 4.29,
            "roe_4q": 21.259999999999998,
            "gross_profit": 158934,
            "gross_margin": 38.65,
            "gross_margin_4q_avg": 40.65,
            "net_income": 71453,
            "revenue": 411190,
            "common_shares": 807018,
            "book_valuer_per_share": 21.08,
            "book_valuer_per_share_4q_avg": 19.6,
            "equity": 1700857,
            "current_ratio": 586.42,
            "debt_ratio": 16.47,
            "inventory_turnover_ratio": 5.97,
            "account_receivable_turnover_ratio": 2.44,
            "reinvestment_rate": -10.33,
            "research_to_sale_ratio": 0.15,
            "price_fair": 66.19,
            "eps_avg_yearly": 3.57,
            "eps_latest_yearly": 3.56,
            "eps_growth_yearly": 8.57
        },
        "20212": {
            "year_quarter": 20212,
            "year": 2021,
            "quarter": 2,
            "eps": 0.9,
            "eps_growth_year": -8.16,
            "eps_4q": 4.03,
            "eps_4q_growth_year": 2.17,
            "roe": 4.19,
            "roe_4q": 20.28,
            "gross_profit": 165998,
            "gross_margin": 39.58,
            "gross_margin_4q_avg": 39.99,
            "net_income": 72778,
            "revenue": 419438,
            "common_shares": 807018,
            "book_valuer_per_share": 21.98,
            "book_valuer_per_share_4q_avg": 20.61,
            "equity": 1773635,
            "current_ratio": 596.63,
            "debt_ratio": 16.11,
            "inventory_turnover_ratio": 5.88,
            "account_receivable_turnover_ratio": 2.44,
            "reinvestment_rate": -10.96,
            "research_to_sale_ratio": 0.15,
            "price_fair": 72.57,
            "eps_avg_yearly": 3.61,
            "eps_latest_yearly": 3.6,
            "eps_growth_yearly": 10.13
        },
        "20213": {
            "year_quarter": 20213,
            "year": 2021,
            "quarter": 3,
            "eps": 0.98,
            "eps_growth_year": -20.97,
            "eps_4q": 3.52,
            "eps_4q_growth_year": -14.97,
            "roe": 5.02,
            "roe_4q": 18.62,
            "gross_profit": 183404,
            "gross_margin": 43.49,
            "gross_margin_4q_avg": 40.2,
            "net_income": 87096,
            "revenue": 421713,
            "common_shares": 887720,
            "book_valuer_per_share": 19.14,
            "book_valuer_per_share_4q_avg": 20.6,
            "equity": 1699328,
            "current_ratio": 416.93,
            "debt_ratio": 21.4,
            "inventory_turnover_ratio": 5.45,
            "account_receivable_turnover_ratio": 2.45,
            "reinvestment_rate": -1.34,
            "research_to_sale_ratio": 0.15,
            "price_fair": 71.62,
            "eps_avg_yearly": 3.65,
            "eps_latest_yearly": 3.92,
            "eps_growth_yearly": 9.65
        },
        "20214": {
            "year_quarter": 20214,
            "year": 2021,
            "quarter": 4,
            "eps": 1.15,
            "eps_growth_year": 14.54,
            "eps_4q": 3.76,
            "eps_4q_growth_year": -10.73,
            "roe": 5.85,
            "roe_4q": 19.349999999999998,
            "gross_profit": 196430,
            "gross_margin": 41.63,
            "gross_margin_4q_avg": 40.84,
            "net_income": 102404,
            "revenue": 471895,
            "common_shares": 887720,
            "book_valuer_per_share": 20.3,
            "book_valuer_per_share_4q_avg": 20.63,
            "equity": 1801732,
            "current_ratio": 540.24,
            "debt_ratio": 17,
            "inventory_turnover_ratio": 6.18,
            "account_receivable_turnover_ratio": 2.79,
            "reinvestment_rate": -2.32,
            "research_to_sale_ratio": 0.14,
            "price_fair": 66.95,
            "eps_avg_yearly": 3.68,
            "eps_latest_yearly": 4.6,
            "eps_growth_yearly": 8.19
        },
        "20221": {
            "year_quarter": 20221,
            "year": 2022,
            "quarter": 1,
            "eps": 0.92,
            "eps_growth_year": 3.37,
            "eps_4q": 3.88,
            "eps_4q_growth_year": -5.72,
            "roe": 4.44,
            "roe_4q": 19.5,
            "gross_profit": 168361,
            "gross_margin": 38.89,
            "gross_margin_4q_avg": 40.9,
            "net_income": 81898,
            "revenue": 432884,
            "common_shares": 887720,
            "book_valuer_per_share": 21.22,
            "book_valuer_per_share_4q_avg": 20.66,
            "equity": 1883630,
            "current_ratio": 578.56,
            "debt_ratio": 15.76,
            "inventory_turnover_ratio": 5.34,
            "account_receivable_turnover_ratio": 2.5,
            "reinvestment_rate": -2.07,
            "research_to_sale_ratio": 0.15,
            "price_fair": 72.1,
            "eps_avg_yearly": 3.72,
            "eps_latest_yearly": 3.68,
            "eps_growth_yearly": 9.38
        },
        "20222": {
            "year_quarter": 20222,
            "year": 2022,
            "quarter": 2,
            "eps": 0.86,
            "eps_growth_year": -4.44,
            "eps_4q": 3.91,
            "eps_4q_growth_year": -3.01,
            "roe": 4.25,
            "roe_4q": 19.560000000000002,
            "gross_profit": 170874,
            "gross_margin": 39.62,
            "gross_margin_4q_avg": 40.91,
            "net_income": 75963,
            "revenue": 431324,
            "common_shares": 887720,
            "book_valuer_per_share": 19.07,
            "book_valuer_per_share_4q_avg": 19.93,
            "equity": 1693278,
            "current_ratio": 303.85,
            "debt_ratio": 26.71,
            "inventory_turnover_ratio": 5.12,
            "account_receivable_turnover_ratio": 2.63,
            "reinvestment_rate": -2.07,
            "research_to_sale_ratio": 0.14,
            "price_fair": 65.2,
            "eps_avg_yearly": 3.74,
            "eps_latest_yearly": 3.44,
            "eps_growth_yearly": 7.42
        },
        "20223": {
            "year_quarter": 20223,
            "year": 2022,
            "quarter": 3,
            "eps": 1.05,
            "eps_growth_year": 7.14,
            "eps_4q": 3.98,
            "eps_4q_growth_year": 13.06,
            "roe": 5.35,
            "roe_4q": 19.89,
            "gross_profit": 196480,
            "gross_margin": 40.88,
            "gross_margin_4q_avg": 40.26,
            "net_income": 93179,
            "revenue": 480637,
            "common_shares": 887720,
            "book_valuer_per_share": 20.14,
            "book_valuer_per_share_4q_avg": 20.18,
            "equity": 1787756,
            "current_ratio": 538.55,
            "debt_ratio": 15.95,
            "inventory_turnover_ratio": 5.53,
            "account_receivable_turnover_ratio": 2.96,
            "reinvestment_rate": -2.19,
            "research_to_sale_ratio": 0.13,
            "price_fair": 81.02,
            "eps_avg_yearly": 3.8,
            "eps_latest_yearly": 4.2,
            "eps_growth_yearly": 11.32
        },
        "20224": {
            "year_quarter": 20224,
            "year": 2022,
            "quarter": 4,
            "eps": 1.15,
            "eps_growth_year": -0.7,
            "eps_4q": 3.97,
            "eps_4q_growth_year": 5.69,
            "roe": 5.53,
            "roe_4q": 19.57,
            "gross_profit": 192909,
            "gross_margin": 38.83,
            "gross_margin_4q_avg": 39.56,
            "net_income": 101688,
            "revenue": 496867,
            "common_shares": 887720,
            "book_valuer_per_share": 21.29,
            "book_valuer_per_share_4q_avg": 20.43,
            "equity": 1889626,
            "current_ratio": 478.48,
            "debt_ratio": 17.41,
            "inventory_turnover_ratio": 5.2,
            "account_receivable_turnover_ratio": 2.72,
            "reinvestment_rate": 9.93,
            "research_to_sale_ratio": 0.14,
            "price_fair": 107.05,
            "eps_avg_yearly": 3.91,
            "eps_latest_yearly": 4.6,
            "eps_growth_yearly": 17.36
        },
        "20231": {
            "year_quarter": 20231,
            "year": 2023,
            "quarter": 1,
            "eps": 0.93,
            "eps_growth_year": 1.09,
            "eps_4q": 3.98,
            "eps_4q_growth_year": 2.57,
            "roe": 4.26,
            "roe_4q": 19.39,
            "gross_profit": 172029,
            "gross_margin": 36.7,
            "gross_margin_4q_avg": 39.01,
            "net_income": 82185,
            "revenue": 468727,
            "common_shares": 887720,
            "book_valuer_per_share": 22.21,
            "book_valuer_per_share_4q_avg": 20.68,
            "equity": 1971879,
            "current_ratio": 544.21,
            "debt_ratio": 15.75,
            "inventory_turnover_ratio": 4.6,
            "account_receivable_turnover_ratio": 2.54,
            "reinvestment_rate": 10.74,
            "research_to_sale_ratio": 0.15,
            "price_fair": 95.55,
            "eps_avg_yearly": 3.98,
            "eps_latest_yearly": 3.72,
            "eps_growth_yearly": 14.01
        }
    },
    "months": {
        "2001-06": {
            "month": "2001-06",
            "price": "11.75",
            "revenue": 65567
        },
        "2001-07": {
            "month": "2001-07",
            "price": "10.71",
            "revenue": 70639
        },
        "2001-08": {
            "month": "2001-08",
            "price": "10.82",
            "revenue": 72054
        },
        "2001-09": {
            "month": "2001-09",
            "price": "10.90",
            "revenue": 64191
        },
        "2001-10": {
            "month": "2001-10",
            "price": "10.73",
            "revenue": 52492
        },
        "2001-11": {
            "month": "2001-11",
            "price": "10.71",
            "revenue": 60635
        },
        "2001-12": {
            "month": "2001-12",
            "price": "11.44",
            "revenue": 54307
        },
        "2002-01": {
            "month": "2002-01",
            "price": "13.12",
            "revenue": 60376
        },
        "2002-02": {
            "month": "2002-02",
            "price": "12.79",
            "revenue": 62755
        },
        "2002-03": {
            "month": "2002-03",
            "price": "13.36",
            "revenue": 54207
        },
        "2002-04": {
            "month": "2002-04",
            "price": "14.18",
            "revenue": 56125
        },
        "2002-05": {
            "month": "2002-05",
            "price": "13.81",
            "revenue": 68235
        },
        "2002-06": {
            "month": "2002-06",
            "price": "14.19",
            "revenue": 63573
        },
        "2002-07": {
            "month": "2002-07",
            "price": "14.02",
            "revenue": 74578
        },
        "2002-08": {
            "month": "2002-08",
            "price": "14.54",
            "revenue": 72498
        },
        "2002-09": {
            "month": "2002-09",
            "price": "14.38",
            "revenue": 62293
        },
        "2002-10": {
            "month": "2002-10",
            "price": "14.68",
            "revenue": 67387
        },
        "2002-11": {
            "month": "2002-11",
            "price": "16.36",
            "revenue": 64712
        },
        "2002-12": {
            "month": "2002-12",
            "price": "16.70",
            "revenue": 62918
        },
        "2003-01": {
            "month": "2003-01",
            "price": "16.66",
            "revenue": 81369
        },
        "2003-02": {
            "month": "2003-02",
            "price": "16.68",
            "revenue": 41055
        },
        "2003-03": {
            "month": "2003-03",
            "price": "16.14",
            "revenue": 57077
        },
        "2003-04": {
            "month": "2003-04",
            "price": "15.22",
            "revenue": 55648
        },
        "2003-05": {
            "month": "2003-05",
            "price": "15.14",
            "revenue": 62365
        },
        "2003-06": {
            "month": "2003-06",
            "price": "15.71",
            "revenue": 67592
        },
        "2003-07": {
            "month": "2003-07",
            "price": "14.86",
            "revenue": 79564
        },
        "2003-08": {
            "month": "2003-08",
            "price": "14.15",
            "revenue": 75616
        },
        "2003-09": {
            "month": "2003-09",
            "price": "14.07",
            "revenue": 67779
        },
        "2003-10": {
            "month": "2003-10",
            "price": "14.44",
            "revenue": 68308
        },
        "2003-11": {
            "month": "2003-11",
            "price": "14.97",
            "revenue": 66213
        },
        "2003-12": {
            "month": "2003-12",
            "price": "14.97",
            "revenue": 66494
        },
        "2004-01": {
            "month": "2004-01",
            "price": "15.40",
            "revenue": 77760
        },
        "2004-02": {
            "month": "2004-02",
            "price": "17.74",
            "revenue": 57589
        },
        "2004-03": {
            "month": "2004-03",
            "price": "17.37",
            "revenue": 61747
        },
        "2004-04": {
            "month": "2004-04",
            "price": "16.87",
            "revenue": 64072
        },
        "2004-05": {
            "month": "2004-05",
            "price": "16.67",
            "revenue": 75600
        },
        "2004-06": {
            "month": "2004-06",
            "price": "16.89",
            "revenue": 73258
        },
        "2004-07": {
            "month": "2004-07",
            "price": "16.11",
            "revenue": 89862
        },
        "2004-08": {
            "month": "2004-08",
            "price": "15.91",
            "revenue": 77348
        },
        "2004-09": {
            "month": "2004-09",
            "price": "16.18",
            "revenue": 69204
        },
        "2004-10": {
            "month": "2004-10",
            "price": "16.16",
            "revenue": 70792
        },
        "2004-11": {
            "month": "2004-11",
            "price": "16.19",
            "revenue": 71455
        },
        "2004-12": {
            "month": "2004-12",
            "price": "16.07",
            "revenue": 73344
        },
        "2005-01": {
            "month": "2005-01",
            "price": "16.46",
            "revenue": 74860
        },
        "2005-02": {
            "month": "2005-02",
            "price": "16.59",
            "revenue": 67052
        },
        "2005-03": {
            "month": "2005-03",
            "price": "16.79",
            "revenue": 70025
        },
        "2005-04": {
            "month": "2005-04",
            "price": "16.47",
            "revenue": 67961
        },
        "2005-05": {
            "month": "2005-05",
            "price": "16.59",
            "revenue": 80992
        },
        "2005-06": {
            "month": "2005-06",
            "price": "16.89",
            "revenue": 77917
        },
        "2005-07": {
            "month": "2005-07",
            "price": "16.11",
            "revenue": 93977
        },
        "2005-08": {
            "month": "2005-08",
            "price": "16.52",
            "revenue": 90837
        },
        "2005-09": {
            "month": "2005-09",
            "price": "17.55",
            "revenue": 77925
        },
        "2005-10": {
            "month": "2005-10",
            "price": "17.59",
            "revenue": 80229
        },
        "2005-11": {
            "month": "2005-11",
            "price": "17.35",
            "revenue": 75463
        },
        "2005-12": {
            "month": "2005-12",
            "price": "17.48",
            "revenue": 57126
        },
        "2006-01": {
            "month": "2006-01",
            "price": "17.90",
            "revenue": 88091
        },
        "2006-02": {
            "month": "2006-02",
            "price": "18.11",
            "revenue": 66748
        },
        "2006-03": {
            "month": "2006-03",
            "price": "18.53",
            "revenue": 66198
        },
        "2006-04": {
            "month": "2006-04",
            "price": "18.58",
            "revenue": 73699
        },
        "2006-05": {
            "month": "2006-05",
            "price": "18.61",
            "revenue": 80545
        },
        "2006-06": {
            "month": "2006-06",
            "price": "18.53",
            "revenue": 84075
        },
        "2006-07": {
            "month": "2006-07",
            "price": "18.50",
            "revenue": 92256
        },
        "2006-08": {
            "month": "2006-08",
            "price": "17.71",
            "revenue": 84825
        },
        "2006-09": {
            "month": "2006-09",
            "price": "16.93",
            "revenue": 80081
        },
        "2006-10": {
            "month": "2006-10",
            "price": "17.20",
            "revenue": 78715
        },
        "2006-11": {
            "month": "2006-11",
            "price": "17.77",
            "revenue": 70789
        },
        "2006-12": {
            "month": "2006-12",
            "price": "17.90",
            "revenue": 81776
        },
        "2007-01": {
            "month": "2007-01",
            "price": "18.38",
            "revenue": 88112
        },
        "2007-02": {
            "month": "2007-02",
            "price": "18.57",
            "revenue": 69484
        },
        "2007-03": {
            "month": "2007-03",
            "price": "18.78",
            "revenue": 69578
        },
        "2007-04": {
            "month": "2007-04",
            "price": "19.96",
            "revenue": 70842
        },
        "2007-05": {
            "month": "2007-05",
            "price": "20.49",
            "revenue": 88867
        },
        "2007-06": {
            "month": "2007-06",
            "price": "21.72",
            "revenue": 81797
        },
        "2007-07": {
            "month": "2007-07",
            "price": "25.69",
            "revenue": 91067
        },
        "2007-08": {
            "month": "2007-08",
            "price": "21.88",
            "revenue": 93760
        },
        "2007-09": {
            "month": "2007-09",
            "price": "22.13",
            "revenue": 75303
        },
        "2007-10": {
            "month": "2007-10",
            "price": "22.33",
            "revenue": 98662
        },
        "2007-11": {
            "month": "2007-11",
            "price": "21.24",
            "revenue": 80237
        },
        "2007-12": {
            "month": "2007-12",
            "price": "20.80",
            "revenue": 86181
        },
        "2008-01": {
            "month": "2008-01",
            "price": "20.74",
            "revenue": 102943
        },
        "2008-02": {
            "month": "2008-02",
            "price": "21.05",
            "revenue": 78010
        },
        "2008-03": {
            "month": "2008-03",
            "price": "22.74",
            "revenue": 75597
        },
        "2008-04": {
            "month": "2008-04",
            "price": "22.88",
            "revenue": 86970
        },
        "2008-05": {
            "month": "2008-05",
            "price": "23.61",
            "revenue": 79960
        },
        "2008-06": {
            "month": "2008-06",
            "price": "22.74",
            "revenue": 87426
        },
        "2008-07": {
            "month": "2008-07",
            "price": "20.61",
            "revenue": 97931
        },
        "2008-08": {
            "month": "2008-08",
            "price": "19.73",
            "revenue": 90037
        },
        "2008-09": {
            "month": "2008-09",
            "price": "18.47",
            "revenue": 97775
        },
        "2008-10": {
            "month": "2008-10",
            "price": "17.70",
            "revenue": 95559
        },
        "2008-11": {
            "month": "2008-11",
            "price": "17.38",
            "revenue": 87811
        },
        "2008-12": {
            "month": "2008-12",
            "price": "17.67",
            "revenue": 99045
        },
        "2009-01": {
            "month": "2009-01",
            "price": "18.88",
            "revenue": 109683
        },
        "2009-02": {
            "month": "2009-02",
            "price": "19.24",
            "revenue": 69713
        },
        "2009-03": {
            "month": "2009-03",
            "price": "20.51",
            "revenue": 91510
        },
        "2009-04": {
            "month": "2009-04",
            "price": "22.76",
            "revenue": 80905
        },
        "2009-05": {
            "month": "2009-05",
            "price": "24.41",
            "revenue": 91405
        },
        "2009-06": {
            "month": "2009-06",
            "price": "24.41",
            "revenue": 94457
        },
        "2009-07": {
            "month": "2009-07",
            "price": "23.06",
            "revenue": 102501
        },
        "2009-08": {
            "month": "2009-08",
            "price": "23.92",
            "revenue": 107448
        },
        "2009-09": {
            "month": "2009-09",
            "price": "24.85",
            "revenue": 92552
        },
        "2009-10": {
            "month": "2009-10",
            "price": "25.75",
            "revenue": 101337
        },
        "2009-11": {
            "month": "2009-11",
            "price": "26.07",
            "revenue": 92889
        },
        "2009-12": {
            "month": "2009-12",
            "price": "26.00",
            "revenue": 104876
        },
        "2010-01": {
            "month": "2010-01",
            "price": "27.06",
            "revenue": 94547
        },
        "2010-02": {
            "month": "2010-02",
            "price": "26.15",
            "revenue": 93590
        },
        "2010-03": {
            "month": "2010-03",
            "price": "26.85",
            "revenue": 87009
        },
        "2010-04": {
            "month": "2010-04",
            "price": "27.77",
            "revenue": 86553
        },
        "2010-05": {
            "month": "2010-05",
            "price": "28.01",
            "revenue": 97117
        },
        "2010-06": {
            "month": "2010-06",
            "price": "29.01",
            "revenue": 96178
        },
        "2010-07": {
            "month": "2010-07",
            "price": "30.78",
            "revenue": 111436
        },
        "2010-08": {
            "month": "2010-08",
            "price": "28.36",
            "revenue": 112118
        },
        "2010-09": {
            "month": "2010-09",
            "price": "26.82",
            "revenue": 92492
        },
        "2010-10": {
            "month": "2010-10",
            "price": "26.95",
            "revenue": 102746
        },
        "2010-11": {
            "month": "2010-11",
            "price": "28.16",
            "revenue": 104453
        },
        "2010-12": {
            "month": "2010-12",
            "price": "28.68",
            "revenue": 106911
        },
        "2011-01": {
            "month": "2011-01",
            "price": "29.40",
            "revenue": 118458
        },
        "2011-02": {
            "month": "2011-02",
            "price": "29.29",
            "revenue": 76806
        },
        "2011-03": {
            "month": "2011-03",
            "price": "29.32",
            "revenue": 92286
        },
        "2011-04": {
            "month": "2011-04",
            "price": "30.02",
            "revenue": 88142
        },
        "2011-05": {
            "month": "2011-05",
            "price": "29.99",
            "revenue": 96228
        },
        "2011-06": {
            "month": "2011-06",
            "price": "30.39",
            "revenue": 96616
        },
        "2011-07": {
            "month": "2011-07",
            "price": "30.58",
            "revenue": 102068
        },
        "2011-08": {
            "month": "2011-08",
            "price": "29.62",
            "revenue": 103719
        },
        "2011-09": {
            "month": "2011-09",
            "price": "29.37",
            "revenue": 95586
        },
        "2011-10": {
            "month": "2011-10",
            "price": "29.17",
            "revenue": 95495
        },
        "2011-11": {
            "month": "2011-11",
            "price": "29.21",
            "revenue": 95461
        },
        "2011-12": {
            "month": "2011-12",
            "price": "28.93",
            "revenue": 114946
        },
        "2012-01": {
            "month": "2012-01",
            "price": "28.83",
            "revenue": 110621
        },
        "2012-02": {
            "month": "2012-02",
            "price": "29.66",
            "revenue": 85091
        },
        "2012-03": {
            "month": "2012-03",
            "price": "30.57",
            "revenue": 96940
        },
        "2012-04": {
            "month": "2012-04",
            "price": "31.54",
            "revenue": 86779
        },
        "2012-05": {
            "month": "2012-05",
            "price": "32.75",
            "revenue": 102307
        },
        "2012-06": {
            "month": "2012-06",
            "price": "32.45",
            "revenue": 116366
        },
        "2012-07": {
            "month": "2012-07",
            "price": "34.35",
            "revenue": 96565
        },
        "2012-08": {
            "month": "2012-08",
            "price": "33.63",
            "revenue": 116813
        },
        "2012-09": {
            "month": "2012-09",
            "price": "35.38",
            "revenue": 95143
        },
        "2012-10": {
            "month": "2012-10",
            "price": "35.82",
            "revenue": 96170
        },
        "2012-11": {
            "month": "2012-11",
            "price": "35.11",
            "revenue": 102704
        },
        "2012-12": {
            "month": "2012-12",
            "price": "35.74",
            "revenue": 107803
        },
        "2013-01": {
            "month": "2013-01",
            "price": "36.30",
            "revenue": 117405
        },
        "2013-02": {
            "month": "2013-02",
            "price": "37.46",
            "revenue": 79346
        },
        "2013-03": {
            "month": "2013-03",
            "price": "39.83",
            "revenue": 94825
        },
        "2013-04": {
            "month": "2013-04",
            "price": "42.13",
            "revenue": 93870
        },
        "2013-05": {
            "month": "2013-05",
            "price": "41.36",
            "revenue": 104210
        },
        "2013-06": {
            "month": "2013-06",
            "price": "40.74",
            "revenue": 97656
        },
        "2013-07": {
            "month": "2013-07",
            "price": "41.85",
            "revenue": 107759
        },
        "2013-08": {
            "month": "2013-08",
            "price": "43.04",
            "revenue": 106475
        },
        "2013-09": {
            "month": "2013-09",
            "price": "41.38",
            "revenue": 102328
        },
        "2013-10": {
            "month": "2013-10",
            "price": "40.94",
            "revenue": 98546
        },
        "2013-11": {
            "month": "2013-11",
            "price": "39.55",
            "revenue": 102345
        },
        "2013-12": {
            "month": "2013-12",
            "price": "39.20",
            "revenue": 104581
        },
        "2014-01": {
            "month": "2014-01",
            "price": "39.08",
            "revenue": 116780
        },
        "2014-02": {
            "month": "2014-02",
            "price": "39.11",
            "revenue": 76007
        },
        "2014-03": {
            "month": "2014-03",
            "price": "39.46",
            "revenue": 98488
        },
        "2014-04": {
            "month": "2014-04",
            "price": "39.46",
            "revenue": 95717
        },
        "2014-05": {
            "month": "2014-05",
            "price": "39.15",
            "revenue": 105926
        },
        "2014-06": {
            "month": "2014-06",
            "price": "39.34",
            "revenue": 95455
        },
        "2014-07": {
            "month": "2014-07",
            "price": "39.57",
            "revenue": 115024
        },
        "2014-08": {
            "month": "2014-08",
            "price": "38.67",
            "revenue": 115053
        },
        "2014-09": {
            "month": "2014-09",
            "price": "38.77",
            "revenue": 96535
        },
        "2014-10": {
            "month": "2014-10",
            "price": "38.42",
            "revenue": 105035
        },
        "2014-11": {
            "month": "2014-11",
            "price": "37.88",
            "revenue": 98689
        },
        "2014-12": {
            "month": "2014-12",
            "price": "37.81",
            "revenue": 113628
        },
        "2015-01": {
            "month": "2015-01",
            "price": "37.86",
            "revenue": 110062
        },
        "2015-02": {
            "month": "2015-02",
            "price": "37.93",
            "revenue": 98232
        },
        "2015-03": {
            "month": "2015-03",
            "price": "37.92",
            "revenue": 98127
        },
        "2015-04": {
            "month": "2015-04",
            "price": "37.79",
            "revenue": 100933
        },
        "2015-05": {
            "month": "2015-05",
            "price": "37.67",
            "revenue": 109316
        },
        "2015-06": {
            "month": "2015-06",
            "price": "37.77",
            "revenue": 104382
        },
        "2015-07": {
            "month": "2015-07",
            "price": "37.20",
            "revenue": 121540
        },
        "2015-08": {
            "month": "2015-08",
            "price": "36.49",
            "revenue": 118674
        },
        "2015-09": {
            "month": "2015-09",
            "price": "36.63",
            "revenue": 102809
        },
        "2015-10": {
            "month": "2015-10",
            "price": "36.91",
            "revenue": 116468
        },
        "2015-11": {
            "month": "2015-11",
            "price": "38.10",
            "revenue": 107945
        },
        "2015-12": {
            "month": "2015-12",
            "price": "38.75",
            "revenue": 117662
        },
        "2016-01": {
            "month": "2016-01",
            "price": "38.55",
            "revenue": 126496
        },
        "2016-02": {
            "month": "2016-02",
            "price": "39.36",
            "revenue": 106574
        },
        "2016-03": {
            "month": "2016-03",
            "price": "40.45",
            "revenue": 111600
        },
        "2016-04": {
            "month": "2016-04",
            "price": "40.88",
            "revenue": 105380
        },
        "2016-05": {
            "month": "2016-05",
            "price": "41.01",
            "revenue": 112251
        },
        "2016-06": {
            "month": "2016-06",
            "price": "41.87",
            "revenue": 115207
        },
        "2016-07": {
            "month": "2016-07",
            "price": "43.05",
            "revenue": 128372
        },
        "2016-08": {
            "month": "2016-08",
            "price": "43.57",
            "revenue": 126222
        },
        "2016-09": {
            "month": "2016-09",
            "price": "44.06",
            "revenue": 104187
        },
        "2016-10": {
            "month": "2016-10",
            "price": "44.41",
            "revenue": 121577
        },
        "2016-11": {
            "month": "2016-11",
            "price": "47.40",
            "revenue": 118867
        },
        "2016-12": {
            "month": "2016-12",
            "price": "49.72",
            "revenue": 121057
        },
        "2017-01": {
            "month": "2017-01",
            "price": "49.17",
            "revenue": 129207
        },
        "2017-02": {
            "month": "2017-02",
            "price": "49.42",
            "revenue": 101899
        },
        "2017-03": {
            "month": "2017-03",
            "price": "53.30",
            "revenue": 117021
        },
        "2017-04": {
            "month": "2017-04",
            "price": "57.68",
            "revenue": 101045
        },
        "2017-05": {
            "month": "2017-05",
            "price": "59.08",
            "revenue": 117258
        },
        "2017-06": {
            "month": "2017-06",
            "price": "59.53",
            "revenue": 119991
        },
        "2017-07": {
            "month": "2017-07",
            "price": "65.75",
            "revenue": 127821
        },
        "2017-08": {
            "month": "2017-08",
            "price": "64.85",
            "revenue": 126737
        },
        "2017-09": {
            "month": "2017-09",
            "price": "64.17",
            "revenue": 109330
        },
        "2017-10": {
            "month": "2017-10",
            "price": "64.05",
            "revenue": 122124
        },
        "2017-11": {
            "month": "2017-11",
            "price": "63.79",
            "revenue": 118853
        },
        "2017-12": {
            "month": "2017-12",
            "price": "62.61",
            "revenue": 121898
        },
        "2018-01": {
            "month": "2018-01",
            "price": "62.54",
            "revenue": 136172
        },
        "2018-02": {
            "month": "2018-02",
            "price": "61.85",
            "revenue": 117250
        },
        "2018-03": {
            "month": "2018-03",
            "price": "64.94",
            "revenue": 116408
        },
        "2018-04": {
            "month": "2018-04",
            "price": "66.52",
            "revenue": 108074
        },
        "2018-05": {
            "month": "2018-05",
            "price": "66.22",
            "revenue": 126645
        },
        "2018-06": {
            "month": "2018-06",
            "price": "68.34",
            "revenue": 121511
        },
        "2018-07": {
            "month": "2018-07",
            "price": "68.22",
            "revenue": 130429
        },
        "2018-08": {
            "month": "2018-08",
            "price": "67.88",
            "revenue": 133897
        },
        "2018-09": {
            "month": "2018-09",
            "price": "67.94",
            "revenue": 115636
        },
        "2018-10": {
            "month": "2018-10",
            "price": "67.44",
            "revenue": 132207
        },
        "2018-11": {
            "month": "2018-11",
            "price": "67.48",
            "revenue": 127221
        },
        "2018-12": {
            "month": "2018-12",
            "price": "67.56",
            "revenue": 126440
        },
        "2019-01": {
            "month": "2019-01",
            "price": "67.40",
            "revenue": 158912
        },
        "2019-02": {
            "month": "2019-02",
            "price": "68.95",
            "revenue": 101677
        },
        "2019-03": {
            "month": "2019-03",
            "price": "69.60",
            "revenue": 120459
        },
        "2019-04": {
            "month": "2019-04",
            "price": "70.08",
            "revenue": 119116
        },
        "2019-05": {
            "month": "2019-05",
            "price": "71.05",
            "revenue": 134695
        },
        "2019-06": {
            "month": "2019-06",
            "price": "73.12",
            "revenue": 124509
        },
        "2019-07": {
            "month": "2019-07",
            "price": "76.30",
            "revenue": 146285
        },
        "2019-08": {
            "month": "2019-08",
            "price": "77.37",
            "revenue": 142405
        },
        "2019-09": {
            "month": "2019-09",
            "price": "79.33",
            "revenue": 121644
        },
        "2019-10": {
            "month": "2019-10",
            "price": "86.07",
            "revenue": 140818
        },
        "2019-11": {
            "month": "2019-11",
            "price": "89.53",
            "revenue": 133611
        },
        "2019-12": {
            "month": "2019-12",
            "price": "90.61",
            "revenue": 138891
        },
        "2020-01": {
            "month": "2020-01",
            "price": "89.53",
            "revenue": 150706
        },
        "2020-02": {
            "month": "2020-02",
            "price": "89.06",
            "revenue": 126131
        },
        "2020-03": {
            "month": "2020-03",
            "price": "79.82",
            "revenue": 132440
        },
        "2020-04": {
            "month": "2020-04",
            "price": "84.52",
            "revenue": 132742
        },
        "2020-05": {
            "month": "2020-05",
            "price": "89.12",
            "revenue": 127063
        },
        "2020-06": {
            "month": "2020-06",
            "price": "90.12",
            "revenue": 129334
        },
        "2020-07": {
            "month": "2020-07",
            "price": "89.68",
            "revenue": 150592
        },
        "2020-08": {
            "month": "2020-08",
            "price": "89.55",
            "revenue": 147806
        },
        "2020-09": {
            "month": "2020-09",
            "price": "89.61",
            "revenue": 127836
        },
        "2020-10": {
            "month": "2020-10",
            "price": "89.39",
            "revenue": 143429
        },
        "2020-11": {
            "month": "2020-11",
            "price": "94.69",
            "revenue": 139086
        },
        "2020-12": {
            "month": "2020-12",
            "price": "97.70",
            "revenue": 140708
        },
        "2021-01": {
            "month": "2021-01",
            "price": "97.23",
            "revenue": 150519
        },
        "2021-02": {
            "month": "2021-02",
            "price": "95.78",
            "revenue": 127851
        },
        "2021-03": {
            "month": "2021-03",
            "price": "101.38",
            "revenue": 132820
        },
        "2021-04": {
            "month": "2021-04",
            "price": "112.87",
            "revenue": 132842
        },
        "2021-05": {
            "month": "2021-05",
            "price": "114.52",
            "revenue": 143397
        },
        "2021-06": {
            "month": "2021-06",
            "price": "118.52",
            "revenue": 143198
        },
        "2021-07": {
            "month": "2021-07",
            "price": "133.23",
            "revenue": 147462
        },
        "2021-08": {
            "month": "2021-08",
            "price": "132.66",
            "revenue": 139567
        },
        "2021-09": {
            "month": "2021-09",
            "price": "141.38",
            "revenue": 134685
        },
        "2021-10": {
            "month": "2021-10",
            "price": "132.45",
            "revenue": 154422
        },
        "2021-11": {
            "month": "2021-11",
            "price": "133.45",
            "revenue": 153528
        },
        "2021-12": {
            "month": "2021-12",
            "price": "130.77",
            "revenue": 163945
        },
        "2022-01": {
            "month": "2022-01",
            "price": "130.14",
            "revenue": 168900
        },
        "2022-02": {
            "month": "2022-02",
            "price": "128.10",
            "revenue": 119997
        },
        "2022-03": {
            "month": "2022-03",
            "price": "119.93",
            "revenue": 143987
        },
        "2022-04": {
            "month": "2022-04",
            "price": "116.63",
            "revenue": 130881
        },
        "2022-05": {
            "month": "2022-05",
            "price": "107.05",
            "revenue": 155049
        },
        "2022-06": {
            "month": "2022-06",
            "price": "105.92",
            "revenue": 145394
        },
        "2022-07": {
            "month": "2022-07",
            "price": "102.17",
            "revenue": 158760
        },
        "2022-08": {
            "month": "2022-08",
            "price": "104.76",
            "revenue": 153667
        },
        "2022-09": {
            "month": "2022-09",
            "price": "104.00",
            "revenue": 168210
        },
        "2022-10": {
            "month": "2022-10",
            "price": "100.05",
            "revenue": 159746
        },
        "2022-11": {
            "month": "2022-11",
            "price": "99.49",
            "revenue": 164805
        },
        "2022-12": {
            "month": "2022-12",
            "price": "101.31",
            "revenue": 172316
        },
        "2023-01": {
            "month": "2023-01",
            "price": "101.27",
            "revenue": 180676
        },
        "2023-02": {
            "month": "2023-02",
            "price": "105.64",
            "revenue": 138370
        },
        "2023-03": {
            "month": "2023-03",
            "price": "106.98",
            "revenue": 149681
        },
        "2023-04": {
            "month": "2023-04",
            "price": "105.59",
            "revenue": 141819
        }
    }
}
