{
    "summary": {
        "stock_name": "環泰",
        "stock_id": "4207",
        "category": "食品",
        "main_business": "液態糖漿",
        "website_url": "http://www.fructose.com.tw",
        "ceo": "康智量",
        "pe_ratio": 22,
        "report_year_from": 2001,
        "report_year_to": 2023,
        "age": 22,
        "eps_negative_percentage": 4,
        "eps_growth_avg": {
            "last_all": -2.08,
            "last_2y": 45.78,
            "last_4y": 10.23,
            "last_8y": 1.27,
            "last_12y": 9.15,
            "last_16y": 6.59,
            "last_20y": -2.08,
            "at_2006_last_3y": -37.9,
            "at_2007_last_3y": -30.46,
            "at_2008_last_3y": -71.18,
            "at_2009_last_3y": -4.51,
            "at_2010_last_3y": 3.84,
            "at_2011_last_3y": 4.16,
            "at_2012_last_3y": 52.05,
            "at_2013_last_3y": 26.89,
            "at_2014_last_3y": 1.08,
            "at_2015_last_3y": -14.9,
            "at_2016_last_3y": -14.9,
            "at_2017_last_3y": -9.93,
            "at_2018_last_3y": -1.23,
            "at_2019_last_3y": 8.26,
            "at_2020_last_3y": 8.26,
            "at_2021_last_3y": 28.45,
            "at_2022_last_3y": 22.67,
            "at_2023_last_3y": 22.67,
            "at_2006_last_all": -36.76,
            "at_2007_last_all": -33.8,
            "at_2008_last_all": -43.43,
            "at_2009_last_all": -22.94,
            "at_2010_last_all": -16.46,
            "at_2011_last_all": -16.93,
            "at_2012_last_all": -5.24,
            "at_2013_last_all": -4.82,
            "at_2014_last_all": -10.61,
            "at_2015_last_all": -16.31,
            "at_2016_last_all": -8,
            "at_2017_last_all": -6.18,
            "at_2018_last_all": -8.27,
            "at_2019_last_all": -10.53,
            "at_2020_last_all": -4.39,
            "at_2021_last_all": 1.11,
            "at_2022_last_all": -2.08,
            "at_2023_last_all": -2.08
        },
        "latest_eps": 0.78,
        "latest_price": 17.1,
        "latest_roe": 6.25,
        "latest_gross_margin": 14.83,
        "latest_equity": 3189344,
        "latest_revenue": 1284073,
        "latest_gross_profit": 190425,
        "latest_net_income": 79081,
        "latest_debt_ratio": 43.86,
        "latest_current_ratio": 221.67,
        "latest_account_receivable_turnover_ratio": 1.1,
        "latest_inventory_turnover_ratio": 1.51,
        "latest_reinvestment_rate": -9.14,
        "latest_research_to_sale_ratio": 0.16
    },
    "eps_dividends": {
        "1998": {
            "cash": 0.9,
            "stock": 0,
            "eps": 0
        },
        "1999": {
            "cash": 0.9,
            "stock": 0,
            "eps": 0
        },
        "2000": {
            "cash": 0,
            "stock": 1.4,
            "eps": 0
        },
        "2001": {
            "cash": 0,
            "stock": 0.75,
            "eps": 1.32
        },
        "2002": {
            "cash": 0,
            "stock": 1,
            "eps": 0.88
        },
        "2003": {
            "cash": 0,
            "stock": 0.75,
            "eps": 0.49
        },
        "2004": {
            "cash": 0,
            "stock": 0.6,
            "eps": 0.64
        },
        "2005": {
            "cash": 0,
            "stock": 0.42,
            "eps": -0.06
        },
        "2006": {
            "cash": 0,
            "stock": 0,
            "eps": 0.91
        },
        "2007": {
            "cash": 0,
            "stock": 0.51,
            "eps": 0.71
        },
        "2008": {
            "cash": 0,
            "stock": 0.39,
            "eps": 0.06
        },
        "2009": {
            "cash": 0,
            "stock": 0,
            "eps": 0.45
        },
        "2010": {
            "cash": 0,
            "stock": 0.45,
            "eps": 0.58
        },
        "2011": {
            "cash": 0,
            "stock": 0.45,
            "eps": 0.46
        },
        "2012": {
            "cash": 0,
            "stock": 0.26,
            "eps": 1.53
        },
        "2013": {
            "cash": 0.98,
            "stock": 0.2,
            "eps": 1.52
        },
        "2014": {
            "cash": 0.59,
            "stock": 0.4,
            "eps": 0.39
        },
        "2015": {
            "cash": 0.2,
            "stock": 0.25,
            "eps": 0.06
        },
        "2016": {
            "cash": 0,
            "stock": 0,
            "eps": 1.04
        },
        "2017": {
            "cash": 0,
            "stock": 0,
            "eps": 1.24
        },
        "2018": {
            "cash": 0.8,
            "stock": 0.25,
            "eps": 0.75
        },
        "2019": {
            "cash": 0.3,
            "stock": 0.4,
            "eps": 0.4
        },
        "2020": {
            "cash": 0.37,
            "stock": 0,
            "eps": 0.9
        },
        "2021": {
            "cash": 0.65,
            "stock": 0,
            "eps": 2.25
        },
        "2022": {
            "cash": 0.4,
            "stock": 0.85,
            "eps": 0.84
        },
        "2023": {
            "cash": 0.35,
            "stock": 0.65,
            "eps": 0.36
        }
    },
    "dividends": {
        "1998-06-27": {
            "cash": 0.9,
            "stock": 0
        },
        "1999-06-25": {
            "cash": 0.9,
            "stock": 0
        },
        "2000-06-15": {
            "cash": 0,
            "stock": 1.4
        },
        "2001-06-22": {
            "cash": 0,
            "stock": 0.75
        },
        "2002-05-30": {
            "cash": 0,
            "stock": 1
        },
        "2003-06-12": {
            "cash": 0,
            "stock": 0.75
        },
        "2004-03-12": {
            "cash": 0,
            "stock": 0.6
        },
        "2005-04-26": {
            "cash": 0,
            "stock": 0.42
        },
        "2007-04-24": {
            "cash": 0,
            "stock": 0.51
        },
        "2008-04-25": {
            "cash": 0,
            "stock": 0.39
        },
        "2010-04-29": {
            "cash": 0,
            "stock": 0.45
        },
        "2011-04-26": {
            "cash": 0,
            "stock": 0.45
        },
        "2012-06-05": {
            "cash": 0,
            "stock": 0.26
        },
        "2013-06-25": {
            "cash": 0.98,
            "stock": 0.2
        },
        "2014-09-24": {
            "cash": 0.59,
            "stock": 0.4
        },
        "2015-10-15": {
            "cash": 0.2,
            "stock": 0.25
        },
        "2018-09-19": {
            "cash": 0.8,
            "stock": 0.25
        },
        "2019-08-30": {
            "cash": 0.3,
            "stock": 0.4
        },
        "2020-08-07": {
            "cash": 0.37,
            "stock": 0
        },
        "2021-08-23": {
            "cash": 0.65,
            "stock": 0
        },
        "2022-05-12": {
            "cash": 0.4,
            "stock": 0.85
        },
        "2023-05-19": {
            "cash": 0.35,
            "stock": 0.65
        }
    },
    "prices": {
        "200101": "11.71",
        "200102": "12.84",
        "200103": "13.05",
        "200104": "17.24",
        "200105": "15.06",
        "200106": "14.53",
        "200107": "13.58",
        "200108": "14.09",
        "200109": "15.10",
        "200110": "13.50",
        "200111": "13.53",
        "200112": "14.37",
        "200201": "14.48",
        "200202": "14.36",
        "200203": "15.20",
        "200204": "15.10",
        "200205": "14.55",
        "200206": "13.28",
        "200207": "13.20",
        "200208": "12.06",
        "200209": "10.78",
        "200210": "10.80",
        "200211": "10.81",
        "200212": "11.02",
        "200301": "11.43",
        "200302": "11.14",
        "200303": "10.81",
        "200304": "10.64",
        "200305": "10.48",
        "200306": "10.76",
        "200307": "11.00",
        "200308": "10.56",
        "200309": "10.30",
        "200310": "10.60",
        "200311": "10.81",
        "200312": "11.09",
        "200401": "12.02",
        "200402": "13.49",
        "200403": "12.45",
        "200404": "12.36",
        "200405": "12.18",
        "200406": "12.22",
        "200407": "13.06",
        "200408": "11.56",
        "200409": "10.74",
        "200410": "10.46",
        "200411": "10.50",
        "200412": "10.61",
        "200501": "10.22",
        "200502": "9.91",
        "200503": "9.52",
        "200504": "9.63",
        "200505": "9.41",
        "200506": "8.97",
        "200507": "8.86",
        "200508": "8.43",
        "200509": "8.20",
        "200510": "8.06",
        "200511": "7.91",
        "200512": "7.63",
        "200601": "7.71",
        "200602": "7.84",
        "200603": "8.24",
        "200604": "8.88",
        "200605": "9.41",
        "200606": "8.95",
        "200607": "8.68",
        "200608": "8.77",
        "200609": "8.92",
        "200610": "9.34",
        "200611": "9.64",
        "200612": "10.01",
        "200701": "10.62",
        "200702": "10.82",
        "200703": "11.66",
        "200704": "12.24",
        "200705": "12.64",
        "200706": "12.48",
        "200707": "13.38",
        "200708": "11.57",
        "200709": "11.44",
        "200710": "11.34",
        "200711": "10.20",
        "200712": "9.39",
        "200801": "9.44",
        "200802": "9.67",
        "200803": "10.12",
        "200804": "10.65",
        "200805": "10.99",
        "200806": "9.90",
        "200807": "8.47",
        "200808": "8.49",
        "200809": "7.42",
        "200810": "6.76",
        "200811": "6.17",
        "200812": "6.09",
        "200901": "6.57",
        "200902": "6.30",
        "200903": "6.74",
        "200904": "7.68",
        "200905": "7.61",
        "200906": "7.51",
        "200907": "8.23",
        "200908": "9.71",
        "200909": "10.31",
        "200910": "9.98",
        "200911": "9.56",
        "200912": "10.10",
        "201001": "11.78",
        "201002": "11.14",
        "201003": "11.34",
        "201004": "11.44",
        "201005": "10.74",
        "201006": "10.55",
        "201007": "11.46",
        "201008": "13.38",
        "201009": "11.90",
        "201010": "13.38",
        "201011": "14.14",
        "201012": "13.40",
        "201101": "13.29",
        "201102": "13.15",
        "201103": "12.28",
        "201104": "12.91",
        "201105": "12.51",
        "201106": "12.21",
        "201107": "12.21",
        "201108": "10.87",
        "201109": "10.30",
        "201110": "9.96",
        "201111": "9.76",
        "201112": "9.35",
        "201201": "9.38",
        "201202": "10.08",
        "201203": "10.67",
        "201204": "11.19",
        "201205": "12.71",
        "201206": "12.27",
        "201207": "13.21",
        "201208": "13.60",
        "201209": "12.53",
        "201210": "12.51",
        "201211": "12.95",
        "201212": "13.10",
        "201301": "13.58",
        "201302": "14.24",
        "201303": "14.18",
        "201304": "15.82",
        "201305": "16.90",
        "201306": "17.99",
        "201307": "20.83",
        "201308": "21.09",
        "201309": "20.08",
        "201310": "21.62",
        "201311": "19.79",
        "201312": "17.57",
        "201401": "17.49",
        "201402": "17.54",
        "201403": "17.46",
        "201404": "17.17",
        "201405": "16.28",
        "201406": "16.23",
        "201407": "15.26",
        "201408": "13.12",
        "201409": "13.03",
        "201410": "12.26",
        "201411": "12.39",
        "201412": "12.98",
        "201501": "12.91",
        "201502": "12.51",
        "201503": "12.35",
        "201504": "11.74",
        "201505": "11.27",
        "201506": "10.72",
        "201507": "11.11",
        "201508": "10.01",
        "201509": "8.96",
        "201510": "9.52",
        "201511": "9.89",
        "201512": "9.12",
        "201601": "9.00",
        "201602": "9.24",
        "201603": "9.77",
        "201604": "9.23",
        "201605": "9.15",
        "201606": "10.99",
        "201607": "11.70",
        "201608": "11.39",
        "201609": "11.96",
        "201610": "12.13",
        "201611": "11.57",
        "201612": "11.39",
        "201701": "11.18",
        "201702": "11.47",
        "201703": "11.51",
        "201704": "12.69",
        "201705": "12.59",
        "201706": "11.69",
        "201707": "11.31",
        "201708": "11.21",
        "201709": "11.42",
        "201710": "11.35",
        "201711": "12.30",
        "201712": "12.48",
        "201801": "13.25",
        "201802": "12.89",
        "201803": "13.38",
        "201804": "13.92",
        "201805": "13.88",
        "201806": "13.53",
        "201807": "13.04",
        "201808": "12.83",
        "201809": "12.75",
        "201810": "12.04",
        "201811": "11.82",
        "201812": "11.97",
        "201901": "11.89",
        "201902": "12.07",
        "201903": "12.37",
        "201904": "11.79",
        "201905": "11.61",
        "201906": "11.78",
        "201907": "11.91",
        "201908": "11.12",
        "201909": "10.54",
        "201910": "10.40",
        "201911": "10.14",
        "201912": "9.88",
        "202001": "9.84",
        "202002": "9.47",
        "202003": "8.98",
        "202004": "10.17",
        "202005": "10.88",
        "202006": "10.96",
        "202007": "11.15",
        "202008": "11.35",
        "202009": "11.42",
        "202010": "11.73",
        "202011": "11.84",
        "202012": "11.78",
        "202101": "11.72",
        "202102": "11.88",
        "202103": "12.58",
        "202104": "13.69",
        "202105": "13.26",
        "202106": "13.36",
        "202107": "13.92",
        "202108": "13.11",
        "202109": "13.85",
        "202110": "14.14",
        "202111": "13.84",
        "202112": "13.65",
        "202201": "13.72",
        "202202": "13.95",
        "202203": "14.07",
        "202204": "15.71",
        "202205": "15.37",
        "202206": "15.08",
        "202207": "13.59",
        "202208": "14.17",
        "202209": "13.07",
        "202210": "12.14",
        "202211": "12.68",
        "202212": "13.16",
        "202301": "13.12",
        "202302": "13.50",
        "202303": "14.12",
        "202304": "15.01",
        "202305": "15.03",
        "202306": "16.21"
    },
    "quarters": {
        "20011": {
            "year_quarter": 20011,
            "year": 2001,
            "quarter": 1,
            "eps": 0.26,
            "eps_growth_year": 18.18,
            "eps_4q": 0.89,
            "eps_4q_growth_year": -49.68,
            "roe": 1.98,
            "roe_4q": 1.98,
            "gross_profit": 31725,
            "gross_margin": 20.67,
            "gross_margin_4q_avg": 20.67,
            "net_income": 11151,
            "revenue": 153506,
            "common_shares": 430912,
            "book_valuer_per_share": 12.92,
            "book_valuer_per_share_4q_avg": 12.92,
            "equity": 556644,
            "current_ratio": 258.53,
            "debt_ratio": 18.37,
            "inventory_turnover_ratio": 1.4,
            "account_receivable_turnover_ratio": null,
            "reinvestment_rate": null,
            "research_to_sale_ratio": null,
            "price_fair": 0,
            "eps_avg_yearly": 0,
            "eps_latest_yearly": 0,
            "eps_growth_yearly": 0
        },
        "20012": {
            "year_quarter": 20012,
            "year": 2001,
            "quarter": 2,
            "eps": 0.46,
            "eps_growth_year": -9.8,
            "eps_4q": 0.9,
            "eps_4q_growth_year": -48.17,
            "roe": 3.53,
            "roe_4q": 5.51,
            "gross_profit": 50537,
            "gross_margin": 27.02,
            "gross_margin_4q_avg": 23.85,
            "net_income": 20003,
            "revenue": 187065,
            "common_shares": 430912,
            "book_valuer_per_share": 13.37,
            "book_valuer_per_share_4q_avg": 13.15,
            "equity": 576013,
            "current_ratio": 259.89,
            "debt_ratio": 19.68,
            "inventory_turnover_ratio": 1.93,
            "account_receivable_turnover_ratio": null,
            "reinvestment_rate": null,
            "research_to_sale_ratio": null,
            "price_fair": 0,
            "eps_avg_yearly": 0,
            "eps_latest_yearly": 0,
            "eps_growth_yearly": 0
        },
        "20013": {
            "year_quarter": 20013,
            "year": 2001,
            "quarter": 3,
            "eps": 0.46,
            "eps_growth_year": 9.52,
            "eps_4q": 0.91,
            "eps_4q_growth_year": -25.59,
            "roe": 3.64,
            "roe_4q": 9.15,
            "gross_profit": 49253,
            "gross_margin": 24.74,
            "gross_margin_4q_avg": 24.14,
            "net_income": 21329,
            "revenue": 199082,
            "common_shares": 464499,
            "book_valuer_per_share": 12.85,
            "book_valuer_per_share_4q_avg": 13.05,
            "equity": 596886,
            "current_ratio": 231.65,
            "debt_ratio": 22.24,
            "inventory_turnover_ratio": 1.89,
            "account_receivable_turnover_ratio": null,
            "reinvestment_rate": null,
            "research_to_sale_ratio": null,
            "price_fair": 0,
            "eps_avg_yearly": 0,
            "eps_latest_yearly": 0,
            "eps_growth_yearly": 0
        },
        "20014": {
            "year_quarter": 20014,
            "year": 2001,
            "quarter": 4,
            "eps": 0.14,
            "eps_growth_year": null,
            "eps_4q": 1.26,
            "eps_4q_growth_year": 5.06,
            "roe": 1.06,
            "roe_4q": 10.21,
            "gross_profit": 24135,
            "gross_margin": 16.97,
            "gross_margin_4q_avg": 22.35,
            "net_income": 6534,
            "revenue": 142204,
            "common_shares": 464499,
            "book_valuer_per_share": 12.99,
            "book_valuer_per_share_4q_avg": 13.03,
            "equity": 635353,
            "current_ratio": 202.64,
            "debt_ratio": 31,
            "inventory_turnover_ratio": 0.96,
            "account_receivable_turnover_ratio": null,
            "reinvestment_rate": null,
            "research_to_sale_ratio": null,
            "price_fair": 0,
            "eps_avg_yearly": 0,
            "eps_latest_yearly": 0,
            "eps_growth_yearly": 0
        },
        "20021": {
            "year_quarter": 20021,
            "year": 2002,
            "quarter": 1,
            "eps": 0.13,
            "eps_growth_year": -50,
            "eps_4q": 1.18,
            "eps_4q_growth_year": 31.74,
            "roe": 0.95,
            "roe_4q": 9.18,
            "gross_profit": 24980,
            "gross_margin": 16.26,
            "gross_margin_4q_avg": 21.25,
            "net_income": 5932,
            "revenue": 153663,
            "common_shares": 464499,
            "book_valuer_per_share": 13.12,
            "book_valuer_per_share_4q_avg": 13.08,
            "equity": 609352,
            "current_ratio": 313.21,
            "debt_ratio": 20.2,
            "inventory_turnover_ratio": 0.93,
            "account_receivable_turnover_ratio": null,
            "reinvestment_rate": null,
            "research_to_sale_ratio": null,
            "price_fair": 1.56,
            "eps_avg_yearly": 0.52,
            "eps_latest_yearly": 0.52,
            "eps_growth_yearly": -28.57
        },
        "20022": {
            "year_quarter": 20022,
            "year": 2002,
            "quarter": 2,
            "eps": 0.38,
            "eps_growth_year": -17.39,
            "eps_4q": 1.12,
            "eps_4q_growth_year": 24.13,
            "roe": 2.83,
            "roe_4q": 8.48,
            "gross_profit": 42742,
            "gross_margin": 21.74,
            "gross_margin_4q_avg": 19.93,
            "net_income": 17456,
            "revenue": 196571,
            "common_shares": 464499,
            "book_valuer_per_share": 13.47,
            "book_valuer_per_share_4q_avg": 13.11,
            "equity": 625755,
            "current_ratio": 316.3,
            "debt_ratio": 20.35,
            "inventory_turnover_ratio": 1.68,
            "account_receivable_turnover_ratio": null,
            "reinvestment_rate": null,
            "research_to_sale_ratio": null,
            "price_fair": 35.7,
            "eps_avg_yearly": 1.02,
            "eps_latest_yearly": 1.52,
            "eps_growth_yearly": 370.33
        },
        "20023": {
            "year_quarter": 20023,
            "year": 2002,
            "quarter": 3,
            "eps": 0.34,
            "eps_growth_year": -26.09,
            "eps_4q": 0.93,
            "eps_4q_growth_year": 2.62,
            "roe": 2.71,
            "roe_4q": 7.550000000000001,
            "gross_profit": 43044,
            "gross_margin": 21.16,
            "gross_margin_4q_avg": 19.03,
            "net_income": 17192,
            "revenue": 203437,
            "common_shares": 513055,
            "book_valuer_per_share": 12.53,
            "book_valuer_per_share_4q_avg": 13.03,
            "equity": 642947,
            "current_ratio": 511.05,
            "debt_ratio": 14.1,
            "inventory_turnover_ratio": 2.65,
            "account_receivable_turnover_ratio": null,
            "reinvestment_rate": null,
            "research_to_sale_ratio": null,
            "price_fair": 39.67,
            "eps_avg_yearly": 1.13,
            "eps_latest_yearly": 1.36,
            "eps_growth_yearly": 232.85
        },
        "20024": {
            "year_quarter": 20024,
            "year": 2002,
            "quarter": 4,
            "eps": 0.03,
            "eps_growth_year": -78.57,
            "eps_4q": 0.86,
            "eps_4q_growth_year": -32.14,
            "roe": 0.22,
            "roe_4q": 6.71,
            "gross_profit": 26818,
            "gross_margin": 17.81,
            "gross_margin_4q_avg": 19.24,
            "net_income": 1470,
            "revenue": 150570,
            "common_shares": 513055,
            "book_valuer_per_share": 12.56,
            "book_valuer_per_share_4q_avg": 12.92,
            "equity": 675727,
            "current_ratio": 339.64,
            "debt_ratio": 26.04,
            "inventory_turnover_ratio": 1.54,
            "account_receivable_turnover_ratio": null,
            "reinvestment_rate": 105.58,
            "research_to_sale_ratio": null,
            "price_fair": 30.8,
            "eps_avg_yearly": 0.88,
            "eps_latest_yearly": 0.12,
            "eps_growth_yearly": 83.46
        },
        "20031": {
            "year_quarter": 20031,
            "year": 2003,
            "quarter": 1,
            "eps": 0.13,
            "eps_growth_year": 0,
            "eps_4q": 0.85,
            "eps_4q_growth_year": -27.84,
            "roe": 0.98,
            "roe_4q": 6.74,
            "gross_profit": 26350,
            "gross_margin": 17.72,
            "gross_margin_4q_avg": 19.61,
            "net_income": 6514,
            "revenue": 148737,
            "common_shares": 513055,
            "book_valuer_per_share": 12.69,
            "book_valuer_per_share_4q_avg": 12.81,
            "equity": 650931,
            "current_ratio": 273.78,
            "debt_ratio": 22.48,
            "inventory_turnover_ratio": 1.15,
            "account_receivable_turnover_ratio": null,
            "reinvestment_rate": 29.47,
            "research_to_sale_ratio": null,
            "price_fair": 28.28,
            "eps_avg_yearly": 0.81,
            "eps_latest_yearly": 0.52,
            "eps_growth_yearly": 333.44
        },
        "20032": {
            "year_quarter": 20032,
            "year": 2003,
            "quarter": 2,
            "eps": -0.02,
            "eps_growth_year": -105.26,
            "eps_4q": 0.47,
            "eps_4q_growth_year": -57.96,
            "roe": -0.17,
            "roe_4q": 3.74,
            "gross_profit": 40794,
            "gross_margin": 22.26,
            "gross_margin_4q_avg": 19.74,
            "net_income": -1114,
            "revenue": 183300,
            "common_shares": 513055,
            "book_valuer_per_share": 12.65,
            "book_valuer_per_share_4q_avg": 12.61,
            "equity": 649060,
            "current_ratio": 340.36,
            "debt_ratio": 19.99,
            "inventory_turnover_ratio": 1.28,
            "account_receivable_turnover_ratio": null,
            "reinvestment_rate": -2.47,
            "research_to_sale_ratio": null,
            "price_fair": 28.28,
            "eps_avg_yearly": 0.81,
            "eps_latest_yearly": 0.52,
            "eps_growth_yearly": 333.44
        },
        "20033": {
            "year_quarter": 20033,
            "year": 2003,
            "quarter": 3,
            "eps": 0.17,
            "eps_growth_year": -50,
            "eps_4q": 0.29,
            "eps_4q_growth_year": -68.36,
            "roe": 1.43,
            "roe_4q": 2.4600000000000004,
            "gross_profit": 41326,
            "gross_margin": 19.57,
            "gross_margin_4q_avg": 19.34,
            "net_income": 9356,
            "revenue": 211176,
            "common_shares": 553048,
            "book_valuer_per_share": 11.91,
            "book_valuer_per_share_4q_avg": 12.45,
            "equity": 658416,
            "current_ratio": 462.91,
            "debt_ratio": 14.66,
            "inventory_turnover_ratio": 1.66,
            "account_receivable_turnover_ratio": null,
            "reinvestment_rate": 4.09,
            "research_to_sale_ratio": null,
            "price_fair": 28.28,
            "eps_avg_yearly": 0.81,
            "eps_latest_yearly": 0.52,
            "eps_growth_yearly": 333.44
        },
        "20034": {
            "year_quarter": 20034,
            "year": 2003,
            "quarter": 4,
            "eps": 0.21,
            "eps_growth_year": 600,
            "eps_4q": 0.47,
            "eps_4q_growth_year": -44.72,
            "roe": 1.73,
            "roe_4q": 3.97,
            "gross_profit": 23299,
            "gross_margin": 14.44,
            "gross_margin_4q_avg": 18.5,
            "net_income": 11720,
            "revenue": 161349,
            "common_shares": 553048,
            "book_valuer_per_share": 12.12,
            "book_valuer_per_share_4q_avg": 12.34,
            "equity": 697210,
            "current_ratio": 397.5,
            "debt_ratio": 21.75,
            "inventory_turnover_ratio": 1.67,
            "account_receivable_turnover_ratio": null,
            "reinvestment_rate": 102.8,
            "research_to_sale_ratio": null,
            "price_fair": 28.47,
            "eps_avg_yearly": 0.81,
            "eps_latest_yearly": 0.84,
            "eps_growth_yearly": 293.55
        },
        "20041": {
            "year_quarter": 20041,
            "year": 2004,
            "quarter": 1,
            "eps": 0.15,
            "eps_growth_year": 15.38,
            "eps_4q": 0.51,
            "eps_4q_growth_year": -40.52,
            "roe": 1.22,
            "roe_4q": 4.21,
            "gross_profit": 28102,
            "gross_margin": 19.9,
            "gross_margin_4q_avg": 19.04,
            "net_income": 8410,
            "revenue": 141211,
            "common_shares": 553048,
            "book_valuer_per_share": 12.27,
            "book_valuer_per_share_4q_avg": 12.24,
            "equity": 678546,
            "current_ratio": 283.81,
            "debt_ratio": 16.45,
            "inventory_turnover_ratio": 1.23,
            "account_receivable_turnover_ratio": null,
            "reinvestment_rate": 73.18,
            "research_to_sale_ratio": null,
            "price_fair": 27.4,
            "eps_avg_yearly": 0.78,
            "eps_latest_yearly": 0.6,
            "eps_growth_yearly": 235.29
        },
        "20042": {
            "year_quarter": 20042,
            "year": 2004,
            "quarter": 2,
            "eps": 0.21,
            "eps_growth_year": null,
            "eps_4q": 0.72,
            "eps_4q_growth_year": 53.85,
            "roe": 1.77,
            "roe_4q": 6.15,
            "gross_profit": 44666,
            "gross_margin": 21.5,
            "gross_margin_4q_avg": 18.85,
            "net_income": 12105,
            "revenue": 207777,
            "common_shares": 553048,
            "book_valuer_per_share": 12.48,
            "book_valuer_per_share_4q_avg": 12.2,
            "equity": 689936,
            "current_ratio": 242.69,
            "debt_ratio": 19.58,
            "inventory_turnover_ratio": 1.77,
            "account_receivable_turnover_ratio": null,
            "reinvestment_rate": 27.44,
            "research_to_sale_ratio": null,
            "price_fair": 27.65,
            "eps_avg_yearly": 0.79,
            "eps_latest_yearly": 0.84,
            "eps_growth_yearly": 225.88
        },
        "20043": {
            "year_quarter": 20043,
            "year": 2004,
            "quarter": 3,
            "eps": 0.24,
            "eps_growth_year": 41.18,
            "eps_4q": 0.79,
            "eps_4q_growth_year": 166.38,
            "roe": 2.03,
            "roe_4q": 6.75,
            "gross_profit": 36596,
            "gross_margin": 15.87,
            "gross_margin_4q_avg": 17.93,
            "net_income": 14186,
            "revenue": 230552,
            "common_shares": 592165,
            "book_valuer_per_share": 11.98,
            "book_valuer_per_share_4q_avg": 12.21,
            "equity": 709555,
            "current_ratio": 331.11,
            "debt_ratio": 35.55,
            "inventory_turnover_ratio": 2.15,
            "account_receivable_turnover_ratio": null,
            "reinvestment_rate": 24.66,
            "research_to_sale_ratio": null,
            "price_fair": 28.31,
            "eps_avg_yearly": 0.81,
            "eps_latest_yearly": 0.96,
            "eps_growth_yearly": 207.13
        },
        "20044": {
            "year_quarter": 20044,
            "year": 2004,
            "quarter": 4,
            "eps": 0.04,
            "eps_growth_year": -80.95,
            "eps_4q": 0.59,
            "eps_4q_growth_year": 24.26,
            "roe": 0.34,
            "roe_4q": 5.359999999999999,
            "gross_profit": 21773,
            "gross_margin": 13.1,
            "gross_margin_4q_avg": 17.59,
            "net_income": 2526,
            "revenue": 166206,
            "common_shares": 611169,
            "book_valuer_per_share": 11.91,
            "book_valuer_per_share_4q_avg": 12.16,
            "equity": 755219,
            "current_ratio": 427.46,
            "debt_ratio": 31.73,
            "inventory_turnover_ratio": 1.21,
            "account_receivable_turnover_ratio": null,
            "reinvestment_rate": -5.37,
            "research_to_sale_ratio": null,
            "price_fair": 26.04,
            "eps_avg_yearly": 0.74,
            "eps_latest_yearly": 0.16,
            "eps_growth_yearly": 153.08
        },
        "20051": {
            "year_quarter": 20051,
            "year": 2005,
            "quarter": 1,
            "eps": 0.05,
            "eps_growth_year": -66.67,
            "eps_4q": 0.55,
            "eps_4q_growth_year": 9.51,
            "roe": 0.38,
            "roe_4q": 4.52,
            "gross_profit": 21969,
            "gross_margin": 13.46,
            "gross_margin_4q_avg": 15.98,
            "net_income": 2858,
            "revenue": 163210,
            "common_shares": 623634,
            "book_valuer_per_share": 11.94,
            "book_valuer_per_share_4q_avg": 12.08,
            "equity": 744547,
            "current_ratio": 335.23,
            "debt_ratio": 31.68,
            "inventory_turnover_ratio": 1.05,
            "account_receivable_turnover_ratio": null,
            "reinvestment_rate": 31.61,
            "research_to_sale_ratio": null,
            "price_fair": 24.31,
            "eps_avg_yearly": 0.69,
            "eps_latest_yearly": 0.2,
            "eps_growth_yearly": 148.26
        },
        "20052": {
            "year_quarter": 20052,
            "year": 2005,
            "quarter": 2,
            "eps": 0.11,
            "eps_growth_year": -47.62,
            "eps_4q": 0.42,
            "eps_4q_growth_year": -42.38,
            "roe": 0.91,
            "roe_4q": 3.66,
            "gross_profit": 28095,
            "gross_margin": 13.12,
            "gross_margin_4q_avg": 13.89,
            "net_income": 7041,
            "revenue": 214141,
            "common_shares": 668110,
            "book_valuer_per_share": 11.96,
            "book_valuer_per_share_4q_avg": 11.95,
            "equity": 799235,
            "current_ratio": 310.65,
            "debt_ratio": 28.14,
            "inventory_turnover_ratio": 1.43,
            "account_receivable_turnover_ratio": null,
            "reinvestment_rate": 31.45,
            "research_to_sale_ratio": null,
            "price_fair": 23.57,
            "eps_avg_yearly": 0.67,
            "eps_latest_yearly": 0.44,
            "eps_growth_yearly": 175.9
        },
        "20053": {
            "year_quarter": 20053,
            "year": 2005,
            "quarter": 3,
            "eps": 0.07,
            "eps_growth_year": -70.83,
            "eps_4q": 0.26,
            "eps_4q_growth_year": -66.29,
            "roe": 0.56,
            "roe_4q": 2.19,
            "gross_profit": 23554,
            "gross_margin": 9.82,
            "gross_margin_4q_avg": 12.38,
            "net_income": 4467,
            "revenue": 239862,
            "common_shares": 697906,
            "book_valuer_per_share": 11.61,
            "book_valuer_per_share_4q_avg": 11.86,
            "equity": 810494,
            "current_ratio": 261.03,
            "debt_ratio": 30.65,
            "inventory_turnover_ratio": 1.61,
            "account_receivable_turnover_ratio": null,
            "reinvestment_rate": 29.86,
            "research_to_sale_ratio": null,
            "price_fair": 22.51,
            "eps_avg_yearly": 0.64,
            "eps_latest_yearly": 0.28,
            "eps_growth_yearly": 151.18
        },
        "20054": {
            "year_quarter": 20054,
            "year": 2005,
            "quarter": 4,
            "eps": -0.29,
            "eps_growth_year": -825,
            "eps_4q": -0.04,
            "eps_4q_growth_year": -106.85,
            "roe": -2.45,
            "roe_4q": -0.6000000000000001,
            "gross_profit": 16770,
            "gross_margin": 8.94,
            "gross_margin_4q_avg": 11.34,
            "net_income": -19884,
            "revenue": 187595,
            "common_shares": 697906,
            "book_valuer_per_share": 11.29,
            "book_valuer_per_share_4q_avg": 11.7,
            "equity": 809988,
            "current_ratio": 352.03,
            "debt_ratio": 29.26,
            "inventory_turnover_ratio": 1.17,
            "account_receivable_turnover_ratio": null,
            "reinvestment_rate": 19.28,
            "research_to_sale_ratio": null,
            "price_fair": 22.51,
            "eps_avg_yearly": 0.64,
            "eps_latest_yearly": 0.28,
            "eps_growth_yearly": 151.18
        },
        "20061": {
            "year_quarter": 20061,
            "year": 2006,
            "quarter": 1,
            "eps": 0.13,
            "eps_growth_year": 160,
            "eps_4q": 0.01,
            "eps_4q_growth_year": -98.91,
            "roe": 1.09,
            "roe_4q": 0.10999999999999999,
            "gross_profit": 24300,
            "gross_margin": 14.12,
            "gross_margin_4q_avg": 11.5,
            "net_income": 8785,
            "revenue": 172104,
            "common_shares": 698026,
            "book_valuer_per_share": 11.46,
            "book_valuer_per_share_4q_avg": 11.58,
            "equity": 800116,
            "current_ratio": 305.62,
            "debt_ratio": 26.97,
            "inventory_turnover_ratio": 1.08,
            "account_receivable_turnover_ratio": null,
            "reinvestment_rate": -15.21,
            "research_to_sale_ratio": null,
            "price_fair": 22.87,
            "eps_avg_yearly": 0.65,
            "eps_latest_yearly": 0.28,
            "eps_growth_yearly": 166.16
        },
        "20062": {
            "year_quarter": 20062,
            "year": 2006,
            "quarter": 2,
            "eps": 0.35,
            "eps_growth_year": 218.18,
            "eps_4q": 0.25,
            "eps_4q_growth_year": -39.13,
            "roe": 2.94,
            "roe_4q": 2.14,
            "gross_profit": 36592,
            "gross_margin": 16.55,
            "gross_margin_4q_avg": 12.36,
            "net_income": 23944,
            "revenue": 221153,
            "common_shares": 701618,
            "book_valuer_per_share": 11.79,
            "book_valuer_per_share_4q_avg": 11.54,
            "equity": 827253,
            "current_ratio": 231.03,
            "debt_ratio": 31.26,
            "inventory_turnover_ratio": 1.36,
            "account_receivable_turnover_ratio": null,
            "reinvestment_rate": -15.81,
            "research_to_sale_ratio": null,
            "price_fair": 22.52,
            "eps_avg_yearly": 0.64,
            "eps_latest_yearly": 1.4,
            "eps_growth_yearly": 158.47
        },
        "20063": {
            "year_quarter": 20063,
            "year": 2006,
            "quarter": 3,
            "eps": 0.43,
            "eps_growth_year": 514.29,
            "eps_4q": 0.61,
            "eps_4q_growth_year": 132.32,
            "roe": 3.28,
            "roe_4q": 4.859999999999999,
            "gross_profit": 45587,
            "gross_margin": 17.4,
            "gross_margin_4q_avg": 14.25,
            "net_income": 29860,
            "revenue": 261973,
            "common_shares": 756948,
            "book_valuer_per_share": 13.11,
            "book_valuer_per_share_4q_avg": 11.91,
            "equity": 992683,
            "current_ratio": 153.15,
            "debt_ratio": 27.59,
            "inventory_turnover_ratio": 1.34,
            "account_receivable_turnover_ratio": null,
            "reinvestment_rate": 91.47,
            "research_to_sale_ratio": null,
            "price_fair": 23.57,
            "eps_avg_yearly": 0.67,
            "eps_latest_yearly": 1.72,
            "eps_growth_yearly": 169.6
        },
        "20064": {
            "year_quarter": 20064,
            "year": 2006,
            "quarter": 4,
            "eps": 0,
            "eps_growth_year": null,
            "eps_4q": 0.89,
            "eps_4q_growth_year": null,
            "roe": 0.03,
            "roe_4q": 7.34,
            "gross_profit": 31468,
            "gross_margin": 13.48,
            "gross_margin_4q_avg": 15.39,
            "net_income": 261,
            "revenue": 233486,
            "common_shares": 807367,
            "book_valuer_per_share": 12.93,
            "book_valuer_per_share_4q_avg": 12.32,
            "equity": 1066054,
            "current_ratio": 182,
            "debt_ratio": 30.89,
            "inventory_turnover_ratio": 0.86,
            "account_receivable_turnover_ratio": null,
            "reinvestment_rate": 190.91,
            "research_to_sale_ratio": null,
            "price_fair": 25.33,
            "eps_avg_yearly": 0.72,
            "eps_latest_yearly": 1.72,
            "eps_growth_yearly": 218.17
        },
        "20071": {
            "year_quarter": 20071,
            "year": 2007,
            "quarter": 1,
            "eps": 0.15,
            "eps_growth_year": 15.38,
            "eps_4q": 0.8,
            "eps_4q_growth_year": 13135.62,
            "roe": 1.07,
            "roe_4q": 7.32,
            "gross_profit": 38688,
            "gross_margin": 15.06,
            "gross_margin_4q_avg": 15.62,
            "net_income": 12457,
            "revenue": 256863,
            "common_shares": 1008627,
            "book_valuer_per_share": 12.42,
            "book_valuer_per_share_4q_avg": 12.56,
            "equity": 1252984,
            "current_ratio": 192.65,
            "debt_ratio": 25.64,
            "inventory_turnover_ratio": 0.75,
            "account_receivable_turnover_ratio": null,
            "reinvestment_rate": 106.13,
            "research_to_sale_ratio": null,
            "price_fair": 26.04,
            "eps_avg_yearly": 0.74,
            "eps_latest_yearly": 1.72,
            "eps_growth_yearly": 106.65
        },
        "20072": {
            "year_quarter": 20072,
            "year": 2007,
            "quarter": 2,
            "eps": 0.23,
            "eps_growth_year": -34.29,
            "eps_4q": 0.71,
            "eps_4q_growth_year": 179.24,
            "roe": 1.62,
            "roe_4q": 6,
            "gross_profit": 51313,
            "gross_margin": 22.26,
            "gross_margin_4q_avg": 17.05,
            "net_income": 20546,
            "revenue": 230522,
            "common_shares": 1030135,
            "book_valuer_per_share": 12.48,
            "book_valuer_per_share_4q_avg": 12.74,
            "equity": 1286094,
            "current_ratio": 242.19,
            "debt_ratio": 24.81,
            "inventory_turnover_ratio": 0.7,
            "account_receivable_turnover_ratio": null,
            "reinvestment_rate": 120.15,
            "research_to_sale_ratio": null,
            "price_fair": 26.6,
            "eps_avg_yearly": 0.76,
            "eps_latest_yearly": 0.92,
            "eps_growth_yearly": 116.35
        },
        "20073": {
            "year_quarter": 20073,
            "year": 2007,
            "quarter": 3,
            "eps": 0.26,
            "eps_growth_year": -39.53,
            "eps_4q": 0.58,
            "eps_4q_growth_year": -5.58,
            "roe": 2.03,
            "roe_4q": 4.75,
            "gross_profit": 55038,
            "gross_margin": 19.26,
            "gross_margin_4q_avg": 17.52,
            "net_income": 26969,
            "revenue": 285823,
            "common_shares": 1137836,
            "book_valuer_per_share": 12.07,
            "book_valuer_per_share_4q_avg": 12.48,
            "equity": 1373606,
            "current_ratio": 327.89,
            "debt_ratio": 20.72,
            "inventory_turnover_ratio": 1.18,
            "account_receivable_turnover_ratio": null,
            "reinvestment_rate": 94.29,
            "research_to_sale_ratio": null,
            "price_fair": 27.42,
            "eps_avg_yearly": 0.78,
            "eps_latest_yearly": 1.04,
            "eps_growth_yearly": 111
        },
        "20074": {
            "year_quarter": 20074,
            "year": 2007,
            "quarter": 4,
            "eps": 0.07,
            "eps_growth_year": null,
            "eps_4q": 0.6,
            "eps_4q_growth_year": -31.84,
            "roe": 0.56,
            "roe_4q": 5.28,
            "gross_profit": 21302,
            "gross_margin": 8.78,
            "gross_margin_4q_avg": 16.34,
            "net_income": 7857,
            "revenue": 242627,
            "common_shares": 1137966,
            "book_valuer_per_share": 12.23,
            "book_valuer_per_share_4q_avg": 12.3,
            "equity": 1425797,
            "current_ratio": 417.23,
            "debt_ratio": 17.61,
            "inventory_turnover_ratio": 1.12,
            "account_receivable_turnover_ratio": null,
            "reinvestment_rate": 306.26,
            "research_to_sale_ratio": null,
            "price_fair": 25.78,
            "eps_avg_yearly": 0.74,
            "eps_latest_yearly": 0.28,
            "eps_growth_yearly": 78.8
        },
        "20081": {
            "year_quarter": 20081,
            "year": 2008,
            "quarter": 1,
            "eps": 0.02,
            "eps_growth_year": -86.67,
            "eps_4q": 0.43,
            "eps_4q_growth_year": -45.98,
            "roe": 0.19,
            "roe_4q": 4.4,
            "gross_profit": 31459,
            "gross_margin": 11.55,
            "gross_margin_4q_avg": 15.46,
            "net_income": 2651,
            "revenue": 272454,
            "common_shares": 1147223,
            "book_valuer_per_share": 11.88,
            "book_valuer_per_share_4q_avg": 12.17,
            "equity": 1398448,
            "current_ratio": 274.23,
            "debt_ratio": 26.81,
            "inventory_turnover_ratio": 0.82,
            "account_receivable_turnover_ratio": null,
            "reinvestment_rate": 358.81,
            "research_to_sale_ratio": null,
            "price_fair": 24.27,
            "eps_avg_yearly": 0.69,
            "eps_latest_yearly": 0.08,
            "eps_growth_yearly": 64.52
        },
        "20082": {
            "year_quarter": 20082,
            "year": 2008,
            "quarter": 2,
            "eps": 0.06,
            "eps_growth_year": -73.91,
            "eps_4q": 0.32,
            "eps_4q_growth_year": -54.81,
            "roe": 0.6,
            "roe_4q": 3.38,
            "gross_profit": 48994,
            "gross_margin": 14.98,
            "gross_margin_4q_avg": 13.64,
            "net_income": 8290,
            "revenue": 326964,
            "common_shares": 1148787,
            "book_valuer_per_share": 11.65,
            "book_valuer_per_share_4q_avg": 11.96,
            "equity": 1374415,
            "current_ratio": 243.21,
            "debt_ratio": 27.76,
            "inventory_turnover_ratio": 0.75,
            "account_receivable_turnover_ratio": null,
            "reinvestment_rate": 404.78,
            "research_to_sale_ratio": null,
            "price_fair": 22.52,
            "eps_avg_yearly": 0.64,
            "eps_latest_yearly": 0.24,
            "eps_growth_yearly": 117.85
        },
        "20083": {
            "year_quarter": 20083,
            "year": 2008,
            "quarter": 3,
            "eps": 0.16,
            "eps_growth_year": -38.46,
            "eps_4q": 0.29,
            "eps_4q_growth_year": -49.72,
            "roe": 1.43,
            "roe_4q": 2.78,
            "gross_profit": 59377,
            "gross_margin": 15.03,
            "gross_margin_4q_avg": 12.59,
            "net_income": 19612,
            "revenue": 395046,
            "common_shares": 1193607,
            "book_valuer_per_share": 11.15,
            "book_valuer_per_share_4q_avg": 11.73,
            "equity": 1366196,
            "current_ratio": 170.45,
            "debt_ratio": 35.22,
            "inventory_turnover_ratio": 0.9,
            "account_receivable_turnover_ratio": null,
            "reinvestment_rate": 468.14,
            "research_to_sale_ratio": null,
            "price_fair": 21.58,
            "eps_avg_yearly": 0.62,
            "eps_latest_yearly": 0.64,
            "eps_growth_yearly": 168.64
        },
        "20084": {
            "year_quarter": 20084,
            "year": 2008,
            "quarter": 4,
            "eps": -0.18,
            "eps_growth_year": -357.14,
            "eps_4q": 0.04,
            "eps_4q_growth_year": -92.66,
            "roe": -1.51,
            "roe_4q": 0.71,
            "gross_profit": 19555,
            "gross_margin": 6.24,
            "gross_margin_4q_avg": 11.95,
            "net_income": -20470,
            "revenue": 313492,
            "common_shares": 1193607,
            "book_valuer_per_share": 10.92,
            "book_valuer_per_share_4q_avg": 11.4,
            "equity": 1339882,
            "current_ratio": 163.53,
            "debt_ratio": 33.92,
            "inventory_turnover_ratio": 0.78,
            "account_receivable_turnover_ratio": 2.48,
            "reinvestment_rate": 462.07,
            "research_to_sale_ratio": null,
            "price_fair": 23.04,
            "eps_avg_yearly": 0.66,
            "eps_latest_yearly": 0.64,
            "eps_growth_yearly": 214.28
        },
        "20091": {
            "year_quarter": 20091,
            "year": 2009,
            "quarter": 1,
            "eps": -0.09,
            "eps_growth_year": -550,
            "eps_4q": -0.05,
            "eps_4q_growth_year": -110.79,
            "roe": -0.81,
            "roe_4q": -0.29000000000000037,
            "gross_profit": 19292,
            "gross_margin": 6.97,
            "gross_margin_4q_avg": 10.81,
            "net_income": -10747,
            "revenue": 276694,
            "common_shares": 1193607,
            "book_valuer_per_share": 10.79,
            "book_valuer_per_share_4q_avg": 11.13,
            "equity": 1305230,
            "current_ratio": 147.42,
            "debt_ratio": 35.82,
            "inventory_turnover_ratio": 0.7,
            "account_receivable_turnover_ratio": 1.15,
            "reinvestment_rate": 608.32,
            "research_to_sale_ratio": null,
            "price_fair": 24.64,
            "eps_avg_yearly": 0.7,
            "eps_latest_yearly": 0.64,
            "eps_growth_yearly": 225.7
        },
        "20092": {
            "year_quarter": 20092,
            "year": 2009,
            "quarter": 2,
            "eps": 0.18,
            "eps_growth_year": 200,
            "eps_4q": 0.07,
            "eps_4q_growth_year": -78.74,
            "roe": 1.52,
            "roe_4q": 0.6299999999999999,
            "gross_profit": 53517,
            "gross_margin": 16.56,
            "gross_margin_4q_avg": 11.2,
            "net_income": 21876,
            "revenue": 323136,
            "common_shares": 1193607,
            "book_valuer_per_share": 11.1,
            "book_valuer_per_share_4q_avg": 10.99,
            "equity": 1575462,
            "current_ratio": 140.08,
            "debt_ratio": 32.04,
            "inventory_turnover_ratio": 0.78,
            "account_receivable_turnover_ratio": 1.3,
            "reinvestment_rate": 747.33,
            "research_to_sale_ratio": null,
            "price_fair": 25.67,
            "eps_avg_yearly": 0.73,
            "eps_latest_yearly": 0.64,
            "eps_growth_yearly": 197.45
        },
        "20093": {
            "year_quarter": 20093,
            "year": 2009,
            "quarter": 3,
            "eps": 0.16,
            "eps_growth_year": 0,
            "eps_4q": 0.16,
            "eps_4q_growth_year": -45.29,
            "roe": 0.54,
            "roe_4q": -0.26,
            "gross_profit": 51840,
            "gross_margin": 12.53,
            "gross_margin_4q_avg": 10.58,
            "net_income": 8660,
            "revenue": 413815,
            "common_shares": 1193607,
            "book_valuer_per_share": 11.3,
            "book_valuer_per_share_4q_avg": 11.03,
            "equity": 1606309,
            "current_ratio": 153.07,
            "debt_ratio": 30.26,
            "inventory_turnover_ratio": 1.19,
            "account_receivable_turnover_ratio": 1.35,
            "reinvestment_rate": 724.94,
            "research_to_sale_ratio": null,
            "price_fair": 27.07,
            "eps_avg_yearly": 0.77,
            "eps_latest_yearly": 0.64,
            "eps_growth_yearly": 208.67
        },
        "20094": {
            "year_quarter": 20094,
            "year": 2009,
            "quarter": 4,
            "eps": 0.2,
            "eps_growth_year": null,
            "eps_4q": 0.46,
            "eps_4q_growth_year": 928,
            "roe": 1.68,
            "roe_4q": 2.9299999999999997,
            "gross_profit": 69503,
            "gross_margin": 16.27,
            "gross_margin_4q_avg": 13.08,
            "net_income": 26812,
            "revenue": 427129,
            "common_shares": 1193607,
            "book_valuer_per_share": 11.95,
            "book_valuer_per_share_4q_avg": 11.29,
            "equity": 1578163,
            "current_ratio": 175.77,
            "debt_ratio": 33.83,
            "inventory_turnover_ratio": 1.23,
            "account_receivable_turnover_ratio": 2.34,
            "reinvestment_rate": 485.12,
            "research_to_sale_ratio": null,
            "price_fair": 27.16,
            "eps_avg_yearly": 0.78,
            "eps_latest_yearly": 0.8,
            "eps_growth_yearly": 197.81
        },
        "20101": {
            "year_quarter": 20101,
            "year": 2010,
            "quarter": 1,
            "eps": 0.12,
            "eps_growth_year": null,
            "eps_4q": 0.67,
            "eps_4q_growth_year": null,
            "roe": 0.8,
            "roe_4q": 4.54,
            "gross_profit": 62991,
            "gross_margin": 12.67,
            "gross_margin_4q_avg": 14.51,
            "net_income": 12709,
            "revenue": 497173,
            "common_shares": 1193607,
            "book_valuer_per_share": 12.15,
            "book_valuer_per_share_4q_avg": 11.63,
            "equity": 1609180,
            "current_ratio": 181.68,
            "debt_ratio": 39.64,
            "inventory_turnover_ratio": 1.1,
            "account_receivable_turnover_ratio": 1.15,
            "reinvestment_rate": 578.56,
            "research_to_sale_ratio": 0.28,
            "price_fair": 26.22,
            "eps_avg_yearly": 0.75,
            "eps_latest_yearly": 0.48,
            "eps_growth_yearly": 165.28
        },
        "20102": {
            "year_quarter": 20102,
            "year": 2010,
            "quarter": 2,
            "eps": 0.06,
            "eps_growth_year": -68.81,
            "eps_4q": 0.52,
            "eps_4q_growth_year": 667.42,
            "roe": 0.41,
            "roe_4q": 3.4299999999999997,
            "gross_profit": 60415,
            "gross_margin": 11.57,
            "gross_margin_4q_avg": 13.26,
            "net_income": 6735,
            "revenue": 521951,
            "common_shares": 1193607,
            "book_valuer_per_share": 12.18,
            "book_valuer_per_share_4q_avg": 11.9,
            "equity": 1660678,
            "current_ratio": 163.06,
            "debt_ratio": 40.65,
            "inventory_turnover_ratio": 1.01,
            "account_receivable_turnover_ratio": 1.11,
            "reinvestment_rate": 686.29,
            "research_to_sale_ratio": 0.15,
            "price_fair": 22.53,
            "eps_avg_yearly": 0.64,
            "eps_latest_yearly": 0.24,
            "eps_growth_yearly": 85.56
        },
        "20103": {
            "year_quarter": 20103,
            "year": 2010,
            "quarter": 3,
            "eps": 0.34,
            "eps_growth_year": 115.27,
            "eps_4q": 0.71,
            "eps_4q_growth_year": 342.55,
            "roe": 2.46,
            "roe_4q": 5.35,
            "gross_profit": 86692,
            "gross_margin": 13.32,
            "gross_margin_4q_avg": 13.46,
            "net_income": 41323,
            "revenue": 651053,
            "common_shares": 1245271,
            "book_valuer_per_share": 12,
            "book_valuer_per_share_4q_avg": 12.07,
            "equity": 1703084,
            "current_ratio": 166.01,
            "debt_ratio": 39.57,
            "inventory_turnover_ratio": 1.28,
            "account_receivable_turnover_ratio": 1.37,
            "reinvestment_rate": 580.79,
            "research_to_sale_ratio": 0.15,
            "price_fair": 21.38,
            "eps_avg_yearly": 0.61,
            "eps_latest_yearly": 1.36,
            "eps_growth_yearly": 246.94
        },
        "20104": {
            "year_quarter": 20104,
            "year": 2010,
            "quarter": 4,
            "eps": 0.06,
            "eps_growth_year": -71.2,
            "eps_4q": 0.56,
            "eps_4q_growth_year": 22.94,
            "roe": 0.24,
            "roe_4q": 3.91,
            "gross_profit": 52110,
            "gross_margin": 8.02,
            "gross_margin_4q_avg": 11.4,
            "net_income": 4117,
            "revenue": 649507,
            "common_shares": 1245271,
            "book_valuer_per_share": 12.02,
            "book_valuer_per_share_4q_avg": 12.09,
            "equity": 1774264,
            "current_ratio": 152.32,
            "debt_ratio": 41.64,
            "inventory_turnover_ratio": 1.17,
            "account_receivable_turnover_ratio": 1.25,
            "reinvestment_rate": 441.77,
            "research_to_sale_ratio": 0.14,
            "price_fair": 20.3,
            "eps_avg_yearly": 0.58,
            "eps_latest_yearly": 0.24,
            "eps_growth_yearly": 198.91
        },
        "20111": {
            "year_quarter": 20111,
            "year": 2011,
            "quarter": 1,
            "eps": 0.12,
            "eps_growth_year": 0,
            "eps_4q": 0.56,
            "eps_4q_growth_year": -16.32,
            "roe": 1.09,
            "roe_4q": 4.2,
            "gross_profit": 68351,
            "gross_margin": 10.33,
            "gross_margin_4q_avg": 10.81,
            "net_income": 19744,
            "revenue": 661374,
            "common_shares": 1245271,
            "book_valuer_per_share": 12.14,
            "book_valuer_per_share_4q_avg": 12.09,
            "equity": 1844770,
            "current_ratio": 156.99,
            "debt_ratio": 43.76,
            "inventory_turnover_ratio": 0.96,
            "account_receivable_turnover_ratio": 1.2,
            "reinvestment_rate": 584.36,
            "research_to_sale_ratio": 0.09,
            "price_fair": 20.03,
            "eps_avg_yearly": 0.57,
            "eps_latest_yearly": 0.48,
            "eps_growth_yearly": 214.38
        },
        "20112": {
            "year_quarter": 20112,
            "year": 2011,
            "quarter": 2,
            "eps": -0.04,
            "eps_growth_year": -179.26,
            "eps_4q": 0.44,
            "eps_4q_growth_year": -15.51,
            "roe": -0.32,
            "roe_4q": 3.4699999999999998,
            "gross_profit": 79308,
            "gross_margin": 10.62,
            "gross_margin_4q_avg": 10.57,
            "net_income": -5790,
            "revenue": 746432,
            "common_shares": 1245271,
            "book_valuer_per_share": 11.99,
            "book_valuer_per_share_4q_avg": 12.04,
            "equity": 1829128,
            "current_ratio": 141.83,
            "debt_ratio": 46.94,
            "inventory_turnover_ratio": 0.99,
            "account_receivable_turnover_ratio": 1.21,
            "reinvestment_rate": 738.02,
            "research_to_sale_ratio": 0.09,
            "price_fair": 19.02,
            "eps_avg_yearly": 0.54,
            "eps_latest_yearly": 0.48,
            "eps_growth_yearly": 214.47
        },
        "20113": {
            "year_quarter": 20113,
            "year": 2011,
            "quarter": 3,
            "eps": 0.19,
            "eps_growth_year": -44.86,
            "eps_4q": 0.31,
            "eps_4q_growth_year": -55.78,
            "roe": 1.33,
            "roe_4q": 2.34,
            "gross_profit": 104003,
            "gross_margin": 11.83,
            "gross_margin_4q_avg": 10.2,
            "net_income": 24715,
            "revenue": 878941,
            "common_shares": 1301308,
            "book_valuer_per_share": 11.69,
            "book_valuer_per_share_4q_avg": 11.96,
            "equity": 1900556,
            "current_ratio": 180.4,
            "debt_ratio": 49.79,
            "inventory_turnover_ratio": 1.14,
            "account_receivable_turnover_ratio": 1.27,
            "reinvestment_rate": 764.23,
            "research_to_sale_ratio": 0.08,
            "price_fair": 17.44,
            "eps_avg_yearly": 0.5,
            "eps_latest_yearly": 0.48,
            "eps_growth_yearly": 229.22
        },
        "20114": {
            "year_quarter": 20114,
            "year": 2011,
            "quarter": 4,
            "eps": 0.19,
            "eps_growth_year": 222.85,
            "eps_4q": 0.45,
            "eps_4q_growth_year": -20.24,
            "roe": 1.46,
            "roe_4q": 3.5600000000000005,
            "gross_profit": 98322,
            "gross_margin": 11.61,
            "gross_margin_4q_avg": 11.1,
            "net_income": 27825,
            "revenue": 847051,
            "common_shares": 1301308,
            "book_valuer_per_share": 11.89,
            "book_valuer_per_share_4q_avg": 11.93,
            "equity": 1907604,
            "current_ratio": 195.41,
            "debt_ratio": 50.41,
            "inventory_turnover_ratio": 0.99,
            "account_receivable_turnover_ratio": 1.15,
            "reinvestment_rate": 400,
            "research_to_sale_ratio": 0.11,
            "price_fair": 18.96,
            "eps_avg_yearly": 0.54,
            "eps_latest_yearly": 0.76,
            "eps_growth_yearly": 255.8
        },
        "20121": {
            "year_quarter": 20121,
            "year": 2012,
            "quarter": 1,
            "eps": 0.66,
            "eps_growth_year": 450,
            "eps_4q": 1,
            "eps_4q_growth_year": 78.83,
            "roe": 5.82,
            "roe_4q": 8.29,
            "gross_profit": 122996,
            "gross_margin": 14.29,
            "gross_margin_4q_avg": 12.09,
            "net_income": 113950,
            "revenue": 860695,
            "common_shares": 1301308,
            "book_valuer_per_share": 12.63,
            "book_valuer_per_share_4q_avg": 12.05,
            "equity": 2008976,
            "current_ratio": 193.98,
            "debt_ratio": 48.92,
            "inventory_turnover_ratio": 0.92,
            "account_receivable_turnover_ratio": 1.15,
            "reinvestment_rate": 282.81,
            "research_to_sale_ratio": 0.13,
            "price_fair": 27.11,
            "eps_avg_yearly": 0.77,
            "eps_latest_yearly": 2.64,
            "eps_growth_yearly": 371.72
        },
        "20122": {
            "year_quarter": 20122,
            "year": 2012,
            "quarter": 2,
            "eps": 0.03,
            "eps_growth_year": null,
            "eps_4q": 1.05,
            "eps_4q_growth_year": 139.29,
            "roe": 0.58,
            "roe_4q": 9.190000000000001,
            "gross_profit": 131951,
            "gross_margin": 11.64,
            "gross_margin_4q_avg": 12.34,
            "net_income": 11640,
            "revenue": 1133384,
            "common_shares": 1268691,
            "book_valuer_per_share": 12.61,
            "book_valuer_per_share_4q_avg": 12.21,
            "equity": 2000570,
            "current_ratio": 183.97,
            "debt_ratio": 49.26,
            "inventory_turnover_ratio": 1.3,
            "account_receivable_turnover_ratio": 1.44,
            "reinvestment_rate": 298.57,
            "research_to_sale_ratio": 0.11,
            "price_fair": 26.73,
            "eps_avg_yearly": 0.76,
            "eps_latest_yearly": 0.12,
            "eps_growth_yearly": 264.28
        },
        "20123": {
            "year_quarter": 20123,
            "year": 2012,
            "quarter": 3,
            "eps": 0.55,
            "eps_growth_year": 190.7,
            "eps_4q": 1.39,
            "eps_4q_growth_year": 346.08,
            "roe": 4.34,
            "roe_4q": 12.2,
            "gross_profit": 139081,
            "gross_margin": 14.57,
            "gross_margin_4q_avg": 13.03,
            "net_income": 89989,
            "revenue": 954629,
            "common_shares": 1334499,
            "book_valuer_per_share": 12.91,
            "book_valuer_per_share_4q_avg": 12.51,
            "equity": 2146331,
            "current_ratio": 192.03,
            "debt_ratio": 45.47,
            "inventory_turnover_ratio": 1.25,
            "account_receivable_turnover_ratio": 1.15,
            "reinvestment_rate": 214.06,
            "research_to_sale_ratio": 0.42,
            "price_fair": 31.69,
            "eps_avg_yearly": 0.91,
            "eps_latest_yearly": 2.2,
            "eps_growth_yearly": 833.98
        },
        "20124": {
            "year_quarter": 20124,
            "year": 2012,
            "quarter": 4,
            "eps": 0.29,
            "eps_growth_year": 55.2,
            "eps_4q": 1.49,
            "eps_4q_growth_year": 233.73,
            "roe": 2.05,
            "roe_4q": 12.79,
            "gross_profit": 189543,
            "gross_margin": 25.66,
            "gross_margin_4q_avg": 16.54,
            "net_income": 44719,
            "revenue": 738712,
            "common_shares": 1346316,
            "book_valuer_per_share": 13.12,
            "book_valuer_per_share_4q_avg": 12.82,
            "equity": 2222624,
            "current_ratio": 160.17,
            "debt_ratio": 44.69,
            "inventory_turnover_ratio": 0.97,
            "account_receivable_turnover_ratio": 0.89,
            "reinvestment_rate": 205.5,
            "research_to_sale_ratio": -0.24,
            "price_fair": 32.43,
            "eps_avg_yearly": 0.93,
            "eps_latest_yearly": 1.16,
            "eps_growth_yearly": 748.73
        },
        "20131": {
            "year_quarter": 20131,
            "year": 2013,
            "quarter": 1,
            "eps": 0.41,
            "eps_growth_year": -37.88,
            "eps_4q": 1.17,
            "eps_4q_growth_year": 16.52,
            "roe": 3.39,
            "roe_4q": 10.36,
            "gross_profit": 159478,
            "gross_margin": 16.22,
            "gross_margin_4q_avg": 17.02,
            "net_income": 79889,
            "revenue": 983171,
            "common_shares": 1483523,
            "book_valuer_per_share": 13.34,
            "book_valuer_per_share_4q_avg": 13,
            "equity": 2488073,
            "current_ratio": 177.62,
            "debt_ratio": 39.53,
            "inventory_turnover_ratio": 1.46,
            "account_receivable_turnover_ratio": 1.2,
            "reinvestment_rate": 176.83,
            "research_to_sale_ratio": 0.21,
            "price_fair": 34.35,
            "eps_avg_yearly": 0.98,
            "eps_latest_yearly": 1.64,
            "eps_growth_yearly": 703.86
        },
        "20132": {
            "year_quarter": 20132,
            "year": 2013,
            "quarter": 2,
            "eps": 0.25,
            "eps_growth_year": 662.26,
            "eps_4q": 1.35,
            "eps_4q_growth_year": 27.98,
            "roe": 2.2,
            "roe_4q": 11.98,
            "gross_profit": 141782,
            "gross_margin": 15.54,
            "gross_margin_4q_avg": 18,
            "net_income": 53112,
            "revenue": 912217,
            "common_shares": 1515537,
            "book_valuer_per_share": 12.16,
            "book_valuer_per_share_4q_avg": 12.88,
            "equity": 2350917,
            "current_ratio": 172.17,
            "debt_ratio": 41.93,
            "inventory_turnover_ratio": 1.49,
            "account_receivable_turnover_ratio": 1.1,
            "reinvestment_rate": 110.11,
            "research_to_sale_ratio": 0.2,
            "price_fair": 34.4,
            "eps_avg_yearly": 0.98,
            "eps_latest_yearly": 1,
            "eps_growth_yearly": 642.44
        },
        "20133": {
            "year_quarter": 20133,
            "year": 2013,
            "quarter": 3,
            "eps": 0.77,
            "eps_growth_year": 39.47,
            "eps_4q": 1.58,
            "eps_4q_growth_year": 13.57,
            "roe": 5.42,
            "roe_4q": 13.059999999999999,
            "gross_profit": 122143,
            "gross_margin": 11.75,
            "gross_margin_4q_avg": 17.29,
            "net_income": 130823,
            "revenue": 1039090,
            "common_shares": 1545127,
            "book_valuer_per_share": 12.61,
            "book_valuer_per_share_4q_avg": 12.81,
            "equity": 2473360,
            "current_ratio": 162.69,
            "debt_ratio": 40.74,
            "inventory_turnover_ratio": 1.86,
            "account_receivable_turnover_ratio": 1.28,
            "reinvestment_rate": 100.95,
            "research_to_sale_ratio": 0.2,
            "price_fair": 40.5,
            "eps_avg_yearly": 1.16,
            "eps_latest_yearly": 3.08,
            "eps_growth_yearly": 705.04
        },
        "20134": {
            "year_quarter": 20134,
            "year": 2013,
            "quarter": 4,
            "eps": 0.09,
            "eps_growth_year": -67.33,
            "eps_4q": 1.43,
            "eps_4q_growth_year": -4.52,
            "roe": 0.94,
            "roe_4q": 11.95,
            "gross_profit": 97091,
            "gross_margin": 12.41,
            "gross_margin_4q_avg": 13.98,
            "net_income": 23363,
            "revenue": 782201,
            "common_shares": 1546174,
            "book_valuer_per_share": 12.66,
            "book_valuer_per_share_4q_avg": 12.69,
            "equity": 2477871,
            "current_ratio": 154.32,
            "debt_ratio": 40,
            "inventory_turnover_ratio": 1.46,
            "account_receivable_turnover_ratio": 1.06,
            "reinvestment_rate": 109.95,
            "research_to_sale_ratio": 0.25,
            "price_fair": 39.4,
            "eps_avg_yearly": 1.13,
            "eps_latest_yearly": 0.36,
            "eps_growth_yearly": 672.67
        },
        "20141": {
            "year_quarter": 20141,
            "year": 2014,
            "quarter": 1,
            "eps": 0.12,
            "eps_growth_year": -70.73,
            "eps_4q": 1.18,
            "eps_4q_growth_year": 0.77,
            "roe": 1.29,
            "roe_4q": 9.850000000000001,
            "gross_profit": 94171,
            "gross_margin": 11.65,
            "gross_margin_4q_avg": 12.84,
            "net_income": 32580,
            "revenue": 808049,
            "common_shares": 1546279,
            "book_valuer_per_share": 12.98,
            "book_valuer_per_share_4q_avg": 12.6,
            "equity": 2559591,
            "current_ratio": 154.77,
            "debt_ratio": 41.88,
            "inventory_turnover_ratio": 1.5,
            "account_receivable_turnover_ratio": 1.16,
            "reinvestment_rate": 120.47,
            "research_to_sale_ratio": 0.2,
            "price_fair": 39.4,
            "eps_avg_yearly": 1.13,
            "eps_latest_yearly": 0.48,
            "eps_growth_yearly": 693.62
        },
        "20142": {
            "year_quarter": 20142,
            "year": 2014,
            "quarter": 2,
            "eps": 0.2,
            "eps_growth_year": -20,
            "eps_4q": 1.1,
            "eps_4q_growth_year": -18.38,
            "roe": 1.58,
            "roe_4q": 9.23,
            "gross_profit": 116483,
            "gross_margin": 12.28,
            "gross_margin_4q_avg": 12.02,
            "net_income": 39846,
            "revenue": 948486,
            "common_shares": 1546279,
            "book_valuer_per_share": 12.5,
            "book_valuer_per_share_4q_avg": 12.69,
            "equity": 2480813,
            "current_ratio": 160.61,
            "debt_ratio": 45.92,
            "inventory_turnover_ratio": 1.76,
            "account_receivable_turnover_ratio": 1.31,
            "reinvestment_rate": 102.3,
            "research_to_sale_ratio": 0.15,
            "price_fair": 40.8,
            "eps_avg_yearly": 1.17,
            "eps_latest_yearly": 0.8,
            "eps_growth_yearly": 726.95
        },
        "20143": {
            "year_quarter": 20143,
            "year": 2014,
            "quarter": 3,
            "eps": 0.2,
            "eps_growth_year": -74.03,
            "eps_4q": 0.58,
            "eps_4q_growth_year": -63.12,
            "roe": 1.55,
            "roe_4q": 5.359999999999999,
            "gross_profit": 99560,
            "gross_margin": 11.76,
            "gross_margin_4q_avg": 12.03,
            "net_income": 39080,
            "revenue": 846890,
            "common_shares": 1694671,
            "book_valuer_per_share": 12.06,
            "book_valuer_per_share_4q_avg": 12.55,
            "equity": 2566814,
            "current_ratio": 188.1,
            "debt_ratio": 40.43,
            "inventory_turnover_ratio": 1.81,
            "account_receivable_turnover_ratio": 1.15,
            "reinvestment_rate": 105.3,
            "research_to_sale_ratio": 0.29,
            "price_fair": 39.4,
            "eps_avg_yearly": 1.13,
            "eps_latest_yearly": 0.8,
            "eps_growth_yearly": 593.62
        },
        "20144": {
            "year_quarter": 20144,
            "year": 2014,
            "quarter": 4,
            "eps": -0.13,
            "eps_growth_year": -239.96,
            "eps_4q": 0.36,
            "eps_4q_growth_year": -74.44,
            "roe": -1.02,
            "roe_4q": 3.4000000000000004,
            "gross_profit": 85646,
            "gross_margin": 10.53,
            "gross_margin_4q_avg": 11.56,
            "net_income": -26054,
            "revenue": 813494,
            "common_shares": 1694671,
            "book_valuer_per_share": 11.88,
            "book_valuer_per_share_4q_avg": 12.36,
            "equity": 2545388,
            "current_ratio": 173.35,
            "debt_ratio": 41.23,
            "inventory_turnover_ratio": 1.65,
            "account_receivable_turnover_ratio": 1.15,
            "reinvestment_rate": 106.56,
            "research_to_sale_ratio": 0.35,
            "price_fair": 41.78,
            "eps_avg_yearly": 1.19,
            "eps_latest_yearly": 0.8,
            "eps_growth_yearly": 664.62
        },
        "20151": {
            "year_quarter": 20151,
            "year": 2015,
            "quarter": 1,
            "eps": -0.02,
            "eps_growth_year": -116.67,
            "eps_4q": 0.24,
            "eps_4q_growth_year": -79.62,
            "roe": -0.11,
            "roe_4q": 2,
            "gross_profit": 83538,
            "gross_margin": 10.2,
            "gross_margin_4q_avg": 11.19,
            "net_income": -2765,
            "revenue": 819383,
            "common_shares": 1694671,
            "book_valuer_per_share": 11.55,
            "book_valuer_per_share_4q_avg": 12,
            "equity": 2493399,
            "current_ratio": 165.52,
            "debt_ratio": 41.92,
            "inventory_turnover_ratio": 1.55,
            "account_receivable_turnover_ratio": 1.18,
            "reinvestment_rate": 96.22,
            "research_to_sale_ratio": 0.25,
            "price_fair": 43.87,
            "eps_avg_yearly": 1.25,
            "eps_latest_yearly": 0.8,
            "eps_growth_yearly": 686.67
        },
        "20152": {
            "year_quarter": 20152,
            "year": 2015,
            "quarter": 2,
            "eps": 0.06,
            "eps_growth_year": -70,
            "eps_4q": 0.11,
            "eps_4q_growth_year": -89.64,
            "roe": 0.8,
            "roe_4q": 1.2200000000000002,
            "gross_profit": 93022,
            "gross_margin": 10.84,
            "gross_margin_4q_avg": 10.83,
            "net_income": 19533,
            "revenue": 858096,
            "common_shares": 1694671,
            "book_valuer_per_share": 11.11,
            "book_valuer_per_share_4q_avg": 11.65,
            "equity": 2397049,
            "current_ratio": 130.31,
            "debt_ratio": 44,
            "inventory_turnover_ratio": 1.64,
            "account_receivable_turnover_ratio": 1.23,
            "reinvestment_rate": 82.66,
            "research_to_sale_ratio": 0.27,
            "price_fair": 43.87,
            "eps_avg_yearly": 1.25,
            "eps_latest_yearly": 0.8,
            "eps_growth_yearly": 686.67
        },
        "20153": {
            "year_quarter": 20153,
            "year": 2015,
            "quarter": 3,
            "eps": -0.05,
            "eps_growth_year": -125,
            "eps_4q": -0.14,
            "eps_4q_growth_year": -124.06,
            "roe": -0.09,
            "roe_4q": -0.41999999999999993,
            "gross_profit": 68789,
            "gross_margin": 8.56,
            "gross_margin_4q_avg": 10.03,
            "net_income": -1992,
            "revenue": 803145,
            "common_shares": 1736171,
            "book_valuer_per_share": 10.43,
            "book_valuer_per_share_4q_avg": 11.24,
            "equity": 2284881,
            "current_ratio": 130.6,
            "debt_ratio": 45.06,
            "inventory_turnover_ratio": 1.66,
            "account_receivable_turnover_ratio": 1.16,
            "reinvestment_rate": 70.76,
            "research_to_sale_ratio": 0.27,
            "price_fair": 43.87,
            "eps_avg_yearly": 1.25,
            "eps_latest_yearly": 0.8,
            "eps_growth_yearly": 686.67
        },
        "20154": {
            "year_quarter": 20154,
            "year": 2015,
            "quarter": 4,
            "eps": 0.07,
            "eps_growth_year": null,
            "eps_4q": 0.06,
            "eps_4q_growth_year": -83.99,
            "roe": 0.53,
            "roe_4q": 1.1300000000000001,
            "gross_profit": 94828,
            "gross_margin": 11.26,
            "gross_margin_4q_avg": 10.22,
            "net_income": 12225,
            "revenue": 841925,
            "common_shares": 1736171,
            "book_valuer_per_share": 10.63,
            "book_valuer_per_share_4q_avg": 10.93,
            "equity": 2291461,
            "current_ratio": 151.69,
            "debt_ratio": 46.45,
            "inventory_turnover_ratio": 1.74,
            "account_receivable_turnover_ratio": 1.2,
            "reinvestment_rate": 63.66,
            "research_to_sale_ratio": 0.32,
            "price_fair": 45.44,
            "eps_avg_yearly": 1.3,
            "eps_latest_yearly": 0.8,
            "eps_growth_yearly": 749.1
        },
        "20161": {
            "year_quarter": 20161,
            "year": 2016,
            "quarter": 1,
            "eps": 0.06,
            "eps_growth_year": null,
            "eps_4q": 0.14,
            "eps_4q_growth_year": -42.86,
            "roe": 0.23,
            "roe_4q": 1.4700000000000002,
            "gross_profit": 101530,
            "gross_margin": 12.76,
            "gross_margin_4q_avg": 10.86,
            "net_income": 5238,
            "revenue": 795466,
            "common_shares": 1736171,
            "book_valuer_per_share": 11,
            "book_valuer_per_share_4q_avg": 10.79,
            "equity": 2350363,
            "current_ratio": 153.11,
            "debt_ratio": 46.57,
            "inventory_turnover_ratio": 1.4,
            "account_receivable_turnover_ratio": 1.18,
            "reinvestment_rate": 79.16,
            "research_to_sale_ratio": 0.24,
            "price_fair": 37.8,
            "eps_avg_yearly": 1.08,
            "eps_latest_yearly": 0.24,
            "eps_growth_yearly": 653.95
        },
        "20162": {
            "year_quarter": 20162,
            "year": 2016,
            "quarter": 2,
            "eps": 0.26,
            "eps_growth_year": 333.33,
            "eps_4q": 0.34,
            "eps_4q_growth_year": 199.99,
            "roe": 1.71,
            "roe_4q": 2.38,
            "gross_profit": 143621,
            "gross_margin": 15.38,
            "gross_margin_4q_avg": 11.99,
            "net_income": 40384,
            "revenue": 933599,
            "common_shares": 1736171,
            "book_valuer_per_share": 11.14,
            "book_valuer_per_share_4q_avg": 10.8,
            "equity": 2370244,
            "current_ratio": 136.35,
            "debt_ratio": 47.09,
            "inventory_turnover_ratio": 1.45,
            "account_receivable_turnover_ratio": 1.37,
            "reinvestment_rate": 76.4,
            "research_to_sale_ratio": 0.24,
            "price_fair": 40.73,
            "eps_avg_yearly": 1.16,
            "eps_latest_yearly": 1.04,
            "eps_growth_yearly": 809.87
        },
        "20163": {
            "year_quarter": 20163,
            "year": 2016,
            "quarter": 3,
            "eps": 0.27,
            "eps_growth_year": null,
            "eps_4q": 0.66,
            "eps_4q_growth_year": null,
            "roe": 2.4,
            "roe_4q": 4.87,
            "gross_profit": 144695,
            "gross_margin": 15.72,
            "gross_margin_4q_avg": 13.78,
            "net_income": 56507,
            "revenue": 920679,
            "common_shares": 1736171,
            "book_valuer_per_share": 11,
            "book_valuer_per_share_4q_avg": 10.94,
            "equity": 2335182,
            "current_ratio": 125.32,
            "debt_ratio": 47.24,
            "inventory_turnover_ratio": 1.36,
            "account_receivable_turnover_ratio": 1.25,
            "reinvestment_rate": 70.48,
            "research_to_sale_ratio": 0.21,
            "price_fair": 37.16,
            "eps_avg_yearly": 1.06,
            "eps_latest_yearly": 1.08,
            "eps_growth_yearly": 180.97
        },
        "20164": {
            "year_quarter": 20164,
            "year": 2016,
            "quarter": 4,
            "eps": 0.45,
            "eps_growth_year": 578.53,
            "eps_4q": 1.04,
            "eps_4q_growth_year": 1690.01,
            "roe": 3.73,
            "roe_4q": 8.07,
            "gross_profit": 171350,
            "gross_margin": 19.92,
            "gross_margin_4q_avg": 15.95,
            "net_income": 88115,
            "revenue": 860349,
            "common_shares": 1736171,
            "book_valuer_per_share": 11.24,
            "book_valuer_per_share_4q_avg": 11.1,
            "equity": 2388703,
            "current_ratio": 168.14,
            "debt_ratio": 45.44,
            "inventory_turnover_ratio": 1.31,
            "account_receivable_turnover_ratio": 1.16,
            "reinvestment_rate": 31.85,
            "research_to_sale_ratio": 0.33,
            "price_fair": 39.2,
            "eps_avg_yearly": 1.12,
            "eps_latest_yearly": 1.8,
            "eps_growth_yearly": 222.4
        },
        "20171": {
            "year_quarter": 20171,
            "year": 2017,
            "quarter": 1,
            "eps": 0.46,
            "eps_growth_year": 666.67,
            "eps_4q": 1.44,
            "eps_4q_growth_year": 953.85,
            "roe": 3.98,
            "roe_4q": 11.82,
            "gross_profit": 192218,
            "gross_margin": 22.84,
            "gross_margin_4q_avg": 18.47,
            "net_income": 95485,
            "revenue": 841580,
            "common_shares": 1736171,
            "book_valuer_per_share": 11.29,
            "book_valuer_per_share_4q_avg": 11.17,
            "equity": 2407350,
            "current_ratio": 168.1,
            "debt_ratio": 45.81,
            "inventory_turnover_ratio": 1.31,
            "account_receivable_turnover_ratio": 1.2,
            "reinvestment_rate": 25.08,
            "research_to_sale_ratio": 0.22,
            "price_fair": 39.84,
            "eps_avg_yearly": 1.14,
            "eps_latest_yearly": 1.84,
            "eps_growth_yearly": 208.16
        },
        "20172": {
            "year_quarter": 20172,
            "year": 2017,
            "quarter": 2,
            "eps": 0.11,
            "eps_growth_year": -57.69,
            "eps_4q": 1.29,
            "eps_4q_growth_year": 276.11,
            "roe": 1.35,
            "roe_4q": 11.46,
            "gross_profit": 160581,
            "gross_margin": 19.43,
            "gross_margin_4q_avg": 19.48,
            "net_income": 32997,
            "revenue": 826611,
            "common_shares": 1736171,
            "book_valuer_per_share": 11.57,
            "book_valuer_per_share_4q_avg": 11.28,
            "equity": 2472154,
            "current_ratio": 208.46,
            "debt_ratio": 44.94,
            "inventory_turnover_ratio": 1.38,
            "account_receivable_turnover_ratio": 1.23,
            "reinvestment_rate": 33.07,
            "research_to_sale_ratio": 0.2,
            "price_fair": 38.05,
            "eps_avg_yearly": 1.09,
            "eps_latest_yearly": 0.44,
            "eps_growth_yearly": 194.69
        },
        "20173": {
            "year_quarter": 20173,
            "year": 2017,
            "quarter": 3,
            "eps": 0.48,
            "eps_growth_year": 77.78,
            "eps_4q": 1.41,
            "eps_4q_growth_year": 113.32,
            "roe": 3.67,
            "roe_4q": 12.73,
            "gross_profit": 176860,
            "gross_margin": 19.77,
            "gross_margin_4q_avg": 20.49,
            "net_income": 92724,
            "revenue": 894631,
            "common_shares": 1736171,
            "book_valuer_per_share": 11.4,
            "book_valuer_per_share_4q_avg": 11.38,
            "equity": 2585135,
            "current_ratio": 204.47,
            "debt_ratio": 42.18,
            "inventory_turnover_ratio": 1.52,
            "account_receivable_turnover_ratio": 1.28,
            "reinvestment_rate": 46.09,
            "research_to_sale_ratio": 0.2,
            "price_fair": 34.36,
            "eps_avg_yearly": 0.98,
            "eps_latest_yearly": 1.92,
            "eps_growth_yearly": 241.36
        },
        "20174": {
            "year_quarter": 20174,
            "year": 2017,
            "quarter": 4,
            "eps": 0.19,
            "eps_growth_year": -58.56,
            "eps_4q": 1.23,
            "eps_4q_growth_year": 18.15,
            "roe": 1.55,
            "roe_4q": 10.55,
            "gross_profit": 142651,
            "gross_margin": 17.9,
            "gross_margin_4q_avg": 19.99,
            "net_income": 40522,
            "revenue": 796995,
            "common_shares": 1701521,
            "book_valuer_per_share": 12.37,
            "book_valuer_per_share_4q_avg": 11.66,
            "equity": 2639145,
            "current_ratio": 204.06,
            "debt_ratio": 41.85,
            "inventory_turnover_ratio": 1.19,
            "account_receivable_turnover_ratio": 1.17,
            "reinvestment_rate": 21.61,
            "research_to_sale_ratio": 0.24,
            "price_fair": 35.64,
            "eps_avg_yearly": 1.02,
            "eps_latest_yearly": 0.76,
            "eps_growth_yearly": 251.51
        },
        "20181": {
            "year_quarter": 20181,
            "year": 2018,
            "quarter": 1,
            "eps": 0.17,
            "eps_growth_year": -63.04,
            "eps_4q": 0.94,
            "eps_4q_growth_year": -34.65,
            "roe": 1.33,
            "roe_4q": 7.9,
            "gross_profit": 137174,
            "gross_margin": 14.87,
            "gross_margin_4q_avg": 17.99,
            "net_income": 35469,
            "revenue": 922287,
            "common_shares": 1701521,
            "book_valuer_per_share": 12.55,
            "book_valuer_per_share_4q_avg": 11.97,
            "equity": 2689316,
            "current_ratio": 182.41,
            "debt_ratio": 41.63,
            "inventory_turnover_ratio": 1.29,
            "account_receivable_turnover_ratio": 1.34,
            "reinvestment_rate": 20.16,
            "research_to_sale_ratio": 0.19,
            "price_fair": 36.27,
            "eps_avg_yearly": 1.04,
            "eps_latest_yearly": 0.68,
            "eps_growth_yearly": 235.56
        },
        "20182": {
            "year_quarter": 20182,
            "year": 2018,
            "quarter": 2,
            "eps": 0.2,
            "eps_growth_year": 81.82,
            "eps_4q": 1.01,
            "eps_4q_growth_year": -21.37,
            "roe": 1.59,
            "roe_4q": 8.14,
            "gross_profit": 118971,
            "gross_margin": 12.8,
            "gross_margin_4q_avg": 16.34,
            "net_income": 41946,
            "revenue": 929697,
            "common_shares": 1701521,
            "book_valuer_per_share": 11.95,
            "book_valuer_per_share_4q_avg": 12.07,
            "equity": 2587052,
            "current_ratio": 154.86,
            "debt_ratio": 43.88,
            "inventory_turnover_ratio": 1.41,
            "account_receivable_turnover_ratio": 1.23,
            "reinvestment_rate": 16.68,
            "research_to_sale_ratio": 0.2,
            "price_fair": 36.27,
            "eps_avg_yearly": 1.04,
            "eps_latest_yearly": 0.8,
            "eps_growth_yearly": 217.73
        },
        "20183": {
            "year_quarter": 20183,
            "year": 2018,
            "quarter": 3,
            "eps": 0.41,
            "eps_growth_year": -14.58,
            "eps_4q": 0.95,
            "eps_4q_growth_year": -32.41,
            "roe": 3,
            "roe_4q": 7.47,
            "gross_profit": 123292,
            "gross_margin": 12.05,
            "gross_margin_4q_avg": 14.41,
            "net_income": 78878,
            "revenue": 1022797,
            "common_shares": 1692606,
            "book_valuer_per_share": 12.02,
            "book_valuer_per_share_4q_avg": 12.22,
            "equity": 2676373,
            "current_ratio": 174.27,
            "debt_ratio": 42.89,
            "inventory_turnover_ratio": 1.68,
            "account_receivable_turnover_ratio": 1.28,
            "reinvestment_rate": 17.31,
            "research_to_sale_ratio": 0.18,
            "price_fair": 38.95,
            "eps_avg_yearly": 1.11,
            "eps_latest_yearly": 1.64,
            "eps_growth_yearly": 255.91
        },
        "20184": {
            "year_quarter": 20184,
            "year": 2018,
            "quarter": 4,
            "eps": -0.03,
            "eps_growth_year": -113.4,
            "eps_4q": 0.75,
            "eps_4q_growth_year": -39.62,
            "roe": -0.21,
            "roe_4q": 5.71,
            "gross_profit": 64162,
            "gross_margin": 7.15,
            "gross_margin_4q_avg": 11.72,
            "net_income": -5549,
            "revenue": 897310,
            "common_shares": 1662776,
            "book_valuer_per_share": 12.12,
            "book_valuer_per_share_4q_avg": 12.16,
            "equity": 2614843,
            "current_ratio": 164.85,
            "debt_ratio": 46.61,
            "inventory_turnover_ratio": 1.41,
            "account_receivable_turnover_ratio": 1.08,
            "reinvestment_rate": 100.27,
            "research_to_sale_ratio": 0.24,
            "price_fair": 38.95,
            "eps_avg_yearly": 1.11,
            "eps_latest_yearly": 1.64,
            "eps_growth_yearly": 255.91
        },
        "20191": {
            "year_quarter": 20191,
            "year": 2019,
            "quarter": 1,
            "eps": 0.12,
            "eps_growth_year": -29.41,
            "eps_4q": 0.69,
            "eps_4q_growth_year": -26.4,
            "roe": 1.52,
            "roe_4q": 5.9,
            "gross_profit": 94422,
            "gross_margin": 9.79,
            "gross_margin_4q_avg": 10.45,
            "net_income": 40295,
            "revenue": 964616,
            "common_shares": 1662776,
            "book_valuer_per_share": 12.42,
            "book_valuer_per_share_4q_avg": 12.13,
            "equity": 2697614,
            "current_ratio": 163.42,
            "debt_ratio": 47.63,
            "inventory_turnover_ratio": 1.35,
            "account_receivable_turnover_ratio": 1.11,
            "reinvestment_rate": 106.63,
            "research_to_sale_ratio": 0.2,
            "price_fair": 38.95,
            "eps_avg_yearly": 1.11,
            "eps_latest_yearly": 1.64,
            "eps_growth_yearly": 255.91
        },
        "20192": {
            "year_quarter": 20192,
            "year": 2019,
            "quarter": 2,
            "eps": 0.04,
            "eps_growth_year": -80,
            "eps_4q": 0.52,
            "eps_4q_growth_year": -48.88,
            "roe": 0.49,
            "roe_4q": 4.8,
            "gross_profit": 100279,
            "gross_margin": 9.71,
            "gross_margin_4q_avg": 9.68,
            "net_income": 13396,
            "revenue": 1033096,
            "common_shares": 1662776,
            "book_valuer_per_share": 12.38,
            "book_valuer_per_share_4q_avg": 12.24,
            "equity": 2719539,
            "current_ratio": 150.51,
            "debt_ratio": 47.59,
            "inventory_turnover_ratio": 1.39,
            "account_receivable_turnover_ratio": 1.11,
            "reinvestment_rate": 105.09,
            "research_to_sale_ratio": 0.17,
            "price_fair": 36.17,
            "eps_avg_yearly": 1.03,
            "eps_latest_yearly": 0.16,
            "eps_growth_yearly": 212.37
        },
        "20193": {
            "year_quarter": 20193,
            "year": 2019,
            "quarter": 3,
            "eps": 0.09,
            "eps_growth_year": -78.05,
            "eps_4q": 0.22,
            "eps_4q_growth_year": -77.39,
            "roe": 0.88,
            "roe_4q": 2.68,
            "gross_profit": 109001,
            "gross_margin": 10.32,
            "gross_margin_4q_avg": 9.24,
            "net_income": 23978,
            "revenue": 1056693,
            "common_shares": 1729287,
            "book_valuer_per_share": 11.89,
            "book_valuer_per_share_4q_avg": 12.2,
            "equity": 2729166,
            "current_ratio": 166.78,
            "debt_ratio": 46.58,
            "inventory_turnover_ratio": 1.42,
            "account_receivable_turnover_ratio": 1.08,
            "reinvestment_rate": 112.75,
            "research_to_sale_ratio": 0.19,
            "price_fair": 34.35,
            "eps_avg_yearly": 0.98,
            "eps_latest_yearly": 0.36,
            "eps_growth_yearly": 234.49
        },
        "20194": {
            "year_quarter": 20194,
            "year": 2019,
            "quarter": 4,
            "eps": 0.15,
            "eps_growth_year": null,
            "eps_4q": 0.39,
            "eps_4q_growth_year": -48.25,
            "roe": 1.58,
            "roe_4q": 4.470000000000001,
            "gross_profit": 121623,
            "gross_margin": 11.53,
            "gross_margin_4q_avg": 10.34,
            "net_income": 43389,
            "revenue": 1054688,
            "common_shares": 1729287,
            "book_valuer_per_share": 11.91,
            "book_valuer_per_share_4q_avg": 12.15,
            "equity": 2746692,
            "current_ratio": 162.45,
            "debt_ratio": 45.55,
            "inventory_turnover_ratio": 1.47,
            "account_receivable_turnover_ratio": 1.09,
            "reinvestment_rate": 112.63,
            "research_to_sale_ratio": 0.21,
            "price_fair": 33.4,
            "eps_avg_yearly": 0.95,
            "eps_latest_yearly": 0.6,
            "eps_growth_yearly": 236.79
        },
        "20201": {
            "year_quarter": 20201,
            "year": 2020,
            "quarter": 1,
            "eps": 0.33,
            "eps_growth_year": 175,
            "eps_4q": 0.61,
            "eps_4q_growth_year": -12.11,
            "roe": 2.85,
            "roe_4q": 5.8,
            "gross_profit": 167054,
            "gross_margin": 16.59,
            "gross_margin_4q_avg": 12.04,
            "net_income": 77335,
            "revenue": 1006968,
            "common_shares": 1729287,
            "book_valuer_per_share": 11.81,
            "book_valuer_per_share_4q_avg": 12,
            "equity": 2670978,
            "current_ratio": 163.81,
            "debt_ratio": 44.92,
            "inventory_turnover_ratio": 1.41,
            "account_receivable_turnover_ratio": 1.09,
            "reinvestment_rate": 79.53,
            "research_to_sale_ratio": 0.21,
            "price_fair": 36.1,
            "eps_avg_yearly": 1.03,
            "eps_latest_yearly": 1.32,
            "eps_growth_yearly": 275.16
        },
        "20202": {
            "year_quarter": 20202,
            "year": 2020,
            "quarter": 2,
            "eps": 0.2,
            "eps_growth_year": 400,
            "eps_4q": 0.81,
            "eps_4q_growth_year": 57.65,
            "roe": 1.81,
            "roe_4q": 7.12,
            "gross_profit": 130277,
            "gross_margin": 14.3,
            "gross_margin_4q_avg": 13.19,
            "net_income": 47783,
            "revenue": 911250,
            "common_shares": 1729287,
            "book_valuer_per_share": 11.82,
            "book_valuer_per_share_4q_avg": 11.86,
            "equity": 2606315,
            "current_ratio": 137.85,
            "debt_ratio": 48.17,
            "inventory_turnover_ratio": 1.34,
            "account_receivable_turnover_ratio": 1.04,
            "reinvestment_rate": 81.36,
            "research_to_sale_ratio": 0.18,
            "price_fair": 35.5,
            "eps_avg_yearly": 1.01,
            "eps_latest_yearly": 0.8,
            "eps_growth_yearly": 168.66
        },
        "20203": {
            "year_quarter": 20203,
            "year": 2020,
            "quarter": 3,
            "eps": 0.3,
            "eps_growth_year": 233.33,
            "eps_4q": 1.02,
            "eps_4q_growth_year": 374.47,
            "roe": 2.36,
            "roe_4q": 8.6,
            "gross_profit": 153031,
            "gross_margin": 15.18,
            "gross_margin_4q_avg": 14.4,
            "net_income": 61626,
            "revenue": 1007909,
            "common_shares": 1620907,
            "book_valuer_per_share": 12.06,
            "book_valuer_per_share_4q_avg": 11.9,
            "equity": 2611427,
            "current_ratio": 130.16,
            "debt_ratio": 47.9,
            "inventory_turnover_ratio": 1.52,
            "account_receivable_turnover_ratio": 1.14,
            "reinvestment_rate": 80.68,
            "research_to_sale_ratio": 0.18,
            "price_fair": 35.8,
            "eps_avg_yearly": 1.02,
            "eps_latest_yearly": 1.2,
            "eps_growth_yearly": 181.85
        },
        "20204": {
            "year_quarter": 20204,
            "year": 2020,
            "quarter": 4,
            "eps": 0.07,
            "eps_growth_year": -52.45,
            "eps_4q": 0.94,
            "eps_4q_growth_year": 142.46,
            "roe": 1.21,
            "roe_4q": 8.23,
            "gross_profit": 126904,
            "gross_margin": 13.07,
            "gross_margin_4q_avg": 14.79,
            "net_income": 32215,
            "revenue": 971215,
            "common_shares": 1620907,
            "book_valuer_per_share": 12.28,
            "book_valuer_per_share_4q_avg": 11.99,
            "equity": 2714670,
            "current_ratio": 157.04,
            "debt_ratio": 47.68,
            "inventory_turnover_ratio": 1.53,
            "account_receivable_turnover_ratio": 1.07,
            "reinvestment_rate": 102.09,
            "research_to_sale_ratio": 0.31,
            "price_fair": 32,
            "eps_avg_yearly": 0.91,
            "eps_latest_yearly": 0.28,
            "eps_growth_yearly": 140.9
        },
        "20211": {
            "year_quarter": 20211,
            "year": 2021,
            "quarter": 1,
            "eps": 0.43,
            "eps_growth_year": 30.3,
            "eps_4q": 1.01,
            "eps_4q_growth_year": 65.06,
            "roe": 3.25,
            "roe_4q": 8.63,
            "gross_profit": 172579,
            "gross_margin": 15.99,
            "gross_margin_4q_avg": 14.64,
            "net_income": 88500,
            "revenue": 1079175,
            "common_shares": 1620907,
            "book_valuer_per_share": 12.39,
            "book_valuer_per_share_4q_avg": 12.14,
            "equity": 2726341,
            "current_ratio": 166.7,
            "debt_ratio": 50.67,
            "inventory_turnover_ratio": 1.63,
            "account_receivable_turnover_ratio": 1.15,
            "reinvestment_rate": 136.22,
            "research_to_sale_ratio": 0.19,
            "price_fair": 31.7,
            "eps_avg_yearly": 0.91,
            "eps_latest_yearly": 1.72,
            "eps_growth_yearly": 287.2
        },
        "20212": {
            "year_quarter": 20212,
            "year": 2021,
            "quarter": 2,
            "eps": 0.28,
            "eps_growth_year": 40,
            "eps_4q": 1.08,
            "eps_4q_growth_year": 32.4,
            "roe": 2.31,
            "roe_4q": 9.13,
            "gross_profit": 138262,
            "gross_margin": 13.68,
            "gross_margin_4q_avg": 14.48,
            "net_income": 61510,
            "revenue": 1010973,
            "common_shares": 1620907,
            "book_valuer_per_share": 11.72,
            "book_valuer_per_share_4q_avg": 12.11,
            "equity": 2607850,
            "current_ratio": 158.14,
            "debt_ratio": 51.61,
            "inventory_turnover_ratio": 1.46,
            "account_receivable_turnover_ratio": 1.05,
            "reinvestment_rate": 110.01,
            "research_to_sale_ratio": 0.2,
            "price_fair": 33.4,
            "eps_avg_yearly": 0.95,
            "eps_latest_yearly": 1.12,
            "eps_growth_yearly": 298.97
        },
        "20213": {
            "year_quarter": 20213,
            "year": 2021,
            "quarter": 3,
            "eps": 0.14,
            "eps_growth_year": -53.33,
            "eps_4q": 0.92,
            "eps_4q_growth_year": -10.12,
            "roe": 1.32,
            "roe_4q": 8.09,
            "gross_profit": 153810,
            "gross_margin": 13.37,
            "gross_margin_4q_avg": 14.03,
            "net_income": 34063,
            "revenue": 1150211,
            "common_shares": 1620907,
            "book_valuer_per_share": 11.57,
            "book_valuer_per_share_4q_avg": 11.99,
            "equity": 2563754,
            "current_ratio": 173.04,
            "debt_ratio": 50.05,
            "inventory_turnover_ratio": 1.66,
            "account_receivable_turnover_ratio": 1.2,
            "reinvestment_rate": 56.71,
            "research_to_sale_ratio": 0.16,
            "price_fair": 30,
            "eps_avg_yearly": 0.86,
            "eps_latest_yearly": 0.56,
            "eps_growth_yearly": 188.58
        },
        "20214": {
            "year_quarter": 20214,
            "year": 2021,
            "quarter": 4,
            "eps": 1.4,
            "eps_growth_year": 1911.44,
            "eps_4q": 2.25,
            "eps_4q_growth_year": 140.39,
            "roe": 13.84,
            "roe_4q": 20.72,
            "gross_profit": 137938,
            "gross_margin": 12.04,
            "gross_margin_4q_avg": 13.77,
            "net_income": 379429,
            "revenue": 1145189,
            "common_shares": 1620907,
            "book_valuer_per_share": 13.01,
            "book_valuer_per_share_4q_avg": 12.17,
            "equity": 2919970,
            "current_ratio": 226.8,
            "debt_ratio": 44.88,
            "inventory_turnover_ratio": 1.86,
            "account_receivable_turnover_ratio": 1.15,
            "reinvestment_rate": 48.17,
            "research_to_sale_ratio": 0.22,
            "price_fair": 42.1,
            "eps_avg_yearly": 1.2,
            "eps_latest_yearly": 5.6,
            "eps_growth_yearly": 462.99
        },
        "20221": {
            "year_quarter": 20221,
            "year": 2022,
            "quarter": 1,
            "eps": 0.4,
            "eps_growth_year": -6.98,
            "eps_4q": 2.22,
            "eps_4q_growth_year": 120.15,
            "roe": 2.62,
            "roe_4q": 20.09,
            "gross_profit": 177309,
            "gross_margin": 15.14,
            "gross_margin_4q_avg": 13.56,
            "net_income": 77509,
            "revenue": 1171232,
            "common_shares": 1620907,
            "book_valuer_per_share": 13.2,
            "book_valuer_per_share_4q_avg": 12.38,
            "equity": 2988090,
            "current_ratio": 201.25,
            "debt_ratio": 45.46,
            "inventory_turnover_ratio": 1.8,
            "account_receivable_turnover_ratio": 1.16,
            "reinvestment_rate": 45.87,
            "research_to_sale_ratio": 0.19,
            "price_fair": 44.4,
            "eps_avg_yearly": 1.27,
            "eps_latest_yearly": 1.6,
            "eps_growth_yearly": 445.59
        },
        "20222": {
            "year_quarter": 20222,
            "year": 2022,
            "quarter": 2,
            "eps": 0.18,
            "eps_growth_year": -35.71,
            "eps_4q": 1.95,
            "eps_4q_growth_year": 80.91,
            "roe": 1.65,
            "roe_4q": 19.43,
            "gross_profit": 143739,
            "gross_margin": 11.2,
            "gross_margin_4q_avg": 12.94,
            "net_income": 49263,
            "revenue": 1283415,
            "common_shares": 1620907,
            "book_valuer_per_share": 13.21,
            "book_valuer_per_share_4q_avg": 12.75,
            "equity": 2987280,
            "current_ratio": 204.07,
            "debt_ratio": 46,
            "inventory_turnover_ratio": 1.97,
            "account_receivable_turnover_ratio": 1.2,
            "reinvestment_rate": 44.03,
            "research_to_sale_ratio": 0.18,
            "price_fair": 44.2,
            "eps_avg_yearly": 1.26,
            "eps_latest_yearly": 0.72,
            "eps_growth_yearly": 424.83
        },
        "20223": {
            "year_quarter": 20223,
            "year": 2022,
            "quarter": 3,
            "eps": 0.22,
            "eps_growth_year": 57.14,
            "eps_4q": 2.04,
            "eps_4q_growth_year": 122.18,
            "roe": 1.9,
            "roe_4q": 20.009999999999998,
            "gross_profit": 148876,
            "gross_margin": 11.49,
            "gross_margin_4q_avg": 12.47,
            "net_income": 57448,
            "revenue": 1295162,
            "common_shares": 1758684,
            "book_valuer_per_share": 12.45,
            "book_valuer_per_share_4q_avg": 12.97,
            "equity": 3054031,
            "current_ratio": 187.2,
            "debt_ratio": 44.27,
            "inventory_turnover_ratio": 1.77,
            "account_receivable_turnover_ratio": 1.13,
            "reinvestment_rate": 44.74,
            "research_to_sale_ratio": 0.17,
            "price_fair": 42.3,
            "eps_avg_yearly": 1.21,
            "eps_latest_yearly": 0.88,
            "eps_growth_yearly": 401.18
        },
        "20224": {
            "year_quarter": 20224,
            "year": 2022,
            "quarter": 4,
            "eps": 0.04,
            "eps_growth_year": -97.2,
            "eps_4q": 0.79,
            "eps_4q_growth_year": -64.87,
            "roe": 0.23,
            "roe_4q": 6.4,
            "gross_profit": 165669,
            "gross_margin": 12.8,
            "gross_margin_4q_avg": 12.66,
            "net_income": 7174,
            "revenue": 1294641,
            "common_shares": 1758684,
            "book_valuer_per_share": 12.83,
            "book_valuer_per_share_4q_avg": 12.92,
            "equity": 3163923,
            "current_ratio": 220.34,
            "debt_ratio": 44,
            "inventory_turnover_ratio": 1.6,
            "account_receivable_turnover_ratio": 1.11,
            "reinvestment_rate": -11.97,
            "research_to_sale_ratio": 0.16,
            "price_fair": 39.85,
            "eps_avg_yearly": 1.14,
            "eps_latest_yearly": 0.16,
            "eps_growth_yearly": 352.62
        },
        "20231": {
            "year_quarter": 20231,
            "year": 2023,
            "quarter": 1,
            "eps": 0.36,
            "eps_growth_year": -10,
            "eps_4q": 0.78,
            "eps_4q_growth_year": -64.67,
            "roe": 2.49,
            "roe_4q": 6.27,
            "gross_profit": 190425,
            "gross_margin": 14.83,
            "gross_margin_4q_avg": 12.58,
            "net_income": 79081,
            "revenue": 1284073,
            "common_shares": 1758684,
            "book_valuer_per_share": 12.88,
            "book_valuer_per_share_4q_avg": 12.84,
            "equity": 3189344,
            "current_ratio": 221.67,
            "debt_ratio": 43.86,
            "inventory_turnover_ratio": 1.51,
            "account_receivable_turnover_ratio": 1.1,
            "reinvestment_rate": -9.14,
            "research_to_sale_ratio": 0.16,
            "price_fair": 40.51,
            "eps_avg_yearly": 1.16,
            "eps_latest_yearly": 1.44,
            "eps_growth_yearly": 530.58
        }
    },
    "months": {
        "2001-06": {
            "month": "2001-06",
            "price": "14.53",
            "revenue": 64854
        },
        "2001-07": {
            "month": "2001-07",
            "price": "13.58",
            "revenue": 68503
        },
        "2001-08": {
            "month": "2001-08",
            "price": "14.09",
            "revenue": 74003
        },
        "2001-09": {
            "month": "2001-09",
            "price": "15.10",
            "revenue": 56577
        },
        "2001-10": {
            "month": "2001-10",
            "price": "13.50",
            "revenue": 50700
        },
        "2001-11": {
            "month": "2001-11",
            "price": "13.53",
            "revenue": 46985
        },
        "2001-12": {
            "month": "2001-12",
            "price": "14.37",
            "revenue": 44528
        },
        "2002-01": {
            "month": "2002-01",
            "price": "14.48",
            "revenue": 50153
        },
        "2002-02": {
            "month": "2002-02",
            "price": "14.36",
            "revenue": 44155
        },
        "2002-03": {
            "month": "2002-03",
            "price": "15.20",
            "revenue": 59355
        },
        "2002-04": {
            "month": "2002-04",
            "price": "15.10",
            "revenue": 66083
        },
        "2002-05": {
            "month": "2002-05",
            "price": "14.55",
            "revenue": 66226
        },
        "2002-06": {
            "month": "2002-06",
            "price": "13.28",
            "revenue": 64262
        },
        "2002-07": {
            "month": "2002-07",
            "price": "13.20",
            "revenue": 72017
        },
        "2002-08": {
            "month": "2002-08",
            "price": "12.06",
            "revenue": 71992
        },
        "2002-09": {
            "month": "2002-09",
            "price": "10.78",
            "revenue": 59573
        },
        "2002-10": {
            "month": "2002-10",
            "price": "10.80",
            "revenue": 54891
        },
        "2002-11": {
            "month": "2002-11",
            "price": "10.81",
            "revenue": 48090
        },
        "2002-12": {
            "month": "2002-12",
            "price": "11.02",
            "revenue": 47634
        },
        "2003-01": {
            "month": "2003-01",
            "price": "11.43",
            "revenue": 54410
        },
        "2003-02": {
            "month": "2003-02",
            "price": "11.14",
            "revenue": 42007
        },
        "2003-03": {
            "month": "2003-03",
            "price": "10.81",
            "revenue": 52386
        },
        "2003-04": {
            "month": "2003-04",
            "price": "10.64",
            "revenue": 56023
        },
        "2003-05": {
            "month": "2003-05",
            "price": "10.48",
            "revenue": 65687
        },
        "2003-06": {
            "month": "2003-06",
            "price": "10.76",
            "revenue": 63107
        },
        "2003-07": {
            "month": "2003-07",
            "price": "11.00",
            "revenue": 73579
        },
        "2003-08": {
            "month": "2003-08",
            "price": "10.56",
            "revenue": 74741
        },
        "2003-09": {
            "month": "2003-09",
            "price": "10.30",
            "revenue": 59241
        },
        "2003-10": {
            "month": "2003-10",
            "price": "10.60",
            "revenue": 56424
        },
        "2003-11": {
            "month": "2003-11",
            "price": "10.81",
            "revenue": 51911
        },
        "2003-12": {
            "month": "2003-12",
            "price": "11.09",
            "revenue": 53473
        },
        "2004-01": {
            "month": "2004-01",
            "price": "12.02",
            "revenue": 46457
        },
        "2004-02": {
            "month": "2004-02",
            "price": "13.49",
            "revenue": 41351
        },
        "2004-03": {
            "month": "2004-03",
            "price": "12.45",
            "revenue": 52943
        },
        "2004-04": {
            "month": "2004-04",
            "price": "12.36",
            "revenue": 66819
        },
        "2004-05": {
            "month": "2004-05",
            "price": "12.18",
            "revenue": 70915
        },
        "2004-06": {
            "month": "2004-06",
            "price": "12.22",
            "revenue": 71812
        },
        "2004-07": {
            "month": "2004-07",
            "price": "13.06",
            "revenue": 78539
        },
        "2004-08": {
            "month": "2004-08",
            "price": "11.56",
            "revenue": 78647
        },
        "2004-09": {
            "month": "2004-09",
            "price": "10.74",
            "revenue": 73366
        },
        "2004-10": {
            "month": "2004-10",
            "price": "10.46",
            "revenue": 54281
        },
        "2004-11": {
            "month": "2004-11",
            "price": "10.50",
            "revenue": 57001
        },
        "2004-12": {
            "month": "2004-12",
            "price": "10.61",
            "revenue": 53615
        },
        "2005-01": {
            "month": "2005-01",
            "price": "10.22",
            "revenue": 56655
        },
        "2005-02": {
            "month": "2005-02",
            "price": "9.91",
            "revenue": 48982
        },
        "2005-03": {
            "month": "2005-03",
            "price": "9.52",
            "revenue": 57679
        },
        "2005-04": {
            "month": "2005-04",
            "price": "9.63",
            "revenue": 63744
        },
        "2005-05": {
            "month": "2005-05",
            "price": "9.41",
            "revenue": 74889
        },
        "2005-06": {
            "month": "2005-06",
            "price": "8.97",
            "revenue": 75508
        },
        "2005-07": {
            "month": "2005-07",
            "price": "8.86",
            "revenue": 80982
        },
        "2005-08": {
            "month": "2005-08",
            "price": "8.43",
            "revenue": 88601
        },
        "2005-09": {
            "month": "2005-09",
            "price": "8.20",
            "revenue": 70279
        },
        "2005-10": {
            "month": "2005-10",
            "price": "8.06",
            "revenue": 57922
        },
        "2005-11": {
            "month": "2005-11",
            "price": "7.91",
            "revenue": 65387
        },
        "2005-12": {
            "month": "2005-12",
            "price": "7.63",
            "revenue": 64286
        },
        "2006-01": {
            "month": "2006-01",
            "price": "7.71",
            "revenue": 60658
        },
        "2006-02": {
            "month": "2006-02",
            "price": "7.84",
            "revenue": 48125
        },
        "2006-03": {
            "month": "2006-03",
            "price": "8.24",
            "revenue": 63323
        },
        "2006-04": {
            "month": "2006-04",
            "price": "8.88",
            "revenue": 61054
        },
        "2006-05": {
            "month": "2006-05",
            "price": "9.41",
            "revenue": 75856
        },
        "2006-06": {
            "month": "2006-06",
            "price": "8.95",
            "revenue": 83711
        },
        "2006-07": {
            "month": "2006-07",
            "price": "8.68",
            "revenue": 94198
        },
        "2006-08": {
            "month": "2006-08",
            "price": "8.77",
            "revenue": 90997
        },
        "2006-09": {
            "month": "2006-09",
            "price": "8.92",
            "revenue": 76133
        },
        "2006-10": {
            "month": "2006-10",
            "price": "9.34",
            "revenue": 87834
        },
        "2006-11": {
            "month": "2006-11",
            "price": "9.64",
            "revenue": 71169
        },
        "2006-12": {
            "month": "2006-12",
            "price": "10.01",
            "revenue": 75659
        },
        "2007-01": {
            "month": "2007-01",
            "price": "10.62",
            "revenue": 122417
        },
        "2007-02": {
            "month": "2007-02",
            "price": "10.82",
            "revenue": 57721
        },
        "2007-03": {
            "month": "2007-03",
            "price": "11.66",
            "revenue": 76773
        },
        "2007-04": {
            "month": "2007-04",
            "price": "12.24",
            "revenue": 74208
        },
        "2007-05": {
            "month": "2007-05",
            "price": "12.64",
            "revenue": 91108
        },
        "2007-06": {
            "month": "2007-06",
            "price": "12.48",
            "revenue": 99492
        },
        "2007-07": {
            "month": "2007-07",
            "price": "13.38",
            "revenue": 110115
        },
        "2007-08": {
            "month": "2007-08",
            "price": "11.57",
            "revenue": 100732
        },
        "2007-09": {
            "month": "2007-09",
            "price": "11.44",
            "revenue": 74976
        },
        "2007-10": {
            "month": "2007-10",
            "price": "11.34",
            "revenue": 83869
        },
        "2007-11": {
            "month": "2007-11",
            "price": "10.20",
            "revenue": 79837
        },
        "2007-12": {
            "month": "2007-12",
            "price": "9.39",
            "revenue": 78920
        },
        "2008-01": {
            "month": "2008-01",
            "price": "9.44",
            "revenue": 102513
        },
        "2008-02": {
            "month": "2008-02",
            "price": "9.67",
            "revenue": 63891
        },
        "2008-03": {
            "month": "2008-03",
            "price": "10.12",
            "revenue": 81934
        },
        "2008-04": {
            "month": "2008-04",
            "price": "10.65",
            "revenue": 100823
        },
        "2008-05": {
            "month": "2008-05",
            "price": "10.99",
            "revenue": 93497
        },
        "2008-06": {
            "month": "2008-06",
            "price": "9.90",
            "revenue": 92160
        },
        "2008-07": {
            "month": "2008-07",
            "price": "8.47",
            "revenue": 112716
        },
        "2008-08": {
            "month": "2008-08",
            "price": "8.49",
            "revenue": 114582
        },
        "2008-09": {
            "month": "2008-09",
            "price": "7.42",
            "revenue": 119282
        },
        "2008-10": {
            "month": "2008-10",
            "price": "6.76",
            "revenue": 90418
        },
        "2008-11": {
            "month": "2008-11",
            "price": "6.17",
            "revenue": 79963
        },
        "2008-12": {
            "month": "2008-12",
            "price": "6.09",
            "revenue": 93353
        },
        "2009-01": {
            "month": "2009-01",
            "price": "6.57",
            "revenue": 71866
        },
        "2009-02": {
            "month": "2009-02",
            "price": "6.30",
            "revenue": 71086
        },
        "2009-03": {
            "month": "2009-03",
            "price": "6.74",
            "revenue": 83033
        },
        "2009-04": {
            "month": "2009-04",
            "price": "7.68",
            "revenue": 88218
        },
        "2009-05": {
            "month": "2009-05",
            "price": "7.61",
            "revenue": 82034
        },
        "2009-06": {
            "month": "2009-06",
            "price": "7.51",
            "revenue": 112913
        },
        "2009-07": {
            "month": "2009-07",
            "price": "8.23",
            "revenue": 114528
        },
        "2009-08": {
            "month": "2009-08",
            "price": "9.71",
            "revenue": 105174
        },
        "2009-09": {
            "month": "2009-09",
            "price": "10.31",
            "revenue": 113238
        },
        "2009-10": {
            "month": "2009-10",
            "price": "9.98",
            "revenue": 96254
        },
        "2009-11": {
            "month": "2009-11",
            "price": "9.56",
            "revenue": 112164
        },
        "2009-12": {
            "month": "2009-12",
            "price": "10.10",
            "revenue": 127997
        },
        "2010-01": {
            "month": "2010-01",
            "price": "11.78",
            "revenue": 106749
        },
        "2010-02": {
            "month": "2010-02",
            "price": "11.14",
            "revenue": 107024
        },
        "2010-03": {
            "month": "2010-03",
            "price": "11.34",
            "revenue": 99731
        },
        "2010-04": {
            "month": "2010-04",
            "price": "11.44",
            "revenue": 103507
        },
        "2010-05": {
            "month": "2010-05",
            "price": "10.74",
            "revenue": 128500
        },
        "2010-06": {
            "month": "2010-06",
            "price": "10.55",
            "revenue": 102685
        },
        "2010-07": {
            "month": "2010-07",
            "price": "11.46",
            "revenue": 137497
        },
        "2010-08": {
            "month": "2010-08",
            "price": "13.38",
            "revenue": 131667
        },
        "2010-09": {
            "month": "2010-09",
            "price": "11.90",
            "revenue": 113639
        },
        "2010-10": {
            "month": "2010-10",
            "price": "13.38",
            "revenue": 123641
        },
        "2010-11": {
            "month": "2010-11",
            "price": "14.14",
            "revenue": 108388
        },
        "2010-12": {
            "month": "2010-12",
            "price": "13.40",
            "revenue": 137446
        },
        "2011-01": {
            "month": "2011-01",
            "price": "13.29",
            "revenue": 114311
        },
        "2011-02": {
            "month": "2011-02",
            "price": "13.15",
            "revenue": 84260
        },
        "2011-03": {
            "month": "2011-03",
            "price": "12.28",
            "revenue": 118409
        },
        "2011-04": {
            "month": "2011-04",
            "price": "12.91",
            "revenue": 116723
        },
        "2011-05": {
            "month": "2011-05",
            "price": "12.51",
            "revenue": 132170
        },
        "2011-06": {
            "month": "2011-06",
            "price": "12.21",
            "revenue": 105490
        },
        "2011-07": {
            "month": "2011-07",
            "price": "12.21",
            "revenue": 112413
        },
        "2011-08": {
            "month": "2011-08",
            "price": "10.87",
            "revenue": 139003
        },
        "2011-09": {
            "month": "2011-09",
            "price": "10.30",
            "revenue": 116655
        },
        "2011-10": {
            "month": "2011-10",
            "price": "9.96",
            "revenue": 120612
        },
        "2011-11": {
            "month": "2011-11",
            "price": "9.76",
            "revenue": 126361
        },
        "2011-12": {
            "month": "2011-12",
            "price": "9.35",
            "revenue": 130344
        },
        "2012-01": {
            "month": "2012-01",
            "price": "9.38",
            "revenue": 103423
        },
        "2012-02": {
            "month": "2012-02",
            "price": "10.08",
            "revenue": 105296
        },
        "2012-03": {
            "month": "2012-03",
            "price": "10.67",
            "revenue": 154411
        },
        "2012-04": {
            "month": "2012-04",
            "price": "11.19",
            "revenue": 136490
        },
        "2012-05": {
            "month": "2012-05",
            "price": "12.71",
            "revenue": 156604
        },
        "2012-06": {
            "month": "2012-06",
            "price": "12.27",
            "revenue": 137778
        },
        "2012-07": {
            "month": "2012-07",
            "price": "13.21",
            "revenue": 150481
        },
        "2012-08": {
            "month": "2012-08",
            "price": "13.60",
            "revenue": 153012
        },
        "2012-09": {
            "month": "2012-09",
            "price": "12.53",
            "revenue": 109867
        },
        "2012-10": {
            "month": "2012-10",
            "price": "12.51",
            "revenue": 119959
        },
        "2012-11": {
            "month": "2012-11",
            "price": "12.95",
            "revenue": 123707
        },
        "2012-12": {
            "month": "2012-12",
            "price": "13.10",
            "revenue": 132565
        },
        "2013-01": {
            "month": "2013-01",
            "price": "13.58",
            "revenue": 364797
        },
        "2013-02": {
            "month": "2013-02",
            "price": "14.24",
            "revenue": 263996
        },
        "2013-03": {
            "month": "2013-03",
            "price": "14.18",
            "revenue": 321235
        },
        "2013-04": {
            "month": "2013-04",
            "price": "15.82",
            "revenue": 320766
        },
        "2013-05": {
            "month": "2013-05",
            "price": "16.90",
            "revenue": 341388
        },
        "2013-06": {
            "month": "2013-06",
            "price": "17.99",
            "revenue": 320636
        },
        "2013-07": {
            "month": "2013-07",
            "price": "20.83",
            "revenue": 346632
        },
        "2013-08": {
            "month": "2013-08",
            "price": "21.09",
            "revenue": 316376
        },
        "2013-09": {
            "month": "2013-09",
            "price": "20.08",
            "revenue": 288589
        },
        "2013-10": {
            "month": "2013-10",
            "price": "21.62",
            "revenue": 292542
        },
        "2013-11": {
            "month": "2013-11",
            "price": "19.79",
            "revenue": 269266
        },
        "2013-12": {
            "month": "2013-12",
            "price": "17.57",
            "revenue": 285010
        },
        "2014-01": {
            "month": "2014-01",
            "price": "17.49",
            "revenue": 273691
        },
        "2014-02": {
            "month": "2014-02",
            "price": "17.54",
            "revenue": 243689
        },
        "2014-03": {
            "month": "2014-03",
            "price": "17.46",
            "revenue": 285781
        },
        "2014-04": {
            "month": "2014-04",
            "price": "17.17",
            "revenue": 311254
        },
        "2014-05": {
            "month": "2014-05",
            "price": "16.28",
            "revenue": 328062
        },
        "2014-06": {
            "month": "2014-06",
            "price": "16.23",
            "revenue": 292199
        },
        "2014-07": {
            "month": "2014-07",
            "price": "15.26",
            "revenue": 287984
        },
        "2014-08": {
            "month": "2014-08",
            "price": "13.12",
            "revenue": 273259
        },
        "2014-09": {
            "month": "2014-09",
            "price": "13.03",
            "revenue": 279376
        },
        "2014-10": {
            "month": "2014-10",
            "price": "12.26",
            "revenue": 252788
        },
        "2014-11": {
            "month": "2014-11",
            "price": "12.39",
            "revenue": 283844
        },
        "2014-12": {
            "month": "2014-12",
            "price": "12.98",
            "revenue": 275648
        },
        "2015-01": {
            "month": "2015-01",
            "price": "12.91",
            "revenue": 284275
        },
        "2015-02": {
            "month": "2015-02",
            "price": "12.51",
            "revenue": 234945
        },
        "2015-03": {
            "month": "2015-03",
            "price": "12.35",
            "revenue": 290159
        },
        "2015-04": {
            "month": "2015-04",
            "price": "11.74",
            "revenue": 285498
        },
        "2015-05": {
            "month": "2015-05",
            "price": "11.27",
            "revenue": 279332
        },
        "2015-06": {
            "month": "2015-06",
            "price": "10.72",
            "revenue": 282402
        },
        "2015-07": {
            "month": "2015-07",
            "price": "11.11",
            "revenue": 276057
        },
        "2015-08": {
            "month": "2015-08",
            "price": "10.01",
            "revenue": 261856
        },
        "2015-09": {
            "month": "2015-09",
            "price": "8.96",
            "revenue": 254555
        },
        "2015-10": {
            "month": "2015-10",
            "price": "9.52",
            "revenue": 256261
        },
        "2015-11": {
            "month": "2015-11",
            "price": "9.89",
            "revenue": 287744
        },
        "2015-12": {
            "month": "2015-12",
            "price": "9.12",
            "revenue": 287907
        },
        "2016-01": {
            "month": "2016-01",
            "price": "9.00",
            "revenue": 286171
        },
        "2016-02": {
            "month": "2016-02",
            "price": "9.24",
            "revenue": 231926
        },
        "2016-03": {
            "month": "2016-03",
            "price": "9.77",
            "revenue": 271375
        },
        "2016-04": {
            "month": "2016-04",
            "price": "9.23",
            "revenue": 289085
        },
        "2016-05": {
            "month": "2016-05",
            "price": "9.15",
            "revenue": 321233
        },
        "2016-06": {
            "month": "2016-06",
            "price": "10.99",
            "revenue": 310230
        },
        "2016-07": {
            "month": "2016-07",
            "price": "11.70",
            "revenue": 301611
        },
        "2016-08": {
            "month": "2016-08",
            "price": "11.39",
            "revenue": 336891
        },
        "2016-09": {
            "month": "2016-09",
            "price": "11.96",
            "revenue": 281499
        },
        "2016-10": {
            "month": "2016-10",
            "price": "12.13",
            "revenue": 293735
        },
        "2016-11": {
            "month": "2016-11",
            "price": "11.57",
            "revenue": 285994
        },
        "2016-12": {
            "month": "2016-12",
            "price": "11.39",
            "revenue": 273502
        },
        "2017-01": {
            "month": "2017-01",
            "price": "11.18",
            "revenue": 282988
        },
        "2017-02": {
            "month": "2017-02",
            "price": "11.47",
            "revenue": 258140
        },
        "2017-03": {
            "month": "2017-03",
            "price": "11.51",
            "revenue": 307779
        },
        "2017-04": {
            "month": "2017-04",
            "price": "12.69",
            "revenue": 258109
        },
        "2017-05": {
            "month": "2017-05",
            "price": "12.59",
            "revenue": 287436
        },
        "2017-06": {
            "month": "2017-06",
            "price": "11.69",
            "revenue": 277721
        },
        "2017-07": {
            "month": "2017-07",
            "price": "11.31",
            "revenue": 296366
        },
        "2017-08": {
            "month": "2017-08",
            "price": "11.21",
            "revenue": 314050
        },
        "2017-09": {
            "month": "2017-09",
            "price": "11.42",
            "revenue": 270133
        },
        "2017-10": {
            "month": "2017-10",
            "price": "11.35",
            "revenue": 252300
        },
        "2017-11": {
            "month": "2017-11",
            "price": "12.30",
            "revenue": 272950
        },
        "2017-12": {
            "month": "2017-12",
            "price": "12.48",
            "revenue": 283151
        },
        "2018-01": {
            "month": "2018-01",
            "price": "13.25",
            "revenue": 337079
        },
        "2018-02": {
            "month": "2018-02",
            "price": "12.89",
            "revenue": 249698
        },
        "2018-03": {
            "month": "2018-03",
            "price": "13.38",
            "revenue": 326019
        },
        "2018-04": {
            "month": "2018-04",
            "price": "13.92",
            "revenue": 298741
        },
        "2018-05": {
            "month": "2018-05",
            "price": "13.88",
            "revenue": 314341
        },
        "2018-06": {
            "month": "2018-06",
            "price": "13.53",
            "revenue": 317790
        },
        "2018-07": {
            "month": "2018-07",
            "price": "13.04",
            "revenue": 353943
        },
        "2018-08": {
            "month": "2018-08",
            "price": "12.83",
            "revenue": 380375
        },
        "2018-09": {
            "month": "2018-09",
            "price": "12.75",
            "revenue": 285866
        },
        "2018-10": {
            "month": "2018-10",
            "price": "12.04",
            "revenue": 329633
        },
        "2018-11": {
            "month": "2018-11",
            "price": "11.82",
            "revenue": 296586
        },
        "2018-12": {
            "month": "2018-12",
            "price": "11.97",
            "revenue": 269770
        },
        "2019-01": {
            "month": "2019-01",
            "price": "11.89",
            "revenue": 370850
        },
        "2019-02": {
            "month": "2019-02",
            "price": "12.07",
            "revenue": 300207
        },
        "2019-03": {
            "month": "2019-03",
            "price": "12.37",
            "revenue": 331290
        },
        "2019-04": {
            "month": "2019-04",
            "price": "11.79",
            "revenue": 328606
        },
        "2019-05": {
            "month": "2019-05",
            "price": "11.61",
            "revenue": 359419
        },
        "2019-06": {
            "month": "2019-06",
            "price": "11.78",
            "revenue": 303652
        },
        "2019-07": {
            "month": "2019-07",
            "price": "11.91",
            "revenue": 373579
        },
        "2019-08": {
            "month": "2019-08",
            "price": "11.12",
            "revenue": 340937
        },
        "2019-09": {
            "month": "2019-09",
            "price": "10.54",
            "revenue": 336738
        },
        "2019-10": {
            "month": "2019-10",
            "price": "10.40",
            "revenue": 373429
        },
        "2019-11": {
            "month": "2019-11",
            "price": "10.14",
            "revenue": 355066
        },
        "2019-12": {
            "month": "2019-12",
            "price": "9.88",
            "revenue": 335484
        },
        "2020-01": {
            "month": "2020-01",
            "price": "9.84",
            "revenue": 300040
        },
        "2020-02": {
            "month": "2020-02",
            "price": "9.47",
            "revenue": 340178
        },
        "2020-03": {
            "month": "2020-03",
            "price": "8.98",
            "revenue": 364361
        },
        "2020-04": {
            "month": "2020-04",
            "price": "10.17",
            "revenue": 305176
        },
        "2020-05": {
            "month": "2020-05",
            "price": "10.88",
            "revenue": 288190
        },
        "2020-06": {
            "month": "2020-06",
            "price": "10.96",
            "revenue": 317574
        },
        "2020-07": {
            "month": "2020-07",
            "price": "11.15",
            "revenue": 328433
        },
        "2020-08": {
            "month": "2020-08",
            "price": "11.35",
            "revenue": 327564
        },
        "2020-09": {
            "month": "2020-09",
            "price": "11.42",
            "revenue": 351236
        },
        "2020-10": {
            "month": "2020-10",
            "price": "11.73",
            "revenue": 328822
        },
        "2020-11": {
            "month": "2020-11",
            "price": "11.84",
            "revenue": 319486
        },
        "2020-12": {
            "month": "2020-12",
            "price": "11.78",
            "revenue": 321603
        },
        "2021-01": {
            "month": "2021-01",
            "price": "11.72",
            "revenue": 352405
        },
        "2021-02": {
            "month": "2021-02",
            "price": "11.88",
            "revenue": 318337
        },
        "2021-03": {
            "month": "2021-03",
            "price": "12.58",
            "revenue": 408057
        },
        "2021-04": {
            "month": "2021-04",
            "price": "13.69",
            "revenue": 327774
        },
        "2021-05": {
            "month": "2021-05",
            "price": "13.26",
            "revenue": 338081
        },
        "2021-06": {
            "month": "2021-06",
            "price": "13.36",
            "revenue": 348323
        },
        "2021-07": {
            "month": "2021-07",
            "price": "13.92",
            "revenue": 375086
        },
        "2021-08": {
            "month": "2021-08",
            "price": "13.11",
            "revenue": 417655
        },
        "2021-09": {
            "month": "2021-09",
            "price": "13.85",
            "revenue": 347728
        },
        "2021-10": {
            "month": "2021-10",
            "price": "14.14",
            "revenue": 361685
        },
        "2021-11": {
            "month": "2021-11",
            "price": "13.84",
            "revenue": 399726
        },
        "2021-12": {
            "month": "2021-12",
            "price": "13.65",
            "revenue": 390158
        },
        "2022-01": {
            "month": "2022-01",
            "price": "13.72",
            "revenue": 412807
        },
        "2022-02": {
            "month": "2022-02",
            "price": "13.95",
            "revenue": 336702
        },
        "2022-03": {
            "month": "2022-03",
            "price": "14.07",
            "revenue": 424697
        },
        "2022-04": {
            "month": "2022-04",
            "price": "15.71",
            "revenue": 434804
        },
        "2022-05": {
            "month": "2022-05",
            "price": "15.37",
            "revenue": 418028
        },
        "2022-06": {
            "month": "2022-06",
            "price": "15.08",
            "revenue": 427443
        },
        "2022-07": {
            "month": "2022-07",
            "price": "13.59",
            "revenue": 442556
        },
        "2022-08": {
            "month": "2022-08",
            "price": "14.17",
            "revenue": 424315
        },
        "2022-09": {
            "month": "2022-09",
            "price": "13.07",
            "revenue": 434460
        },
        "2022-10": {
            "month": "2022-10",
            "price": "12.14",
            "revenue": 410617
        },
        "2022-11": {
            "month": "2022-11",
            "price": "12.68",
            "revenue": 451118
        },
        "2022-12": {
            "month": "2022-12",
            "price": "13.16",
            "revenue": 423818
        },
        "2023-01": {
            "month": "2023-01",
            "price": "13.12",
            "revenue": 406256
        },
        "2023-02": {
            "month": "2023-02",
            "price": "13.50",
            "revenue": 388259
        },
        "2023-03": {
            "month": "2023-03",
            "price": "14.12",
            "revenue": 496839
        },
        "2023-04": {
            "month": "2023-04",
            "price": "15.01",
            "revenue": 405780
        },
        "2023-05": {
            "month": "2023-05",
            "price": "15.03",
            "revenue": 557215
        }
    }
}
